{"gold_per_floor":[119,145,164,184,200,200,231,250,250,293,315,337,349,21,21,98,98,115,130,141,66,77,77,105,118,172,172,172,200,200,214,214,285,285,300,300,43,54,65,65,0,0,0,25,25,25,25,39,39,39,39],"floor_reached":52,"playtime":2359,"items_purged":["Strike_B"],"score":2068,"play_id":"d887ee11-e92c-4905-8bd8-6d53fee3d0a2","local_time":"20190601153243","is_ascension_mode":true,"campfire_choices":[{"data":"Sunder","floor":6.0,"key":"SMITH"},{"data":"Loop","floor":13.0,"key":"SMITH"},{"data":"Fission","floor":15.0,"key":"SMITH"},{"data":"Seek","floor":23.0,"key":"SMITH"},{"data":"Coolheaded","floor":28.0,"key":"SMITH"},{"data":"Seek","floor":30.0,"key":"SMITH"},{"data":"Go for the Eyes","floor":32.0,"key":"SMITH"},{"data":"Defragment","floor":40.0,"key":"SMITH"},{"data":"Biased Cognition","floor":42.0,"key":"SMITH"},{"data":"Hologram","floor":45,"key":"SMITH"},{"floor":47,"key":"RECALL"}],"neow_cost":"NONE","seed_source_timestamp":412824262098,"circlet_count":0,"master_deck":["AscendersBane","Defend_B+1","Defend_B+1","Defend_B+1","Defend_B+1","Zap+1","Dualcast+1","Sunder+1","Go for the Eyes+1","Self Repair+1","Auto Shields+1","Echo Form+1","Undo+1","Fission+1","Loop+1","Seek+1","Darkness+1","Turbo+1","Compile Driver+1","Ball Lightning+1","Coolheaded+1","All For One+1","Necronomicurse","Cold Snap+1","Biased Cognition+1","Hologram+1","Seek+1","Defragment+1","PiercingWail+1","Compile Driver+1","Reinforced Body+1","Double Energy+1"],"special_seed":0,"relics":["Cracked Core","NeowsBlessing","Art of War","Vajra","MawBank","Anchor","Membership Card","DataDisk","Coffee Dripper","Nunchaku","Smiling Mask","Necronomicon","PreservedInsect","Empty Cage","PrismaticShard","Red Mask","Bottled Tornado","Oddly Smooth Stone","Mark of the Bloom"],"potions_floor_usage":[50,51],"damage_taken":[{"damage":0.0,"enemies":"Cultist","floor":1.0,"turns":1.0},{"damage":0.0,"enemies":"Small Slimes","floor":3.0,"turns":1.0},{"damage":0.0,"enemies":"2 Louse","floor":4.0,"turns":1.0},{"damage":13.0,"enemies":"Blue Slaver","floor":5.0,"turns":4.0},{"damage":13.0,"enemies":"3 Sentries","floor":7.0,"turns":5.0},{"damage":9.0,"enemies":"3 Louse","floor":8.0,"turns":2.0},{"damage":8.0,"enemies":"Gremlin Nob","floor":10.0,"turns":3.0},{"damage":4.0,"enemies":"Exordium Thugs","floor":11.0,"turns":7.0},{"damage":0.0,"enemies":"Exordium Wildlife","floor":12.0,"turns":2.0},{"damage":0.0,"enemies":"The Guardian","floor":16.0,"turns":9.0},{"damage":0.0,"enemies":"Shell Parasite","floor":18.0,"turns":6.0},{"damage":0.0,"enemies":"Spheric Guardian","floor":19.0,"turns":3.0},{"damage":29.0,"enemies":"Shelled Parasite and Fungi","floor":20.0,"turns":5.0},{"damage":6.0,"enemies":"Sentry and Sphere","floor":22.0,"turns":5.0},{"damage":27.0,"enemies":"Book of Stabbing","floor":24.0,"turns":5.0},{"damage":3.0,"enemies":"Centurion and Healer","floor":25.0,"turns":4.0},{"damage":0.0,"enemies":"Gremlin Leader","floor":29.0,"turns":6.0},{"damage":0.0,"enemies":"Snecko","floor":31.0,"turns":3.0},{"damage":41.0,"enemies":"Automaton","floor":33.0,"turns":7.0},{"damage":0.0,"enemies":"3 Shapes","floor":35.0,"turns":4.0},{"damage":0.0,"enemies":"3 Darklings","floor":38.0,"turns":9.0},{"damage":31.0,"enemies":"Transient","floor":39.0,"turns":6.0},{"damage":0,"enemies":"Nemesis","floor":44,"turns":11},{"damage":1,"enemies":"4 Shapes","floor":48,"turns":5},{"damage":10,"enemies":"Awakened One","floor":50,"turns":15},{"damage":36,"enemies":"Donu and Deca","floor":51,"turns":9}],"seed_played":"-6323662218671105535","potions_obtained":[{"floor":1.0,"key":"Block Potion"},{"floor":5.0,"key":"SpeedPotion"},{"floor":8.0,"key":"LiquidBronze"},{"floor":10.0,"key":"FearPotion"},{"floor":16.0,"key":"Explosive Potion"},{"floor":20.0,"key":"SpeedPotion"},{"floor":24.0,"key":"Swift Potion"},{"floor":25.0,"key":"SkillPotion"},{"floor":31.0,"key":"Block Potion"},{"floor":33.0,"key":"SkillPotion"},{"floor":35.0,"key":"EssenceOfSteel"},{"floor":39.0,"key":"Swift Potion"}],"is_trial":false,"path_per_floor":["M","T","M","M","M","R","E","M","T","E","M","M","R","$","R","B",null,"M","M","M","?","M","R","E","M","T","?","R","E","R","M","R","B",null,"M","?","$","M","M","R","?","R","T","E","R","?","R","M","R","B","B",null],"character_chosen":"DEFECT","items_purchased":["Membership Card","DataDisk","Seek","Seek","Defragment","PrismaticShard"],"campfire_rested":0,"item_purchase_floors":[14,14,14,37,37,37],"current_hp_per_floor":[64,64,64,64,58,58,52,50,50,42,45,45,45,45,45,59,68,71,71,49,49,57,57,44,55,55,34,34,48,48,48,48,21,59,59,59,59,71,47,47,47,47,47,61,61,61,61,60,60,50,14],"gold":39,"neow_bonus":"THREE_ENEMY_KILL","is_prod":false,"is_daily":false,"chose_seed":false,"campfire_upgraded":10,"win_rate":0,"timestamp":1559395963,"path_taken":["M","?","M","M","M","R","E","M","T","E","M","?","R","$","R","BOSS","M","M","M","?","M","R","E","M","T","?","R","E","R","M","R","BOSS","M","?","$","M","M","R","?","R","T","E","R","?","R","M","R","BOSS","BOSS"],"build_version":"2019-05-31","purchased_purges":1,"victory":true,"max_hp_per_floor":[71,71,71,71,71,71,71,71,71,71,71,71,71,71,71,71,71,71,71,71,71,71,71,71,71,71,71,71,71,71,71,71,71,71,71,71,71,71,71,71,71,71,71,71,71,71,71,71,71,71,71],"card_choices":[{"not_picked":["BootSequence","Coolheaded"],"picked":"Sunder","floor":1.0},{"not_picked":["Consume","Skim"],"picked":"Go for the Eyes","floor":3.0},{"not_picked":["Heatsinks","Ball Lightning"],"picked":"Self Repair","floor":4.0},{"not_picked":["Steam Power","Compile Driver"],"picked":"Auto Shields","floor":5.0},{"not_picked":["Conserve Battery","Rebound"],"picked":"Echo Form","floor":7.0},{"not_picked":["Sweeping Beam","Barrage"],"picked":"Undo","floor":8.0},{"not_picked":["Coolheaded","Skim"],"picked":"Fission","floor":10.0},{"not_picked":["Redo","Streamline","Blizzard"],"picked":"SKIP","floor":11.0},{"not_picked":["Redo","Streamline","Blizzard"],"picked":"SKIP","floor":11.0},{"not_picked":["Steam","Gash"],"picked":"Loop","floor":12.0},{"not_picked":["Fission","Machine Learning"],"picked":"Seek","floor":16.0},{"not_picked":["Heatsinks","Turbo"],"picked":"Darkness","floor":18.0},{"not_picked":["Sweeping Beam","Gash"],"picked":"Turbo","floor":19.0},{"not_picked":["Consume","Rebound+1"],"picked":"Compile Driver+1","floor":20.0},{"not_picked":["Blizzard","Redo"],"picked":"Ball Lightning","floor":22.0},{"not_picked":["Cold Snap","Undo"],"picked":"Coolheaded","floor":24.0},{"not_picked":["Redo","Leap"],"picked":"All For One","floor":25.0},{"not_picked":["Storm","Turbo"],"picked":"Cold Snap","floor":29.0},{"not_picked":["Turbo","Conserve Battery","Rebound"],"picked":"SKIP","floor":31.0},{"not_picked":["Thunder Strike","Reboot"],"picked":"Biased Cognition","floor":33.0},{"not_picked":["Chaos","Hello World"],"picked":"Hologram","floor":35.0},{"not_picked":["Compile Driver","Shockwave"],"picked":"PiercingWail","floor":38.0},{"not_picked":["Sentinel","Compile Driver","Purity"],"picked":"SKIP","floor":39.0},{"not_picked":["Sentinel","Purity"],"picked":"Compile Driver","floor":39.0},{"not_picked":["Steam","Chill"],"picked":"Reinforced Body","floor":44},{"not_picked":["Underhanded Strike+1","Storm"],"picked":"Double Energy+1","floor":48}],"player_experience":1643069,"relics_obtained":[{"floor":2.0,"key":"Art of War"},{"floor":7.0,"key":"Vajra"},{"floor":9.0,"key":"MawBank"},{"floor":10.0,"key":"Anchor"},{"floor":24.0,"key":"Nunchaku"},{"floor":26.0,"key":"Smiling Mask"},{"floor":27.0,"key":"Necronomicon"},{"floor":29.0,"key":"PreservedInsect"},{"floor":43.0,"key":"Bottled Tornado"},{"floor":44,"key":"Oddly Smooth Stone"}],"event_choices":[{"cards_removed":["Strike_B"],"damage_healed":0.0,"max_hp_gain":0.0,"max_hp_loss":0.0,"gold_gain":0.0,"event_name":"Beggar","player_choice":"Gave Gold","floor":21.0,"gold_loss":75.0,"damage_taken":0.0},{"damage_healed":0.0,"max_hp_gain":0.0,"max_hp_loss":0.0,"gold_gain":0.0,"event_name":"Cursed Tome","player_choice":"Obtained Book","floor":27.0,"gold_loss":0.0,"damage_taken":21.0},{"cards_removed":["Seek"],"damage_healed":0.0,"max_hp_gain":0.0,"max_hp_loss":0.0,"gold_gain":0.0,"event_name":"Falling","player_choice":"Removed Skill","floor":36.0,"gold_loss":0.0,"damage_taken":0.0},{"damage_healed":0.0,"max_hp_gain":0.0,"max_hp_loss":0.0,"gold_gain":0.0,"event_name":"Tomb of Lord Red Mask","player_choice":"Paid","floor":41.0,"gold_loss":65.0,"damage_taken":0.0,"relics_obtained":["Red Mask"]},{"damage_healed":0,"gold_gain":0,"player_choice":"Upgrade","damage_taken":0,"relics_obtained":["Mark of the Bloom"],"max_hp_gain":0,"max_hp_loss":0,"event_name":"MindBloom","floor":46,"gold_loss":0,"cards_upgraded":["Defend_B","Defend_B","Defend_B","Defend_B","Zap","Dualcast","Self Repair","Auto Shields","Echo Form","Undo","Darkness","Turbo","Ball Lightning","All For One","Cold Snap","Seek","PiercingWail","Compile Driver","Reinforced Body"]}],"is_beta":true,"boss_relics":[{"not_picked":["Fusion Hammer","Orrery"],"picked":"Coffee Dripper"},{"not_picked":["Runic Dome","Lizard Tail"],"picked":"Empty Cage"}],"items_purged_floors":[37],"is_endless":false,"potions_floor_spawned":[1,5,8,10,16,20,24,25,31,33,35,39,44],"ascension_level":20}