{"gold_per_floor":[113,113,113,138,34,77,77,98,153,153,171,192,216,259,259,387,387,410,320],"floor_reached":19,"playtime":896,"items_purged":[],"score":275,"play_id":"b812d577-15b1-4961-9d20-37e5aaa0f825","local_time":"20190614174912","is_ascension_mode":true,"campfire_choices":[{"data":"Noxious Fumes","floor":7,"key":"SMITH"},{"floor":15,"key":"REST"}],"neow_cost":"NONE","seed_source_timestamp":4049452816900,"circlet_count":0,"master_deck":["Defend_G","Defend_G","Defend_G","Defend_G","Defend_G","Strike_G","Strike_G","Strike_G","Strike_G","Strike_G","Survivor","Neutralize","Blur","Dodge and Roll","Noxious Fumes+1","Bouncing Flask","PiercingWail","Calculated Gamble","Regret","Skewer","Dagger Throw","Dodge and Roll","Footwork","Burst","Backflip"],"relics":["Ring of the Snake","NeowsBlessing","Golden Idol","Bag of Marbles","Potion Belt","Centennial Puzzle","Singing Bowl","Philosopher\u0027s Stone"],"potions_floor_usage":[14,14,16],"damage_taken":[{"damage":0,"enemies":"2 Louse","floor":1,"turns":1},{"damage":0,"enemies":"Jaw Worm","floor":4,"turns":1},{"damage":0,"enemies":"Gremlin Nob","floor":6,"turns":1},{"damage":1,"enemies":"Cultist","floor":8,"turns":4},{"damage":9,"enemies":"2 Fungi Beasts","floor":11,"turns":4},{"damage":10,"enemies":"Looter","floor":12,"turns":4},{"damage":0,"enemies":"3 Louse","floor":13,"turns":3},{"damage":17,"enemies":"Lagavulin","floor":14,"turns":5},{"damage":27,"enemies":"Slime Boss","floor":16,"turns":13},{"damage":50,"enemies":"3 Byrds","floor":18,"turns":6},{"damage":19,"enemies":"2 Thieves","floor":19,"turns":3}],"seed_played":"2145786815026374122","potions_obtained":[{"floor":4,"key":"Strength Potion"},{"floor":13,"key":"Poison Potion"},{"floor":14,"key":"AttackPotion"}],"is_trial":false,"path_per_floor":["M","?","?","M","$","E","R","M","T","?","M","M","M","E","R","B",null,"M","M"],"character_chosen":"THE_SILENT","items_purchased":["Noxious Fumes","Bouncing Flask"],"campfire_rested":1,"item_purchase_floors":[5,5],"current_hp_per_floor":[63,63,56,56,56,56,56,55,55,55,46,36,36,19,40,13,56,6,0],"gold":320,"neow_bonus":"THREE_ENEMY_KILL","is_prod":false,"is_daily":false,"chose_seed":false,"campfire_upgraded":1,"win_rate":0,"timestamp":1560559752,"path_taken":["M","?","?","M","$","E","R","M","T","?","?","M","M","E","R","BOSS","M","?"],"build_version":"2019-01-23","purchased_purges":0,"victory":false,"max_hp_per_floor":[70,70,70,70,70,70,70,70,70,70,70,70,70,70,70,70,70,70,70],"card_choices":[{"not_picked":["Deflect","Dagger Spray"],"picked":"Blur","floor":1},{"not_picked":["All Out Attack","Cloak And Dagger"],"picked":"Dodge and Roll","floor":4},{"not_picked":["Concentrate","Deflect"],"picked":"PiercingWail","floor":6},{"not_picked":["Dodge and Roll","Outmaneuver"],"picked":"Calculated Gamble","floor":8},{"not_picked":["Deflect","Riddle With Holes"],"picked":"Skewer","floor":11},{"not_picked":["Outmaneuver","Sucker Punch"],"picked":"Dagger Throw","floor":12},{"not_picked":["Flying Knee","Prepared"],"picked":"Dodge and Roll","floor":13},{"not_picked":["Envenom","Blade Dance"],"picked":"Footwork","floor":14},{"not_picked":["Die Die Die","Unload"],"picked":"Burst","floor":16},{"not_picked":["Quick Slash","Prepared"],"picked":"Backflip","floor":18}],"player_experience":351243,"relics_obtained":[{"floor":6,"key":"Bag of Marbles"},{"floor":9,"key":"Potion Belt"},{"floor":14,"key":"Singing Bowl"}],"event_choices":[{"damage_healed":0,"gold_gain":0,"player_choice":"Take Wound","damage_taken":0,"relics_obtained":["Golden Idol"],"max_hp_gain":0,"max_hp_loss":0,"event_name":"Golden Idol","floor":2,"gold_loss":0,"cards_obtained":["Injury"]},{"cards_removed":["Injury"],"damage_healed":0,"gold_gain":0,"player_choice":"Card Removal","damage_taken":7,"max_hp_gain":0,"max_hp_loss":0,"event_name":"Golden Wing","floor":3,"gold_loss":0},{"damage_healed":0,"gold_gain":0,"player_choice":"Box","damage_taken":0,"relics_obtained":["Centennial Puzzle"],"max_hp_gain":0,"max_hp_loss":0,"event_name":"Big Fish","floor":10,"gold_loss":0,"cards_obtained":["Regret"]}],"is_beta":false,"boss_relics":[{"not_picked":["Busted Crown","Empty Cage"],"picked":"Philosopher\u0027s Stone"}],"items_purged_floors":[],"is_endless":false,"potions_floor_spawned":[4,13,14],"killed_by":"2 Thieves","ascension_level":7}