{"gold_per_floor":[117,129,129,147,161,161,204,42,42,92,106,106,137,157,157,248,248,269,282,207,207,225,225,263,263,263,277,277,26,69,105,117,129],"floor_reached":33,"playtime":905,"items_purged":["Strike_B"],"score":594,"play_id":"1fe56cb2-d2f6-4025-ae14-e619b128afe7","local_time":"20190530222053","is_ascension_mode":true,"campfire_choices":[{"data":"Zap","floor":6,"key":"SMITH"},{"floor":12,"key":"REST"},{"data":"Barrage","floor":15,"key":"SMITH"},{"data":"Biased Cognition","floor":23,"key":"SMITH"},{"floor":28,"key":"REST"},{"floor":32,"key":"REST"}],"neow_cost":"NONE","seed_source_timestamp":3789981633828,"circlet_count":0,"master_deck":["AscendersBane","Strike_B","Strike_B","Defend_B","Defend_B","Defend_B","Defend_B","Zap+1","Dualcast","Steam","Go for the Eyes","Cold Snap","Static Discharge","Genetic Algorithm","Compile Driver","Sweeping Beam","Barrage+1","Biased Cognition+1","Self Repair","Skim","Sweeping Beam","Turbo","Doubt","BootSequence","Defragment","Cold Snap","BootSequence","Undo","Loop"],"relics":["Cracked Core","NeowsBlessing","Golden Idol","Regal Pillow","Bag of Marbles","Cables","Du-Vu Doll","Cursed Key","Boot","PreservedInsect","MawBank"],"potions_floor_usage":[7,11,22,24,33],"damage_taken":[{"damage":0,"enemies":"Jaw Worm","floor":1,"turns":1},{"damage":0,"enemies":"2 Louse","floor":2,"turns":1},{"damage":0,"enemies":"Cultist","floor":4,"turns":1},{"damage":0,"enemies":"Red Slaver","floor":5,"turns":4},{"damage":28,"enemies":"Gremlin Nob","floor":7,"turns":4},{"damage":15,"enemies":"Large Slime","floor":11,"turns":5},{"damage":20,"enemies":"Lagavulin","floor":13,"turns":6},{"damage":0,"enemies":"Gremlin Gang","floor":14,"turns":2},{"damage":31,"enemies":"Slime Boss","floor":16,"turns":7},{"damage":4,"enemies":"Spheric Guardian","floor":18,"turns":3},{"damage":6,"enemies":"Chosen","floor":19,"turns":3},{"damage":4,"enemies":"Centurion and Healer","floor":22,"turns":6},{"damage":27,"enemies":"Gremlin Leader","floor":24,"turns":7},{"damage":8,"enemies":"Chosen and Byrds","floor":27,"turns":5},{"damage":29,"enemies":"Slavers","floor":30,"turns":4},{"damage":18,"enemies":"Sentry and Sphere","floor":31,"turns":4},{"damage":70,"enemies":"Champ","floor":33,"turns":13}],"seed_played":"496788882350859178","potions_obtained":[{"floor":2,"key":"SkillPotion"},{"floor":5,"key":"GamblersBrew"},{"floor":7,"key":"EssenceOfSteel"},{"floor":11,"key":"Dexterity Potion"},{"floor":30,"key":"Fire Potion"}],"is_trial":false,"path_per_floor":["M","M","?","M","M","R","E","$","T","?","M","R","E","M","R","B",null,"M","M","?","?","M","R","E","?","T","M","R","$","E","M","R","B"],"character_chosen":"DEFECT","items_purchased":["Bag of Marbles","Defragment","Cold Snap","BootSequence"],"campfire_rested":3,"item_purchase_floors":[8,29,29,29],"current_hp_per_floor":[64,64,64,64,64,64,36,36,36,36,21,55,35,35,35,4,49,45,46,46,46,49,49,29,29,29,21,55,55,33,22,56,0],"gold":129,"neow_bonus":"THREE_ENEMY_KILL","is_prod":false,"is_daily":false,"chose_seed":false,"campfire_upgraded":3,"win_rate":0,"timestamp":1559247653,"path_taken":["M","M","?","M","M","R","E","$","T","?","?","R","E","M","R","BOSS","M","M","?","?","?","R","E","?","T","M","R","$","E","M","R","BOSS"],"build_version":"2019-05-28","purchased_purges":1,"victory":false,"max_hp_per_floor":[71,71,64,64,64,64,64,64,64,64,64,64,64,64,64,64,64,64,64,64,64,64,64,64,64,64,64,64,64,64,64,64,64],"card_choices":[{"not_picked":["Go for the Eyes","Stack"],"picked":"Steam","floor":1},{"not_picked":["Beam Cell","Rebound"],"picked":"Go for the Eyes","floor":2},{"not_picked":["Redo","Go for the Eyes"],"picked":"Cold Snap","floor":4},{"not_picked":["Hologram","Tempest"],"picked":"Static Discharge","floor":5},{"not_picked":["Streamline","Redo"],"picked":"Genetic Algorithm","floor":7},{"not_picked":["Stack","Barrage"],"picked":"Compile Driver","floor":11},{"not_picked":["Stack","Double Energy"],"picked":"Sweeping Beam","floor":13},{"not_picked":["Machine Learning","Streamline"],"picked":"Barrage","floor":14},{"not_picked":["Seek","Meteor Strike"],"picked":"Biased Cognition","floor":16},{"not_picked":["Gash","Redo"],"picked":"Self Repair","floor":18},{"not_picked":["Lockon","Sunder"],"picked":"Skim","floor":19},{"not_picked":["Turbo","Ball Lightning"],"picked":"Sweeping Beam","floor":22},{"not_picked":["Streamline","Self Repair"],"picked":"Turbo","floor":24},{"not_picked":["Beam Cell","Redo"],"picked":"BootSequence","floor":27},{"not_picked":["Biased Cognition","Chill"],"picked":"Undo","floor":30},{"not_picked":["Cold Snap","Tempest"],"picked":"Loop","floor":31}],"player_experience":1628098,"relics_obtained":[{"floor":7,"key":"Regal Pillow"},{"floor":9,"key":"Cables"},{"floor":13,"key":"Du-Vu Doll"},{"floor":24,"key":"Boot"},{"floor":26,"key":"PreservedInsect"},{"floor":30,"key":"MawBank"}],"event_choices":[{"damage_healed":0,"gold_gain":0,"player_choice":"Lose Max HP","damage_taken":0,"relics_obtained":["Golden Idol"],"max_hp_gain":0,"max_hp_loss":7,"event_name":"Golden Idol","floor":3,"gold_loss":0},{"damage_healed":0,"gold_gain":50,"player_choice":"Pray","damage_taken":0,"max_hp_gain":0,"max_hp_loss":0,"event_name":"Golden Shrine","floor":10,"gold_loss":0},{"cards_removed":["Strike_B"],"damage_healed":0,"gold_gain":0,"player_choice":"Gave Gold","damage_taken":0,"max_hp_gain":0,"max_hp_loss":0,"event_name":"Beggar","floor":20,"gold_loss":75},{"damage_healed":0,"gold_gain":0,"player_choice":"Ignored","damage_taken":0,"max_hp_gain":0,"max_hp_loss":0,"event_name":"N\u0027loth","floor":21,"gold_loss":0},{"damage_healed":0,"gold_gain":0,"player_choice":"Ignored","damage_taken":0,"max_hp_gain":0,"max_hp_loss":0,"event_name":"Vampires","floor":25,"gold_loss":0}],"is_beta":true,"boss_relics":[{"not_picked":["Busted Crown","Astrolabe"],"picked":"Cursed Key"}],"items_purged_floors":[29],"is_endless":false,"potions_floor_spawned":[2,5,7,11,19,30],"killed_by":"Champ","ascension_level":20}