{"gold_per_floor":[116,191,191,191,208,208,218,218,218,249,311,311,321,348,348,427,427,439,451,466,366,385,414,414,445,445,458,458,458,492,505,505,578,578,592,604,655,755,768,803,803,820,874,884,910,229,249,284,284,284],"floor_reached":50,"playtime":3564,"items_purged":["Strike_G","Defend_G"],"score":1068,"play_id":"fd07117d-fa79-46a1-8237-1d57a1ee1425","local_time":"20190510214631","is_ascension_mode":true,"campfire_choices":[{"data":"Neutralize","floor":6.0,"key":"SMITH"},{"data":"Deadly Poison","floor":12.0,"key":"SMITH"},{"floor":15.0,"key":"REST"},{"floor":24.0,"key":"REST"},{"data":"Catalyst","floor":28.0,"key":"SMITH"},{"floor":32.0,"key":"REST"},{"data":"Wraith Form v2","floor":41.0,"key":"SMITH"},{"floor":49,"key":"RECALL"}],"neow_cost":"TEN_PERCENT_HP_LOSS","seed_source_timestamp":2024182979963512,"circlet_count":0,"master_deck":["AscendersBane","Defend_G","Survivor","Neutralize+1","Deadly Poison","Deadly Poison+1","Bane","Envenom","Skewer","Backflip","Cloak And Dagger","Catalyst+1","Wraith Form v2+1","PiercingWail+1","PiercingWail+1","Catalyst+1","Bouncing Flask","Footwork","Sadistic Nature","Catalyst"],"special_seed":0,"relics":["Ring of the Snake","Singing Bowl","Matryoshka","StoneCalendar","Strawberry","Omamori","Velvet Choker","Vajra","Darkstone Periapt","Sundial","Meat on the Bone","Nilry\u0027s Codex","Pen Nib","Astrolabe","Dead Branch","Thread and Needle","Peace Pipe","Pear","Pantograph","Ancient Tea Set","Regal Pillow"],"potions_floor_usage":[48,48],"damage_taken":[{"damage":0.0,"enemies":"Jaw Worm","floor":1.0,"turns":5.0},{"damage":0.0,"enemies":"2 Louse","floor":5.0,"turns":4.0},{"damage":4.0,"enemies":"Small Slimes","floor":7.0,"turns":4.0},{"damage":10.0,"enemies":"Lagavulin","floor":10.0,"turns":6.0},{"damage":24.0,"enemies":"Lagavulin Event","floor":11.0,"turns":6.0},{"damage":7.0,"enemies":"3 Louse","floor":13.0,"turns":4.0},{"damage":10.0,"enemies":"The Guardian","floor":16.0,"turns":9.0},{"damage":4.0,"enemies":"3 Byrds","floor":18.0,"turns":6.0},{"damage":7.0,"enemies":"Shell Parasite","floor":19.0,"turns":5.0},{"damage":13.0,"enemies":"Snecko","floor":20.0,"turns":5.0},{"damage":12.0,"enemies":"Snake Plant","floor":22.0,"turns":5.0},{"damage":22.0,"enemies":"Slavers","floor":23.0,"turns":7.0},{"damage":8.0,"enemies":"Book of Stabbing","floor":25.0,"turns":5.0},{"damage":2.0,"enemies":"Shelled Parasite and Fungi","floor":27.0,"turns":7.0},{"damage":25.0,"enemies":"Slavers","floor":30.0,"turns":7.0},{"damage":4.0,"enemies":"Chosen and Byrds","floor":31.0,"turns":4.0},{"damage":15.0,"enemies":"Champ","floor":33.0,"turns":8.0},{"damage":6.0,"enemies":"3 Shapes","floor":35.0,"turns":6.0},{"damage":7.0,"enemies":"Orb Walker","floor":36.0,"turns":2.0},{"damage":41.0,"enemies":"2 Orb Walkers","floor":37.0,"turns":7.0},{"damage":0.0,"enemies":"Mind Bloom Boss Battle","floor":38.0,"turns":3.0},{"damage":2.0,"enemies":"3 Darklings","floor":39.0,"turns":6.0},{"damage":9.0,"enemies":"Giant Head","floor":40.0,"turns":6.0},{"damage":1.0,"enemies":"Writhing Mass","floor":42.0,"turns":4.0},{"damage":16.0,"enemies":"Transient","floor":44.0,"turns":5.0},{"damage":28.0,"enemies":"Nemesis","floor":45.0,"turns":7.0},{"damage":0.0,"enemies":"Sphere and 2 Shapes","floor":47.0,"turns":6.0},{"damage":35,"enemies":"Reptomancer","floor":48,"turns":6},{"damage":79,"enemies":"Donu and Deca","floor":50,"turns":5}],"seed_played":"-460275088056265972","potions_obtained":[{"floor":7.0,"key":"Poison Potion"},{"floor":11.0,"key":"Ancient Potion"},{"floor":13.0,"key":"Swift Potion"},{"floor":22.0,"key":"Fire Potion"},{"floor":23.0,"key":"Block Potion"},{"floor":25.0,"key":"Dexterity Potion"},{"floor":27.0,"key":"Regen Potion"},{"floor":31.0,"key":"Dexterity Potion"},{"floor":35.0,"key":"SneckoOil"},{"floor":37.0,"key":"LiquidBronze"},{"floor":38.0,"key":"Dexterity Potion"},{"floor":40.0,"key":"Poison Potion"}],"is_trial":false,"path_per_floor":["M","?","?","?","M","R","M","?","T","E","?","R","M","T","R","B",null,"M","M","M","$","M","E","R","E","T","M","R","?","E","M","R","B",null,"M","M","?","?","M","E","R","M","T","M","E","$","M","E","R","B"],"character_chosen":"THE_SILENT","items_purchased":["Cloak And Dagger","Pantograph","Ancient Tea Set","Sadistic Nature"],"campfire_rested":3,"item_purchase_floors":[21,46,46,46],"current_hp_per_floor":[63,52,57,57,57,57,53,46,46,38,16,16,11,18,42,32,69,65,58,47,47,37,15,40,34,34,46,46,30,34,44,71,56,84,78,73,46,60,58,63,63,64,64,62,58,58,70,49,49,0],"gold":284,"neow_bonus":"REMOVE_TWO","is_prod":false,"is_daily":false,"chose_seed":false,"campfire_upgraded":4,"win_rate":0,"timestamp":1557517591,"path_taken":["M","?","?","?","M","R","?","?","T","E","?","R","M","?","R","BOSS","M","M","M","?","M","E","R","E","T","?","R","?","E","M","R","BOSS","M","M","?","?","M","E","R","M","T","M","E","?","M","E","R","BOSS"],"build_version":"2019-01-23","purchased_purges":2,"victory":false,"max_hp_per_floor":[63,63,68,68,68,68,68,68,68,70,72,72,74,81,81,81,81,81,81,83,83,85,85,85,87,87,89,89,89,91,93,93,93,93,93,95,97,99,99,101,101,103,103,105,117,117,117,119,119,119],"card_choices":[{"not_picked":["Prepared","Tactician"],"picked":"Deadly Poison","floor":1.0},{"not_picked":["Choke","Dagger Spray"],"picked":"Deadly Poison","floor":5.0},{"not_picked":["Prepared","Sucker Punch"],"picked":"Bane","floor":7.0},{"not_picked":["Accuracy","Slice","Poisoned Stab"],"picked":"Singing Bowl","floor":10.0},{"not_picked":["Sucker Punch","Slice","Heel Hook"],"picked":"Singing Bowl","floor":11.0},{"not_picked":["Eviscerate","Poisoned Stab","Underhanded Strike"],"picked":"Singing Bowl","floor":13.0},{"not_picked":["Unload","Bullet Time"],"picked":"Envenom","floor":16.0},{"not_picked":["Masterful Stab","Deadly Poison"],"picked":"Skewer","floor":18.0},{"not_picked":["Skewer","Sucker Punch"],"picked":"Backflip","floor":19.0},{"not_picked":["Predator","Dagger Throw","Outmaneuver"],"picked":"Singing Bowl","floor":20.0},{"not_picked":["Backstab","Blade Dance","Predator"],"picked":"Singing Bowl","floor":22.0},{"not_picked":["Footwork","Terror"],"picked":"Catalyst","floor":23.0},{"not_picked":["Backflip","Outmaneuver","Predator+1"],"picked":"Singing Bowl","floor":25.0},{"not_picked":["Choke","Tactician","Night Terror"],"picked":"Singing Bowl","floor":27.0},{"not_picked":["Underhanded Strike","Prepared","Backflip"],"picked":"Singing Bowl","floor":30.0},{"not_picked":["Dagger Throw","Sucker Punch","Cloak And Dagger"],"picked":"Singing Bowl","floor":31.0},{"not_picked":["Adrenaline","After Image"],"picked":"Wraith Form v2","floor":33.0},{"not_picked":["Backflip","Well Laid Plans"],"picked":"Bouncing Flask","floor":35.0},{"not_picked":["Dodge and Roll","Deflect","Acrobatics"],"picked":"Singing Bowl","floor":36.0},{"not_picked":["Sucker Punch","Expertise+1","Quick Slash"],"picked":"Singing Bowl","floor":37.0},{"not_picked":["Cloak And Dagger","Bane","Underhanded Strike"],"picked":"Singing Bowl","floor":38.0},{"not_picked":["Crippling Poison","Unload"],"picked":"Footwork","floor":39.0},{"not_picked":["Heel Hook","Accuracy","Tactician"],"picked":"Singing Bowl","floor":40.0},{"not_picked":["Dodge and Roll","Crippling Poison","Underhanded Strike+1"],"picked":"Singing Bowl","floor":42.0},{"not_picked":["Sucker Punch+1","Dodge and Roll","Deadly Poison"],"picked":"Singing Bowl","floor":44.0},{"not_picked":["Leg Sweep+1","Setup+1","Acrobatics+1"],"picked":"Singing Bowl","floor":45.0},{"not_picked":["Cloak And Dagger","Underhanded Strike"],"picked":"Catalyst","floor":47.0},{"not_picked":["Storm of Steel","Acrobatics","Sucker Punch"],"picked":"Singing Bowl","floor":48}],"player_experience":307117,"relics_obtained":[{"floor":9.0,"key":"Singing Bowl"},{"floor":10.0,"key":"Matryoshka"},{"floor":14.0,"key":"Strawberry"},{"floor":14.0,"key":"Omamori"},{"floor":23.0,"key":"Vajra"},{"floor":25.0,"key":"Darkstone Periapt"},{"floor":26.0,"key":"Sundial"},{"floor":26.0,"key":"Meat on the Bone"},{"floor":29.0,"key":"Nilry\u0027s Codex"},{"floor":30.0,"key":"Pen Nib"},{"floor":37.0,"key":"Dead Branch"},{"floor":38.0,"key":"Thread and Needle"},{"floor":40.0,"key":"Peace Pipe"},{"floor":45.0,"key":"Pear"},{"floor":48,"key":"Regal Pillow"}],"event_choices":[{"damage_healed":0.0,"max_hp_gain":0.0,"max_hp_loss":0.0,"gold_gain":75.0,"event_name":"World of Goop","player_choice":"Gather Gold","floor":2.0,"gold_loss":0.0,"damage_taken":11.0},{"damage_healed":0.0,"max_hp_gain":5.0,"max_hp_loss":0.0,"gold_gain":0.0,"event_name":"Big Fish","player_choice":"Donut","floor":3.0,"gold_loss":0.0,"damage_taken":0.0},{"cards_removed":["Strike_G"],"damage_healed":0.0,"max_hp_gain":0.0,"max_hp_loss":0.0,"gold_gain":0.0,"event_name":"Living Wall","player_choice":"Forget","floor":4.0,"gold_loss":0.0,"damage_taken":0.0},{"cards_removed":["Strike_G"],"damage_healed":0.0,"max_hp_gain":0.0,"max_hp_loss":0.0,"gold_gain":0.0,"event_name":"Golden Wing","player_choice":"Card Removal","floor":8.0,"gold_loss":0.0,"damage_taken":7.0},{"damage_healed":0.0,"max_hp_gain":0.0,"max_hp_loss":0.0,"gold_gain":0.0,"event_name":"Dead Adventurer","player_choice":"Searched \u00272\u0027 times","floor":11.0,"gold_loss":0.0,"damage_taken":0.0,"relics_obtained":["StoneCalendar"]},{"damage_healed":0.0,"max_hp_gain":0.0,"max_hp_loss":0.0,"gold_gain":0.0,"event_name":"Cursed Tome","player_choice":"Obtained Book","floor":29.0,"gold_loss":0.0,"damage_taken":16.0},{"damage_healed":0.0,"max_hp_gain":0.0,"max_hp_loss":0.0,"gold_gain":0.0,"event_name":"Mysterious Sphere","player_choice":"Fight","floor":37.0,"gold_loss":0.0,"damage_taken":0.0},{"damage_healed":0.0,"max_hp_gain":0.0,"max_hp_loss":0.0,"gold_gain":0.0,"event_name":"MindBloom","player_choice":"Fight","floor":38.0,"gold_loss":0.0,"damage_taken":0.0}],"is_beta":false,"boss_relics":[{"not_picked":["HoveringKite","Tiny House"],"picked":"Velvet Choker"},{"not_picked":["Coffee Dripper","Cursed Key"],"picked":"Astrolabe"}],"items_purged_floors":[21,46],"is_endless":false,"potions_floor_spawned":[7,11,13,22,23,25,27,31,35,37,38,40,44],"killed_by":"Donu and Deca","ascension_level":13}