{"gold_per_floor":[114,114,64,75,0,0,18,52,79,101,101,127,127,142,142,243,243,254,266,30,30,30,30,48,83,83,83,114,114,134,146,146,146],"floor_reached":33,"playtime":1260,"items_purged":["Strike_G"],"score":410,"play_id":"e2c805a3-2001-4bc2-919f-85ac590bf131","local_time":"20190328000933","is_ascension_mode":true,"campfire_choices":[{"data":"Neutralize","floor":6.0,"key":"SMITH"},{"data":"Dagger Spray","floor":13.0,"key":"SMITH"},{"data":"Cloak And Dagger","floor":15.0,"key":"SMITH"},{"data":"Footwork","floor":23.0,"key":"SMITH"},{"floor":29.0,"key":"REST"},{"data":"Accuracy","floor":32.0,"key":"SMITH"}],"neow_cost":"NONE","seed_source_timestamp":119292744483047,"circlet_count":0,"master_deck":["Defend_G","Defend_G","Defend_G","Defend_G","Strike_G","Strike_G","Strike_G","Survivor","Neutralize+1","Dagger Spray+1","Dagger Spray","Skewer","Blur","Backstab","Blade Dance","Cloak And Dagger+1","Storm of Steel","Escape Plan","Blade Dance","Dash","Footwork+1","Backflip","Blade Dance+1","Deflect","Blur","Accuracy+1"],"special_seed":0,"relics":["Ring of the Snake","Bag of Marbles","Vajra","Odd Mushroom","Blood Vial","Prayer Wheel","Black Star","Bronze Scales","Anchor","Ginger","Mercury Hourglass","Pocketwatch","Omamori"],"potions_floor_usage":[33],"damage_taken":[{"damage":4.0,"enemies":"Small Slimes","floor":1.0,"turns":3.0},{"damage":3.0,"enemies":"Jaw Worm","floor":4.0,"turns":5.0},{"damage":0.0,"enemies":"2 Louse","floor":7.0,"turns":3.0},{"damage":12.0,"enemies":"3 Sentries","floor":8.0,"turns":5.0},{"damage":9.0,"enemies":"The Mushroom Lair","floor":10.0,"turns":3.0},{"damage":6.0,"enemies":"Lagavulin","floor":12.0,"turns":4.0},{"damage":0.0,"enemies":"Exordium Thugs","floor":14.0,"turns":2.0},{"damage":18.0,"enemies":"Slime Boss","floor":16.0,"turns":8.0},{"damage":6.0,"enemies":"Shell Parasite","floor":18.0,"turns":4.0},{"damage":0.0,"enemies":"2 Thieves","floor":19.0,"turns":3.0},{"damage":5.0,"enemies":"Sentry and Sphere","floor":24.0,"turns":4.0},{"damage":13.0,"enemies":"Slavers","floor":25.0,"turns":4.0},{"damage":15.0,"enemies":"Book of Stabbing","floor":28.0,"turns":5.0},{"damage":0.0,"enemies":"3 Cultists","floor":30.0,"turns":3.0},{"damage":0.0,"enemies":"Centurion and Healer","floor":31.0,"turns":4.0},{"damage":56,"enemies":"Collector","floor":33,"turns":7}],"seed_played":"6986724125315075907","potions_obtained":[{"floor":7.0,"key":"Fire Potion"},{"floor":8.0,"key":"EssenceOfSteel"},{"floor":10.0,"key":"Poison Potion"},{"floor":14.0,"key":"SmokeBomb"},{"floor":16.0,"key":"Ancient Potion"},{"floor":18.0,"key":"Block Potion"},{"floor":19.0,"key":"EssenceOfSteel"}],"is_trial":false,"path_per_floor":["M","?","?","M","$","R","M","E","T","?","?","E","R","M","R","B",null,"M","M","$","?","?","R","M","E","T","?","E","R","M","M","R","B"],"character_chosen":"THE_SILENT","items_purchased":["Footwork","Bronze Scales"],"campfire_rested":1,"item_purchase_floors":[20,20],"current_hp_per_floor":[66,59,59,56,56,56,56,44,44,35,32,28,28,30,30,14,61,57,59,59,59,59,59,56,45,45,31,18,42,44,46,46,0],"gold":146,"neow_bonus":"TEN_PERCENT_HP_BONUS","is_prod":false,"is_daily":false,"chose_seed":false,"campfire_upgraded":5,"win_rate":0,"timestamp":1553728173,"path_taken":["M","?","?","M","$","R","M","E","T","?","?","E","R","M","R","BOSS","M","M","$","?","?","R","M","E","T","?","E","R","M","M","R","BOSS"],"build_version":"2019-01-23","purchased_purges":1,"victory":false,"max_hp_per_floor":[77,77,77,77,77,77,77,77,77,77,77,77,77,77,77,77,77,77,77,77,77,77,77,77,77,77,82,82,82,82,82,82,82],"card_choices":[{"not_picked":["Sucker Punch","Calculated Gamble"],"picked":"Dagger Spray","floor":1.0},{"not_picked":["Dodge and Roll","Deflect"],"picked":"Dagger Spray","floor":4.0},{"not_picked":["Concentrate","Calculated Gamble"],"picked":"Skewer","floor":7.0},{"not_picked":["Concentrate","Expertise"],"picked":"Blur","floor":8.0},{"not_picked":["Heel Hook","Acrobatics"],"picked":"Backstab","floor":10.0},{"not_picked":["Bane","Sucker Punch","Predator"],"picked":"SKIP","floor":12.0},{"not_picked":["Bane","Sucker Punch","Predator"],"picked":"SKIP","floor":12.0},{"not_picked":["Flying Knee","Reflex"],"picked":"Blade Dance","floor":14.0},{"not_picked":["Slice","Tactician"],"picked":"Cloak And Dagger","floor":14.0},{"not_picked":["Die Die Die","Malaise"],"picked":"Storm of Steel","floor":16.0},{"not_picked":["Outmaneuver","Prepared"],"picked":"Escape Plan","floor":18.0},{"not_picked":["All Out Attack","Underhanded Strike+1","Dagger Throw"],"picked":"SKIP","floor":18.0},{"not_picked":["Dodge and Roll","Deadly Poison+1"],"picked":"Blade Dance","floor":19.0},{"not_picked":["Expertise","Crippling Poison"],"picked":"Dash","floor":19.0},{"not_picked":["Deadly Poison","Flying Knee+1"],"picked":"Blade Dance+1","floor":24.0},{"not_picked":["Tactician","Quick Slash","Concentrate"],"picked":"SKIP","floor":24.0},{"not_picked":["Tactician","Bouncing Flask","Endless Agony"],"picked":"SKIP","floor":25.0},{"not_picked":["Deadly Poison","Blade Dance+1","Acrobatics"],"picked":"SKIP","floor":28.0},{"not_picked":["Deadly Poison","Blade Dance+1","Acrobatics"],"picked":"SKIP","floor":28.0},{"not_picked":["All Out Attack+1","Flying Knee"],"picked":"Deflect","floor":30.0},{"not_picked":["Distraction","Dash","All Out Attack"],"picked":"SKIP","floor":30.0},{"not_picked":["Quick Slash","Slice"],"picked":"Blur","floor":31.0},{"not_picked":["Adrenaline","Flechettes"],"picked":"Accuracy","floor":31.0}],"player_experience":155965,"relics_obtained":[{"floor":8.0,"key":"Bag of Marbles"},{"floor":9.0,"key":"Vajra"},{"floor":10.0,"key":"Odd Mushroom"},{"floor":12.0,"key":"Prayer Wheel"},{"floor":25.0,"key":"Anchor"},{"floor":25.0,"key":"Ginger"},{"floor":26.0,"key":"Mercury Hourglass"},{"floor":28.0,"key":"Pocketwatch"},{"floor":28.0,"key":"Omamori"}],"event_choices":[{"cards_removed":["Strike_G"],"damage_healed":0.0,"max_hp_gain":0.0,"max_hp_loss":0.0,"gold_gain":0.0,"event_name":"Golden Wing","player_choice":"Card Removal","floor":2.0,"gold_loss":0.0,"damage_taken":7.0},{"cards_removed":["Defend_G"],"damage_healed":0.0,"max_hp_gain":0.0,"max_hp_loss":0.0,"gold_gain":0.0,"event_name":"The Cleric","player_choice":"Card Removal","floor":3.0,"gold_loss":50.0,"damage_taken":0.0},{"damage_healed":0.0,"max_hp_gain":0.0,"max_hp_loss":0.0,"gold_gain":0.0,"event_name":"Mushrooms","player_choice":"Fought Mushrooms","floor":10.0,"gold_loss":0.0,"damage_taken":0.0},{"damage_healed":0.0,"max_hp_gain":0.0,"max_hp_loss":0.0,"gold_gain":0.0,"event_name":"Scrap Ooze","player_choice":"Success","floor":11.0,"gold_loss":0.0,"damage_taken":3.0,"relics_obtained":["Blood Vial"]},{"damage_healed":0.0,"max_hp_gain":0.0,"max_hp_loss":0.0,"gold_gain":0.0,"event_name":"The Library","player_choice":"Read","floor":21.0,"gold_loss":0.0,"damage_taken":0.0,"cards_obtained":["Backflip"]},{"damage_healed":0.0,"max_hp_gain":5.0,"max_hp_loss":0.0,"gold_gain":0.0,"event_name":"Forgotten Altar","player_choice":"Shed Blood","floor":27.0,"gold_loss":0.0,"damage_taken":19.0}],"is_beta":false,"boss_relics":[{"not_picked":["Runic Dome","Lizard Tail"],"picked":"Black Star"}],"items_purged_floors":[5],"is_endless":false,"potions_floor_spawned":[7,8,10,14,16,18,19],"killed_by":"Collector","ascension_level":8}