{"gold_per_floor":[118,43,54,68,18,18,18,18,18,18,18,33,48,48,48,48],"floor_reached":16,"playtime":480,"items_purged":["Doubt"],"score":131,"play_id":"9062647a-5d01-4dfd-a459-1785a17df57c","local_time":"20190402223100","is_ascension_mode":true,"campfire_choices":[{"data":"Zap","floor":6,"key":"SMITH"},{"data":"Gash","floor":8,"key":"SMITH"},{"data":"Skim","floor":15,"key":"SMITH"}],"neow_cost":"NONE","seed_source_timestamp":359398683833988,"circlet_count":0,"master_deck":["Strike_B","Strike_B","Strike_B","Strike_B","Defend_B","Defend_B","Defend_B","Defend_B","Zap+1","Dualcast","Writhe","Gash+1","Skim+1","Auto Shields","Parasite"],"relics":["Calling Bell","Orichalcum","Kunai","Gambling Chip"],"potions_floor_usage":[16],"damage_taken":[{"damage":4,"enemies":"2 Louse","floor":1,"turns":3},{"damage":14,"enemies":"Jaw Worm","floor":3,"turns":5},{"damage":8,"enemies":"Small Slimes","floor":4,"turns":4},{"damage":7,"enemies":"Blue Slaver","floor":12,"turns":3},{"damage":8,"enemies":"Exordium Wildlife","floor":13,"turns":3},{"damage":52,"enemies":"Slime Boss","floor":16,"turns":11}],"seed_played":"429378179428158969","potions_obtained":[{"floor":12,"key":"Weak Potion"}],"is_trial":false,"path_per_floor":["M","$","M","M","?","R","?","R","T","?","$","M","M","?","R","B"],"character_chosen":"DEFECT","items_purchased":[],"campfire_rested":0,"item_purchase_floors":[],"current_hp_per_floor":[64,64,50,42,42,42,60,60,60,60,60,53,45,50,50,0],"gold":48,"neow_bonus":"BOSS_RELIC","is_prod":false,"is_daily":false,"chose_seed":false,"campfire_upgraded":3,"win_rate":0,"timestamp":1554237060,"path_taken":["M","$","M","M","?","R","?","R","T","?","?","?","M","?","R","BOSS"],"build_version":"2019-01-23","purchased_purges":1,"victory":false,"max_hp_per_floor":[75,75,75,75,75,75,75,75,75,75,75,75,75,80,80,80],"card_choices":[{"not_picked":["Streamline","Sweeping Beam"],"picked":"Gash","floor":1},{"not_picked":["Loop","Chill"],"picked":"Skim","floor":3},{"not_picked":["Echo Form","Beam Cell"],"picked":"Auto Shields","floor":4},{"not_picked":["Aggregate","Ball Lightning","Cold Snap"],"picked":"SKIP","floor":12},{"not_picked":["Compile Driver","Redo","Heatsinks"],"picked":"SKIP","floor":13}],"player_experience":185259,"relics_obtained":[{"floor":0,"key":"Orichalcum"},{"floor":0,"key":"Kunai"},{"floor":0,"key":"Gambling Chip"}],"event_choices":[{"cards_removed":["Doubt"],"damage_healed":0,"gold_gain":0,"player_choice":"Card Removal","damage_taken":0,"max_hp_gain":0,"max_hp_loss":0,"event_name":"The Cleric","floor":5,"gold_loss":50},{"damage_healed":18,"gold_gain":0,"player_choice":"Healed and dodged fight","damage_taken":0,"max_hp_gain":0,"max_hp_loss":0,"event_name":"Mushrooms","floor":7,"gold_loss":0,"cards_obtained":["Parasite"]},{"damage_healed":0,"gold_gain":0,"player_choice":"Ignored","damage_taken":0,"max_hp_gain":0,"max_hp_loss":0,"event_name":"Liars Game","floor":10,"gold_loss":0},{"damage_healed":0,"gold_gain":0,"player_choice":"Donut","damage_taken":0,"max_hp_gain":5,"max_hp_loss":0,"event_name":"Big Fish","floor":14,"gold_loss":0}],"is_beta":false,"boss_relics":[],"items_purged_floors":[2],"is_endless":false,"potions_floor_spawned":[12],"killed_by":"Slime Boss","ascension_level":9}