{"gold_per_floor":[110,124,141,141,151,179,179,213,213,224,273,301,301,311,311,385,385,398,349,109,24,34,34,48,66,66,66,66,84,40,73,73,147,147,158,158,158,171,186,186,186,203,203,214,0,0,0,14,14,14],"floor_reached":51,"playtime":2321,"items_purged":["Strike_B"],"score":1315,"play_id":"5148587e-20ce-4f4e-ab20-1b450fcb8f60","local_time":"20190617202303","is_ascension_mode":true,"campfire_choices":[{"floor":7.0,"key":"REST"},{"data":"Auto Shields","floor":13.0,"key":"SMITH"},{"data":"Defend_B","floor":15,"key":"SMITH"},{"floor":23,"key":"REST"},{"floor":28,"key":"REST"},{"floor":32,"key":"REST"},{"data":"Multi-Cast","floor":40,"key":"SMITH"},{"data":"Multi-Cast","floor":46,"key":"SMITH"},{"floor":49,"key":"REST"}],"neow_cost":"NONE","seed_source_timestamp":273900900165758,"circlet_count":0,"master_deck":["AscendersBane","Strike_B+1","Strike_B+1","Defend_B+1","Defend_B","Zap+1","Dualcast","Doom and Gloom+1","BootSequence","Auto Shields+1","Barrage+1","Defragment+1","Multi-Cast+1","Glacier","Redo+1","Defragment+1","Buffer+1","Loop+1","Turbo+1","Skim","Multi-Cast+1","Creative AI+1","Writhe","Sunder+1","Barrage+1","Electrodynamics+1","Fusion+1","Glacier"],"special_seed":0,"relics":["Cracked Core","Molten Egg 2","Whetstone","Frozen Egg 2","Dream Catcher","Pantograph","Snecko Eye","Centennial Puzzle","Meat on the Bone","Dead Branch","Mummified Hand","Empty Cage","Sundial","Red Mask"],"potions_floor_usage":[14,14,14,14,16,22,29,33,33,38,38,50,50],"damage_taken":[{"damage":2.0,"enemies":"Jaw Worm","floor":1.0,"turns":4.0},{"damage":1.0,"enemies":"Cultist","floor":2.0,"turns":3.0},{"damage":0.0,"enemies":"2 Louse","floor":3.0,"turns":2.0},{"damage":14.0,"enemies":"Large Slime","floor":5.0,"turns":4.0},{"damage":15.0,"enemies":"Lagavulin","floor":6.0,"turns":4.0},{"damage":20.0,"enemies":"3 Sentries","floor":8.0,"turns":5.0},{"damage":6.0,"enemies":"Looter","floor":10.0,"turns":3.0},{"damage":21.0,"enemies":"Gremlin Nob","floor":12.0,"turns":4.0},{"damage":0,"enemies":"Exordium Thugs","floor":14,"turns":3},{"damage":30,"enemies":"Hexaghost","floor":16,"turns":9},{"damage":8,"enemies":"Spheric Guardian","floor":18,"turns":4},{"damage":18,"enemies":"2 Thieves","floor":19,"turns":5},{"damage":24,"enemies":"Cultist and Chosen","floor":22,"turns":6},{"damage":0,"enemies":"Snake Plant","floor":24,"turns":5},{"damage":30,"enemies":"Chosen and Byrds","floor":25,"turns":5},{"damage":25,"enemies":"3 Cultists","floor":29,"turns":5},{"damage":25,"enemies":"Book of Stabbing","floor":31,"turns":6},{"damage":24,"enemies":"Collector","floor":33,"turns":11},{"damage":14,"enemies":"3 Shapes","floor":35,"turns":3},{"damage":15,"enemies":"Orb Walker","floor":38,"turns":3},{"damage":0,"enemies":"Maw","floor":39,"turns":8},{"damage":28,"enemies":"3 Darklings","floor":42,"turns":5},{"damage":0,"enemies":"Jaw Worm Horde","floor":44,"turns":3},{"damage":9,"enemies":"Spire Growth","floor":48,"turns":4},{"damage":38,"enemies":"Donu and Deca","floor":50,"turns":6}],"seed_played":"4362875100590075059","potions_obtained":[{"floor":1.0,"key":"Energy Potion"},{"floor":2.0,"key":"PowerPotion"},{"floor":10.0,"key":"Weak Potion"},{"floor":12.0,"key":"EntropicBrew"},{"floor":19,"key":"SteroidPotion"},{"floor":24,"key":"FearPotion"},{"floor":29,"key":"Explosive Potion"},{"floor":31,"key":"Swift Potion"},{"floor":33,"key":"Swift Potion"},{"floor":35,"key":"EssenceOfSteel"},{"floor":38,"key":"Dexterity Potion"},{"floor":44,"key":"FocusPotion"}],"is_trial":false,"path_per_floor":["M","M","M","?","M","E","R","E","T","M","T","E","R","M","R","B",null,"M","M","$","?","M","R","M","M","T","?","R","M","$","E","R","B",null,"M","?","?","M","M","R","?","M","T","M","?","R","$","M","R","B",null],"character_chosen":"DEFECT","items_purchased":["Centennial Puzzle","Skim"],"campfire_rested":5,"item_purchase_floors":[20,30],"current_hp_per_floor":[62,61,61,61,47,32,53,33,33,27,27,6,6,6,6,1,54,46,28,28,28,16,37,37,19,19,19,40,27,27,14,35,36,62,48,62,62,47,47,47,47,31,31,43,43,43,43,46,67,45],"gold":14,"neow_bonus":"UPGRADE_CARD","is_prod":false,"is_daily":false,"chose_seed":false,"campfire_upgraded":4,"win_rate":0,"timestamp":1560795783,"path_taken":["M","M","M","?","M","E","R","E","T","M","?","E","R","?","R","BOSS","M","M","$","?","M","R","M","M","T","?","R","M","$","E","R","BOSS","M","?","?","?","M","R","?","M","T","?","?","R","?","M","R","BOSS"],"build_version":"2019-01-23","purchased_purges":1,"victory":true,"max_hp_per_floor":[71,71,71,71,71,71,71,71,71,71,71,71,71,71,71,71,71,71,71,71,71,71,71,71,71,71,71,71,71,71,71,71,71,71,71,71,71,71,71,71,71,71,71,71,71,71,71,71,71,71],"card_choices":[{"not_picked":["Storm","Leap"],"picked":"Doom and Gloom","floor":1.0},{"not_picked":["Turbo","Streamline"],"picked":"BootSequence","floor":2.0},{"not_picked":["Ball Lightning","Compile Driver","Turbo"],"picked":"SKIP","floor":3.0},{"not_picked":["Coolheaded","Beam Cell","Gash"],"picked":"SKIP","floor":5.0},{"not_picked":["Beam Cell","Rainbow","Coolheaded"],"picked":"SKIP","floor":6.0},{"not_picked":["FTL+1","Double Energy"],"picked":"Auto Shields","floor":8.0},{"not_picked":["Steam Power","Force Field"],"picked":"Barrage+1","floor":10.0},{"not_picked":["Conserve Battery","Ball Lightning+1"],"picked":"Defragment+1","floor":12.0},{"not_picked":["Steam Power","Storm+1","Force Field"],"picked":"SKIP","floor":14},{"not_picked":["Biased Cognition+1","Seek"],"picked":"Multi-Cast","floor":16},{"not_picked":["Barrage+1","Melter+1"],"picked":"Glacier","floor":18},{"not_picked":["Compile Driver+1","Streamline+1"],"picked":"Redo+1","floor":19},{"not_picked":["Scrape+1","Redo"],"picked":"Defragment+1","floor":22},{"not_picked":["Chill","FTL+1"],"picked":"Buffer+1","floor":23},{"not_picked":["Beam Cell+1","Sweeping Beam+1","Cold Snap+1"],"picked":"SKIP","floor":24},{"not_picked":["Tempest","Go for the Eyes+1"],"picked":"Loop+1","floor":25},{"not_picked":["BootSequence","Heatsinks+1"],"picked":"Turbo+1","floor":29},{"not_picked":["Rip and Tear+1","Cold Snap+1"],"picked":"Multi-Cast","floor":31},{"not_picked":["Hyperbeam+1","Biased Cognition+1"],"picked":"Creative AI+1","floor":33},{"not_picked":["Steam","Beam Cell+1","Auto Shields"],"picked":"SKIP","floor":35},{"not_picked":["Cold Snap+1","Stack+1","Steam"],"picked":"SKIP","floor":38},{"not_picked":["Leap","Stack+1","Genetic Algorithm"],"picked":"SKIP","floor":39},{"not_picked":["Rebound+1","Coolheaded"],"picked":"Electrodynamics+1","floor":42},{"not_picked":["Beam Cell+1","Compile Driver+1"],"picked":"Fusion+1","floor":44},{"not_picked":["Self Repair+1","Barrage+1","Beam Cell+1"],"picked":"SKIP","floor":48},{"not_picked":["Stack","BootSequence"],"picked":"Glacier","floor":49}],"player_experience":592720,"relics_obtained":[{"floor":6.0,"key":"Molten Egg 2"},{"floor":8.0,"key":"Whetstone"},{"floor":9.0,"key":"Frozen Egg 2"},{"floor":11.0,"key":"Dream Catcher"},{"floor":12.0,"key":"Pantograph"},{"floor":26,"key":"Dead Branch"},{"floor":31,"key":"Mummified Hand"},{"floor":43,"key":"Sundial"}],"event_choices":[{"damage_healed":0.0,"max_hp_gain":0.0,"max_hp_loss":0.0,"gold_gain":0.0,"event_name":"Living Wall","player_choice":"Grow","floor":4.0,"gold_loss":0.0,"damage_taken":0.0,"cards_upgraded":["Doom and Gloom"]},{"damage_healed":0,"gold_gain":0,"player_choice":"Obtained Relic","damage_taken":0,"relics_obtained":["Meat on the Bone"],"max_hp_gain":0,"max_hp_loss":0,"event_name":"Addict","floor":21,"gold_loss":85},{"damage_healed":0,"gold_gain":0,"player_choice":"Ignored","damage_taken":0,"max_hp_gain":0,"max_hp_loss":0,"event_name":"Beggar","floor":27,"gold_loss":0},{"damage_healed":14,"gold_gain":0,"player_choice":"Writhe","damage_taken":0,"max_hp_gain":0,"max_hp_loss":0,"event_name":"Winding Halls","floor":36,"gold_loss":0,"cards_obtained":["Writhe"]},{"cards_removed":["Defend_B"],"damage_healed":0,"gold_gain":0,"player_choice":"Removed Skill","damage_taken":0,"max_hp_gain":0,"max_hp_loss":0,"event_name":"Falling","floor":37,"gold_loss":0},{"damage_healed":0,"gold_gain":0,"player_choice":"2 cards matched","damage_taken":0,"max_hp_gain":0,"max_hp_loss":0,"event_name":"Match and Keep!","floor":41,"gold_loss":0,"cards_obtained":["Sunder","Barrage"]},{"damage_healed":0,"gold_gain":0,"player_choice":"Paid","damage_taken":0,"relics_obtained":["Red Mask"],"max_hp_gain":0,"max_hp_loss":0,"event_name":"Tomb of Lord Red Mask","floor":45,"gold_loss":214}],"is_beta":false,"boss_relics":[{"not_picked":["Pandora\u0027s Box","White Beast Statue"],"picked":"Snecko Eye"},{"not_picked":["Nuclear Battery","FrozenCore"],"picked":"Empty Cage"}],"items_purged_floors":[20],"is_endless":false,"potions_floor_spawned":[1,2,10,12,19,24,29,31,33,35,38,44],"ascension_level":18}