{"gold_per_floor":[113,130,37,47,64,64,97,97,97,97,8,8],"floor_reached":12,"playtime":340,"items_purged":[],"score":156,"play_id":"a4eb5e51-d1ca-4b19-8b15-d070438a225e","local_time":"20190602141850","is_ascension_mode":true,"campfire_choices":[{"data":"Perfected Strike","floor":6,"key":"SMITH"},{"data":"Evolve","floor":10,"key":"SMITH"}],"neow_cost":"NONE","seed_source_timestamp":1369781120031937,"circlet_count":0,"master_deck":["AscendersBane","Strike_R","Strike_R","Strike_R","Strike_R","Strike_R","Defend_R","Defend_R","Defend_R","Defend_R","Bash+1","Parasite","Parasite","Normality","Havoc","Perfected Strike+1","Evolve+1","Twin Strike","Wild Strike","Second Wind"],"relics":["Calling Bell","Blood Vial","Paper Frog","Champion Belt","Omamori","Mummified Hand"],"potions_floor_usage":[12],"damage_taken":[{"damage":11,"enemies":"Small Slimes","floor":1,"turns":4},{"damage":6,"enemies":"Cultist","floor":2,"turns":4},{"damage":9,"enemies":"Jaw Worm","floor":4,"turns":2},{"damage":17,"enemies":"Blue Slaver","floor":5,"turns":4},{"damage":32,"enemies":"Lagavulin","floor":7,"turns":7},{"damage":7,"enemies":"Exordium Thugs","floor":12,"turns":1}],"seed_played":"8430051254341222289","potions_obtained":[{"floor":7,"key":"SkillPotion"}],"is_trial":false,"path_per_floor":["M","M","$","M","M","R","E","?","T","R","$","M"],"character_chosen":"IRONCLAD","items_purchased":["Evolve","Twin Strike","Second Wind"],"campfire_rested":0,"item_purchase_floors":[3,3,11],"current_hp_per_floor":[59,55,55,48,33,33,3,3,3,3,3,0],"gold":8,"neow_bonus":"BOSS_RELIC","is_prod":false,"is_daily":false,"chose_seed":false,"campfire_upgraded":2,"win_rate":0,"timestamp":1559477930,"path_taken":["M","M","$","M","M","R","E","?","T","R","?","M"],"build_version":"2019-01-23","purchased_purges":0,"victory":false,"max_hp_per_floor":[75,75,75,75,75,75,75,75,75,75,75,75],"card_choices":[{"not_picked":["Headbutt","Shrug It Off"],"picked":"Havoc","floor":1},{"not_picked":["Sword Boomerang","Cleave"],"picked":"Perfected Strike","floor":2},{"not_picked":["Bloodletting","Heavy Blade","Pummel"],"picked":"SKIP","floor":4},{"not_picked":["Cleave","Warcry"],"picked":"Wild Strike","floor":5},{"not_picked":["Clothesline","Headbutt","Berserk"],"picked":"SKIP","floor":7}],"player_experience":495835,"relics_obtained":[{"floor":0,"key":"Blood Vial"},{"floor":0,"key":"Paper Frog"},{"floor":0,"key":"Champion Belt"},{"floor":7,"key":"Omamori"},{"floor":9,"key":"Mummified Hand"}],"event_choices":[{"damage_healed":0,"gold_gain":0,"player_choice":"Upgraded","damage_taken":0,"max_hp_gain":0,"max_hp_loss":0,"event_name":"Upgrade Shrine","floor":8,"gold_loss":0,"cards_upgraded":["Bash"]}],"is_beta":false,"boss_relics":[],"items_purged_floors":[],"is_endless":false,"potions_floor_spawned":[7],"killed_by":"Exordium Thugs","ascension_level":20}