{"gold_per_floor":[210,222,79,92,111,121,139,150,150,150,225,246,271,294,294,420,420,443,456,456,475,490,490],"floor_reached":23,"playtime":2399,"items_purged":["Strike_G"],"score":212,"play_id":"9f4f6187-016e-40d5-b715-5edb75e33499","local_time":"20190630003117","is_ascension_mode":true,"campfire_choices":[{"floor":15,"key":"REST"}],"neow_cost":"NONE","seed_source_timestamp":102289620471666,"circlet_count":0,"master_deck":["Defend_G","Defend_G","Defend_G","Defend_G","Defend_G","Strike_G","Strike_G","Strike_G","Strike_G","Survivor","Neutralize","Backstab","Cloak And Dagger","Footwork","Riddle With Holes","Choke","Choke","Acrobatics","Flying Knee","Infinite Blades","Dagger Spray","Deflect","Die Die Die","Leg Sweep+1","Escape Plan","Flying Knee","Escape Plan"],"relics":["Ring of the Snake","Lantern","Golden Idol","WristBlade"],"potions_floor_usage":[16,16,21,22,23,23],"damage_taken":[{"damage":2,"enemies":"2 Louse","floor":1,"turns":3},{"damage":0,"enemies":"Small Slimes","floor":2,"turns":3},{"damage":1,"enemies":"Jaw Worm","floor":4,"turns":4},{"damage":16,"enemies":"Lots of Slimes","floor":5,"turns":7},{"damage":0,"enemies":"Gremlin Gang","floor":6,"turns":5},{"damage":0,"enemies":"Blue Slaver","floor":7,"turns":4},{"damage":6,"enemies":"Exordium Wildlife","floor":8,"turns":4},{"damage":9,"enemies":"Exordium Thugs","floor":12,"turns":6},{"damage":0,"enemies":"Red Slaver","floor":13,"turns":5},{"damage":0,"enemies":"3 Louse","floor":14,"turns":2},{"damage":26,"enemies":"The Guardian","floor":16,"turns":13},{"damage":16,"enemies":"Shell Parasite","floor":18,"turns":6},{"damage":36,"enemies":"Spheric Guardian","floor":19,"turns":6},{"damage":13,"enemies":"Snecko","floor":21,"turns":5},{"damage":0,"enemies":"Centurion and Healer","floor":22,"turns":5},{"damage":5,"enemies":"Snake Plant","floor":23,"turns":2}],"seed_played":"-5583782188586046906","potions_obtained":[{"floor":5,"key":"SteroidPotion"},{"floor":6,"key":"AttackPotion"},{"floor":7,"key":"Block Potion"},{"floor":14,"key":"AttackPotion"},{"floor":16,"key":"Ancient Potion"},{"floor":21,"key":"SkillPotion"},{"floor":22,"key":"PowerPotion"}],"is_trial":false,"path_per_floor":["M","M","$","M","M","M","M","M","T","?","?","M","M","M","R","B",null,"M","M","?","M","M","M"],"character_chosen":"THE_SILENT","items_purchased":["Footwork"],"campfire_rested":1,"item_purchase_floors":[3],"current_hp_per_floor":[68,68,68,67,51,51,51,45,45,45,34,25,25,25,46,20,70,54,18,18,5,5,0],"gold":490,"neow_bonus":"HUNDRED_GOLD","is_prod":false,"is_daily":false,"chose_seed":false,"campfire_upgraded":0,"win_rate":0,"timestamp":1561825877,"path_taken":["M","M","$","M","M","M","M","M","T","?","?","M","M","M","R","BOSS","M","M","?","M","?","?"],"build_version":"2019-01-23","purchased_purges":1,"victory":false,"max_hp_per_floor":[70,70,70,70,70,70,70,70,70,70,70,70,70,70,70,70,70,70,70,70,70,70,70],"card_choices":[{"not_picked":["PiercingWail","Heel Hook"],"picked":"Backstab","floor":1},{"not_picked":["Backflip","Dagger Throw"],"picked":"Cloak And Dagger","floor":2},{"not_picked":["Bane","PiercingWail"],"picked":"Riddle With Holes","floor":4},{"not_picked":["Riddle With Holes","Dodge and Roll"],"picked":"Choke","floor":5},{"not_picked":["Underhanded Strike","Tactician"],"picked":"Choke","floor":6},{"not_picked":["Crippling Poison","PiercingWail"],"picked":"Acrobatics","floor":7},{"not_picked":["Caltrops","Dagger Throw"],"picked":"Flying Knee","floor":8},{"not_picked":["Terror","Dash"],"picked":"Infinite Blades","floor":12},{"not_picked":["Outmaneuver","Tactician"],"picked":"Dagger Spray","floor":13},{"not_picked":["Dodge and Roll","Bane"],"picked":"Deflect","floor":14},{"not_picked":["Glass Knife","Corpse Explosion"],"picked":"Die Die Die","floor":16},{"not_picked":["Prepared+1","Dodge and Roll+1"],"picked":"Leg Sweep+1","floor":18},{"not_picked":["PiercingWail+1","Reflex"],"picked":"Escape Plan","floor":19},{"not_picked":["Riddle With Holes","Dagger Throw"],"picked":"Flying Knee","floor":21},{"not_picked":["Deadly Poison","Predator"],"picked":"Escape Plan","floor":22}],"player_experience":53177,"relics_obtained":[{"floor":9,"key":"Lantern"}],"event_choices":[{"damage_healed":0,"gold_gain":0,"player_choice":"Take Wound","damage_taken":0,"relics_obtained":["Golden Idol"],"max_hp_gain":0,"max_hp_loss":0,"event_name":"Golden Idol","floor":10,"gold_loss":0,"cards_obtained":["Injury"]},{"damage_healed":0,"gold_gain":75,"player_choice":"Gather Gold","damage_taken":11,"max_hp_gain":0,"max_hp_loss":0,"event_name":"World of Goop","floor":11,"gold_loss":0},{"cards_removed":["Injury"],"damage_healed":0,"gold_gain":0,"player_choice":"Removed Curses","damage_taken":0,"max_hp_gain":0,"max_hp_loss":0,"event_name":"Fountain of Cleansing","floor":20,"gold_loss":0}],"is_beta":false,"boss_relics":[{"not_picked":["Velvet Choker","Runic Pyramid"],"picked":"WristBlade"}],"items_purged_floors":[3],"is_endless":false,"potions_floor_spawned":[5,6,7,14,16,21,22],"killed_by":"Snake Plant","ascension_level":2}