{"gold_per_floor":[13,23,39,214,105,105,134,34,34,34,52,52,68,133,133,235,235,248,248],"floor_reached":19,"playtime":988,"items_purged":["Doubt","Strike_G"],"score":242,"play_id":"77ece6cb-0013-4884-9473-8a8c91f52a9e","local_time":"20190402142338","is_ascension_mode":true,"campfire_choices":[{"data":"Tools of the Trade","floor":6.0,"key":"SMITH"},{"floor":10.0,"key":"REST"},{"data":"Terror","floor":12.0,"key":"SMITH"},{"data":"All Out Attack","floor":15.0,"key":"SMITH"}],"neow_cost":"NO_GOLD","seed_source_timestamp":329518150234910,"circlet_count":0,"master_deck":["Defend_G","Defend_G","Defend_G","Defend_G","Defend_G","Strike_G","Strike_G","Strike_G","Strike_G","Survivor","Neutralize","Tools of the Trade+1","Dash","Endless Agony","Terror+1","All Out Attack+1","Backflip","Tools of the Trade"],"special_seed":0,"relics":["Ring of the Snake","Ginger","Turnip","Ancient Tea Set","Eternal Feather"],"potions_floor_usage":[19,19],"damage_taken":[{"damage":4.0,"enemies":"Small Slimes","floor":1.0,"turns":5.0},{"damage":4.0,"enemies":"Jaw Worm","floor":2.0,"turns":4.0},{"damage":0.0,"enemies":"Cultist","floor":3.0,"turns":4.0},{"damage":50.0,"enemies":"Gremlin Nob","floor":7.0,"turns":5.0},{"damage":0.0,"enemies":"Blue Slaver","floor":11.0,"turns":4.0},{"damage":0.0,"enemies":"Large Slime","floor":13.0,"turns":5.0},{"damage":0.0,"enemies":"3 Sentries","floor":14.0,"turns":8.0},{"damage":25.0,"enemies":"Slime Boss","floor":16.0,"turns":11.0},{"damage":18.0,"enemies":"Spheric Guardian","floor":18.0,"turns":6.0},{"damage":10,"enemies":"Colosseum Slavers","floor":19,"turns":4},{"damage":37,"enemies":"Colosseum Nobs","floor":19,"turns":3}],"seed_played":"-2035817922795332896","potions_obtained":[{"floor":1.0,"key":"Regen Potion"},{"floor":7.0,"key":"SpeedPotion"},{"floor":14.0,"key":"SkillPotion"}],"is_trial":false,"path_per_floor":["M","M","M","?","$","R","E","$","T","R","M","R","M","?","R","B",null,"M","?"],"character_chosen":"THE_SILENT","items_purchased":["Terror"],"campfire_rested":1,"item_purchase_floors":[5],"current_hp_per_floor":[59,55,55,55,55,55,5,5,5,26,26,26,26,41,41,16,57,39,0],"gold":248,"neow_bonus":"THREE_RARE_CARDS","is_prod":false,"is_daily":false,"chose_seed":false,"campfire_upgraded":3,"win_rate":0,"timestamp":1554207818,"path_taken":["M","M","M","?","$","R","E","?","T","R","?","R","M","?","R","BOSS","M","?"],"build_version":"2019-01-23","purchased_purges":2,"victory":false,"max_hp_per_floor":[70,70,70,70,70,70,70,70,70,70,70,70,70,70,70,70,70,70,70],"card_choices":[{"not_picked":["Corpse Explosion","Burst"],"picked":"Tools of the Trade","floor":0.0},{"not_picked":["PiercingWail","Dagger Spray"],"picked":"Dash","floor":1.0},{"not_picked":["Finisher","Outmaneuver"],"picked":"Endless Agony","floor":2.0},{"not_picked":["Dodge and Roll","PiercingWail","Flying Knee"],"picked":"SKIP","floor":3.0},{"not_picked":["Riddle With Holes","After Image"],"picked":"All Out Attack","floor":7.0},{"not_picked":["Predator","Dagger Spray"],"picked":"Backflip","floor":11.0},{"not_picked":["Backflip","Dodge and Roll","Catalyst"],"picked":"SKIP","floor":13.0},{"not_picked":["Malaise","Wraith Form v2"],"picked":"Tools of the Trade","floor":16.0},{"not_picked":["Calculated Gamble","Dagger Throw+1","PiercingWail"],"picked":"SKIP","floor":18.0}],"player_experience":181133,"relics_obtained":[{"floor":7.0,"key":"Ginger"},{"floor":9.0,"key":"Turnip"},{"floor":14.0,"key":"Ancient Tea Set"}],"event_choices":[{"damage_healed":0.0,"max_hp_gain":0.0,"max_hp_loss":0.0,"gold_gain":175.0,"event_name":"Liars Game","player_choice":"AGREE","floor":4.0,"gold_loss":0.0,"damage_taken":0.0,"cards_obtained":["Doubt"]},{"damage_healed":0.0,"max_hp_gain":0.0,"max_hp_loss":0.0,"gold_gain":0.0,"event_name":"Dead Adventurer","player_choice":"Searched \u00271\u0027 times","floor":14.0,"gold_loss":0.0,"damage_taken":0.0},{"damage_healed":0,"gold_gain":0,"player_choice":"Fight","damage_taken":0,"max_hp_gain":0,"max_hp_loss":0,"event_name":"Colosseum","floor":19,"gold_loss":0},{"damage_healed":0,"gold_gain":0,"player_choice":"Fought Nobs","damage_taken":0,"max_hp_gain":0,"max_hp_loss":0,"event_name":"Colosseum","floor":19,"gold_loss":0}],"is_beta":false,"boss_relics":[{"not_picked":["Runic Pyramid","HoveringKite"],"picked":"Eternal Feather"}],"items_purged_floors":[5,8],"is_endless":false,"potions_floor_spawned":[1,7,14,19],"killed_by":"Colosseum Nobs","ascension_level":9}