{"gold_per_floor":[99,99,99,52,52,52,52,52,52,52,52,52,52,52,52,52],"floor_reached":16,"playtime":540,"items_purged":[],"score":170,"play_id":"6c4c181b-6b4c-479d-b4ec-05f9f6a769eb","local_time":"20190516220645","is_ascension_mode":true,"campfire_choices":[{"data":"Quick Slash","floor":11,"key":"SMITH"},{"data":"Deadly Poison","floor":13,"key":"SMITH"},{"data":"Catalyst","floor":15,"key":"SMITH"}],"neow_cost":"NONE","seed_source_timestamp":109655226834478,"circlet_count":0,"master_deck":["AscendersBane","Defend_G","Defend_G","Defend_G","Defend_G","Defend_G","Strike_G","Strike_G","Strike_G","Strike_G","Strike_G","Survivor","Neutralize","Dodge and Roll","Backflip","Quick Slash+1","Deadly Poison+1","Catalyst+1","Parasite","Backflip","Envenom"],"special_seed":0,"relics":["Ectoplasm","Bottled Flame","Centennial Puzzle","Oddly Smooth Stone"],"potions_floor_usage":[16,16],"damage_taken":[{"damage":0.0,"enemies":"Jaw Worm","floor":1.0,"turns":4.0},{"damage":0.0,"enemies":"Small Slimes","floor":2.0,"turns":5.0},{"damage":0.0,"enemies":"2 Louse","floor":5.0,"turns":2.0},{"damage":21.0,"enemies":"Lagavulin","floor":6.0,"turns":10.0},{"damage":2,"enemies":"Large Slime","floor":10,"turns":7},{"damage":9,"enemies":"Gremlin Gang","floor":14,"turns":6},{"damage":36,"enemies":"Slime Boss","floor":16,"turns":10}],"seed_played":"-5690245697656279398","potions_obtained":[{"floor":10,"key":"SpeedPotion"},{"floor":14,"key":"EssenceOfSteel"}],"is_trial":false,"path_per_floor":["M","M","?","$","M","E","?","?","T","M","R","T","R","M","R","B"],"character_chosen":"THE_SILENT","items_purchased":["Quick Slash"],"campfire_rested":0,"item_purchase_floors":[4],"current_hp_per_floor":[59,59,48,48,48,27,27,43,43,41,41,41,41,32,32,0],"gold":52,"neow_bonus":"BOSS_RELIC","is_prod":false,"is_daily":false,"chose_seed":false,"campfire_upgraded":3,"win_rate":0,"timestamp":1558037205,"path_taken":["M","M","?","$","M","E","?","?","T","M","R","?","R","M","R","BOSS"],"build_version":"2019-01-23","purchased_purges":0,"victory":false,"max_hp_per_floor":[66,66,66,66,66,66,66,66,66,66,66,66,66,66,66,66],"card_choices":[{"not_picked":["Outmaneuver","Blade Dance"],"picked":"Dodge and Roll","floor":1.0},{"not_picked":["Escape Plan","Terror"],"picked":"Backflip","floor":2.0},{"not_picked":["Outmaneuver","Bane"],"picked":"Deadly Poison","floor":5.0},{"not_picked":["Bane","Quick Slash"],"picked":"Catalyst","floor":6.0},{"not_picked":["Well Laid Plans","Quick Slash"],"picked":"Backflip","floor":10},{"not_picked":["Noxious Fumes","Slice"],"picked":"Envenom","floor":14}],"player_experience":337828,"relics_obtained":[{"floor":6.0,"key":"Bottled Flame"},{"floor":9,"key":"Centennial Puzzle"},{"floor":12,"key":"Oddly Smooth Stone"}],"event_choices":[{"damage_healed":0.0,"max_hp_gain":0.0,"max_hp_loss":0.0,"gold_gain":75.0,"event_name":"World of Goop","player_choice":"Gather Gold","floor":3.0,"gold_loss":0.0,"damage_taken":11.0},{"damage_healed":0,"gold_gain":0,"player_choice":"Searched \u00270\u0027 times","damage_taken":0,"max_hp_gain":0,"max_hp_loss":0,"event_name":"Dead Adventurer","floor":7,"gold_loss":0},{"damage_healed":16,"gold_gain":0,"player_choice":"Healed and dodged fight","damage_taken":0,"max_hp_gain":0,"max_hp_loss":0,"event_name":"Mushrooms","floor":8,"gold_loss":0,"cards_obtained":["Parasite"]}],"is_beta":false,"boss_relics":[],"items_purged_floors":[],"is_endless":false,"potions_floor_spawned":[10,14],"killed_by":"Slime Boss","ascension_level":14}