{"gold_per_floor":[17,17,17,40,40,40,59,99,152,164,176],"floor_reached":11,"playtime":372,"items_purged":[],"score":85,"play_id":"1c6b9744-2d1d-4acf-9d00-6a07f6530920","local_time":"20190311160623","is_ascension_mode":true,"campfire_choices":[{"data":"Bash","floor":6.0,"key":"SMITH"},{"data":"Whirlwind","floor":10.0,"key":"SMITH"}],"neow_cost":"NO_GOLD","seed_source_timestamp":838579724846450,"circlet_count":0,"master_deck":["Strike_R","Strike_R","Strike_R","Strike_R","Strike_R","Defend_R+1","Defend_R","Defend_R","Defend_R","Bash+1","Feed+1","True Grit","Whirlwind+1","Power Through"],"special_seed":0,"relics":["Burning Blood","Golden Idol","Blood Vial","MawBank"],"potions_floor_usage":[],"damage_taken":[{"damage":7.0,"enemies":"Small Slimes","floor":1.0,"turns":4.0},{"damage":0.0,"enemies":"2 Louse","floor":4.0,"turns":3.0},{"damage":0.0,"enemies":"Jaw Worm","floor":7.0,"turns":5.0},{"damage":36.0,"enemies":"Gremlin Nob","floor":8.0,"turns":5.0},{"damage":17,"enemies":"Lagavulin","floor":11,"turns":6}],"seed_played":"-9114923077490263137","potions_obtained":[{"floor":4.0,"key":"EssenceOfSteel"}],"is_trial":false,"path_per_floor":["M","?","?","M","?","R","M","E","T","R","E"],"character_chosen":"IRONCLAD","items_purchased":[],"campfire_rested":0,"item_purchase_floors":[],"current_hp_per_floor":[82,65,45,55,55,55,61,31,31,31,16],"gold":176,"neow_bonus":"THREE_RARE_CARDS","is_prod":false,"is_daily":false,"chose_seed":false,"campfire_upgraded":2,"win_rate":0,"timestamp":1552316783,"path_taken":["M","?","?","M","?","R","M","E","T","R","E"],"build_version":"2019-01-23","purchased_purges":0,"victory":false,"max_hp_per_floor":[83,83,83,87,87,87,87,87,87,87,87],"card_choices":[{"not_picked":["Impervious","Offering"],"picked":"Feed","floor":0.0},{"not_picked":["Cleave","Armaments"],"picked":"True Grit","floor":1.0},{"not_picked":["Body Slam","Clash","Thunderclap"],"picked":"SKIP","floor":4.0},{"not_picked":["Bloodletting","Thunderclap"],"picked":"Whirlwind","floor":7.0},{"not_picked":["Pummel","Burning Pact"],"picked":"Power Through","floor":8.0}],"player_experience":64397,"relics_obtained":[{"floor":8.0,"key":"Blood Vial"},{"floor":9.0,"key":"MawBank"}],"event_choices":[{"damage_healed":0.0,"max_hp_gain":0.0,"max_hp_loss":0.0,"gold_gain":0.0,"event_name":"Shining Light","player_choice":"Entered Light","floor":2.0,"gold_loss":0.0,"damage_taken":17.0,"cards_upgraded":["Feed","Defend_R"]},{"damage_healed":0.0,"max_hp_gain":0.0,"max_hp_loss":0.0,"gold_gain":0.0,"event_name":"Golden Idol","player_choice":"Take Damage","floor":3.0,"gold_loss":0.0,"damage_taken":20.0,"relics_obtained":["Golden Idol"]},{"damage_healed":0.0,"max_hp_gain":0.0,"max_hp_loss":0.0,"gold_gain":0.0,"event_name":"Liars Game","player_choice":"Ignored","floor":5.0,"gold_loss":0.0,"damage_taken":0.0}],"is_beta":false,"boss_relics":[],"items_purged_floors":[],"is_endless":false,"potions_floor_spawned":[4],"killed_by":"Lagavulin","ascension_level":4}