{"gold_per_floor":[119,119,136,61,61,61,72,99,99,99,1,33,46,66,66,137,137,155,155,21,14,34,34,46,60,135,135,150,150],"floor_reached":29,"playtime":1294,"items_purged":["Strike_G"],"score":474,"play_id":"e9c5c310-2e31-4399-9dfa-eeb1fe980626","local_time":"20190621121823","is_ascension_mode":true,"campfire_choices":[{"data":"Storm of Steel","floor":6.0,"key":"SMITH"},{"floor":10.0,"key":"REST"},{"floor":15.0,"key":"REST"},{"floor":23.0,"key":"REST"},{"floor":27,"key":"REST"}],"neow_cost":"NONE","seed_source_timestamp":591403050465801,"circlet_count":0,"master_deck":["AscendersBane","Defend_G","Defend_G","Defend_G","Defend_G","Defend_G","Strike_G","Strike_G","Strike_G","Survivor","Neutralize","Storm of Steel+1","Well Laid Plans+1","Escape Plan","Skewer","Backflip","Accuracy","Cloak And Dagger","Deflect","Phantasmal Killer","Footwork","Deflect+1","Footwork"],"special_seed":0,"relics":["Ring of the Snake","Dodecahedron","Lantern","Singing Bowl","WristBlade","Blue Candle","Darkstone Periapt"],"potions_floor_usage":[25,28],"damage_taken":[{"damage":19.0,"enemies":"Jaw Worm","floor":1.0,"turns":7.0},{"damage":1.0,"enemies":"Cultist","floor":3.0,"turns":4.0},{"damage":0.0,"enemies":"2 Louse","floor":7.0,"turns":4.0},{"damage":12.0,"enemies":"Gremlin Nob","floor":8.0,"turns":4.0},{"damage":12.0,"enemies":"Lagavulin","floor":12.0,"turns":6.0},{"damage":14.0,"enemies":"Gremlin Gang","floor":13.0,"turns":5.0},{"damage":7.0,"enemies":"Large Slime","floor":14.0,"turns":5.0},{"damage":23.0,"enemies":"Slime Boss","floor":16.0,"turns":9.0},{"damage":0.0,"enemies":"Chosen","floor":18.0,"turns":2.0},{"damage":14.0,"enemies":"2 Thieves","floor":21.0,"turns":4.0},{"damage":33.0,"enemies":"Shelled Parasite and Fungi","floor":22.0,"turns":7.0},{"damage":13.0,"enemies":"3 Cultists","floor":24.0,"turns":5.0},{"damage":2,"enemies":"Snake Plant","floor":25,"turns":3},{"damage":7,"enemies":"Centurion and Healer","floor":28,"turns":5},{"damage":42,"enemies":"Book of Stabbing","floor":29,"turns":7}],"seed_played":"198157394003670339","potions_obtained":[{"floor":3.0,"key":"Ancient Potion"},{"floor":7.0,"key":"PowerPotion"},{"floor":8.0,"key":"Strength Potion"},{"floor":14.0,"key":"Strength Potion"},{"floor":21.0,"key":"SpeedPotion"},{"floor":22.0,"key":"Explosive Potion"},{"floor":28,"key":"Fruit Juice"}],"is_trial":false,"path_per_floor":["M","?","M","$","?","R","M","E","T","R","$","E","M","M","R","B",null,"M","?","?","M","M","R","M","M","T","R","M","E"],"character_chosen":"THE_SILENT","items_purchased":["Accuracy","Cloak And Dagger"],"campfire_rested":4,"item_purchase_floors":[11,11],"current_hp_per_floor":[40,33,32,32,32,32,32,20,20,39,39,29,15,10,31,8,55,55,55,55,43,10,31,20,20,20,42,40,0],"gold":150,"neow_bonus":"ONE_RANDOM_RARE_CARD","is_prod":false,"is_daily":false,"chose_seed":false,"campfire_upgraded":1,"win_rate":0,"timestamp":1561112303,"path_taken":["M","?","M","?","?","R","M","E","T","R","$","E","?","M","R","BOSS","M","?","?","M","M","R","M","M","T","R","M","E"],"build_version":"2019-01-23","purchased_purges":1,"victory":false,"max_hp_per_floor":[66,66,66,66,66,66,66,66,66,66,66,68,68,70,70,70,70,70,70,70,72,72,72,74,76,76,76,81,81],"card_choices":[{"not_picked":["Flying Knee","Prepared"],"picked":"Well Laid Plans","floor":1.0},{"not_picked":["Concentrate","Deadly Poison"],"picked":"Escape Plan","floor":3.0},{"not_picked":["Blade Dance","Sucker Punch"],"picked":"Skewer","floor":7.0},{"not_picked":["Tools of the Trade","Flying Knee"],"picked":"Backflip","floor":8.0},{"not_picked":["Bane","Catalyst","Masterful Stab"],"picked":"Singing Bowl","floor":12.0},{"not_picked":["Quick Slash","Outmaneuver"],"picked":"Deflect","floor":13.0},{"not_picked":["Dodge and Roll","Underhanded Strike","Blade Dance"],"picked":"Singing Bowl","floor":14.0},{"not_picked":["Die Die Die","Unload"],"picked":"Phantasmal Killer","floor":16.0},{"not_picked":["Catalyst","Dagger Throw"],"picked":"Footwork","floor":18.0},{"not_picked":["Underhanded Strike","Slice","Dagger Spray"],"picked":"Singing Bowl","floor":21.0},{"not_picked":["Masterful Stab","Prepared"],"picked":"Deflect+1","floor":22.0},{"not_picked":["Bane","Endless Agony","Setup+1"],"picked":"Singing Bowl","floor":24.0},{"not_picked":["PiercingWail","Dodge and Roll","Poisoned Stab"],"picked":"Singing Bowl","floor":25},{"not_picked":["Blade Dance","Reflex"],"picked":"Footwork","floor":28}],"player_experience":634007,"relics_obtained":[{"floor":8.0,"key":"Dodecahedron"},{"floor":9.0,"key":"Lantern"},{"floor":12.0,"key":"Singing Bowl"},{"floor":26,"key":"Darkstone Periapt"}],"event_choices":[{"cards_removed":["Strike_G"],"damage_healed":0.0,"max_hp_gain":0.0,"max_hp_loss":0.0,"gold_gain":0.0,"event_name":"Golden Wing","player_choice":"Card Removal","floor":2.0,"gold_loss":0.0,"damage_taken":7.0},{"damage_healed":0.0,"max_hp_gain":0.0,"max_hp_loss":0.0,"gold_gain":0.0,"event_name":"Living Wall","player_choice":"Grow","floor":5.0,"gold_loss":0.0,"damage_taken":0.0,"cards_upgraded":["Well Laid Plans"]},{"damage_healed":0.0,"max_hp_gain":0.0,"max_hp_loss":0.0,"gold_gain":0.0,"event_name":"Vampires","player_choice":"Ignored","floor":19.0,"gold_loss":0.0,"damage_taken":0.0},{"damage_healed":0.0,"max_hp_gain":0.0,"max_hp_loss":0.0,"gold_gain":0.0,"event_name":"WeMeetAgain","player_choice":"Paid Gold","floor":20.0,"gold_loss":134.0,"damage_taken":0.0,"relics_obtained":["Blue Candle"]}],"is_beta":false,"boss_relics":[{"not_picked":["Lizard Tail","Pandora\u0027s Box"],"picked":"WristBlade"}],"items_purged_floors":[4],"is_endless":false,"potions_floor_spawned":[3,7,8,14,21,22,28],"killed_by":"Book of Stabbing","ascension_level":20}