{"gold_per_floor":[111,121,296,296,313,313,313,340,340,369,387,387,412,431,431,431],"floor_reached":16,"playtime":649,"items_purged":[],"score":174,"play_id":"73abf95c-93ca-483c-84ab-5e98ac15f5bd","local_time":"20190402224203","is_ascension_mode":true,"campfire_choices":[{"data":"Crippling Poison","floor":6,"key":"SMITH"},{"floor":12,"key":"REST"},{"floor":15,"key":"REST"}],"neow_cost":"NONE","seed_source_timestamp":359897501407837,"circlet_count":0,"master_deck":["Defend_G","Defend_G","Defend_G","Defend_G","Defend_G","Strike_G","Strike_G","Strike_G","Strike_G","Strike_G","Survivor","Neutralize+1","Dash","Crippling Poison+1","Doubt","Terror"],"relics":["Ring of the Snake","NeowsBlessing","Letter Opener","Boot","Incense Burner","Singing Bowl","Ice Cream"],"potions_floor_usage":[10,13],"damage_taken":[{"damage":0,"enemies":"Cultist","floor":1,"turns":1},{"damage":0,"enemies":"2 Louse","floor":2,"turns":1},{"damage":0,"enemies":"Jaw Worm","floor":5,"turns":1},{"damage":50,"enemies":"3 Sentries","floor":8,"turns":17},{"damage":1,"enemies":"Gremlin Nob","floor":10,"turns":4},{"damage":7,"enemies":"Lots of Slimes","floor":11,"turns":3},{"damage":19,"enemies":"3 Sentries","floor":13,"turns":12},{"damage":0,"enemies":"Blue Slaver","floor":14,"turns":5},{"damage":36,"enemies":"The Guardian","floor":16,"turns":9}],"seed_played":"1748308846340534869","potions_obtained":[{"floor":1,"key":"GhostInAJar"},{"floor":8,"key":"AttackPotion"},{"floor":11,"key":"SpeedPotion"},{"floor":13,"key":"EssenceOfSteel"}],"is_trial":false,"path_per_floor":["M","M","?","T","M","R","?","E","T","E","M","R","E","M","R","B"],"character_chosen":"THE_SILENT","items_purchased":[],"campfire_rested":2,"item_purchase_floors":[],"current_hp_per_floor":[63,63,63,63,63,63,63,13,13,14,9,31,14,14,36,0],"gold":431,"neow_bonus":"THREE_ENEMY_KILL","is_prod":false,"is_daily":false,"chose_seed":false,"campfire_upgraded":1,"win_rate":0,"timestamp":1554237723,"path_taken":["M","?","?","?","?","R","?","E","T","E","M","R","E","M","R","BOSS"],"build_version":"2019-01-23","purchased_purges":0,"victory":false,"max_hp_per_floor":[70,70,70,70,70,70,70,70,70,72,74,74,76,76,76,76],"card_choices":[{"not_picked":["Backflip","Bouncing Flask"],"picked":"Dash","floor":1},{"not_picked":["Acrobatics","Heel Hook"],"picked":"Crippling Poison","floor":2},{"not_picked":["Deflect","Flechettes","Outmaneuver"],"picked":"SKIP","floor":5},{"not_picked":["Prepared","Catalyst","Dagger Throw"],"picked":"SKIP","floor":8},{"not_picked":["Deflect","Flying Knee","Prepared"],"picked":"Singing Bowl","floor":10},{"not_picked":["Sucker Punch","Slice","Eviscerate"],"picked":"Singing Bowl","floor":11},{"not_picked":["Setup","Bouncing Flask","Flying Knee"],"picked":"Singing Bowl","floor":13},{"not_picked":["Flying Knee","Calculated Gamble"],"picked":"Terror","floor":14}],"player_experience":185739,"relics_obtained":[{"floor":4,"key":"Letter Opener"},{"floor":8,"key":"Boot"},{"floor":9,"key":"Incense Burner"},{"floor":10,"key":"Singing Bowl"},{"floor":13,"key":"Ice Cream"}],"event_choices":[{"damage_healed":0,"gold_gain":175,"player_choice":"AGREE","damage_taken":0,"max_hp_gain":0,"max_hp_loss":0,"event_name":"Liars Game","floor":3,"gold_loss":0,"cards_obtained":["Doubt"]},{"damage_healed":0,"gold_gain":0,"player_choice":"Forge","damage_taken":0,"max_hp_gain":0,"max_hp_loss":0,"event_name":"Accursed Blacksmith","floor":7,"gold_loss":0,"cards_upgraded":["Neutralize"]}],"is_beta":false,"boss_relics":[],"items_purged_floors":[],"is_endless":false,"potions_floor_spawned":[1,8,11,13],"killed_by":"The Guardian","ascension_level":9}