{"gold_per_floor":[112,112,122,132,132,165,165,194,194,209,9,9,43,59,59,138,138,154,165,165,184,196,196,211,211,211,211,29,29,29,45,45,122,122,142,102,119,132,142,142,173,173,248,262,287,287,305,325,325,325],"floor_reached":50,"playtime":3095,"items_purged":["Strike_G","Pain"],"score":1102,"play_id":"5501c688-034c-4d97-9522-5882bbaefa40","local_time":"20190630191930","is_ascension_mode":true,"campfire_choices":[{"data":"Neutralize","floor":7.0,"key":"SMITH"},{"floor":12.0,"key":"REST"},{"floor":15.0,"key":"REST"},{"data":"Well Laid Plans","floor":23.0,"key":"SMITH"},{"floor":25.0,"key":"REST"},{"floor":27.0,"key":"REST"},{"data":"Noxious Fumes","floor":29.0,"key":"SMITH"},{"data":"Choke","floor":32.0,"key":"SMITH"},{"data":"Skewer","floor":40,"key":"SMITH"},{"floor":42,"key":"RECALL"},{"floor":46,"key":"REST"},{"floor":49,"key":"REST"}],"neow_cost":"NONE","seed_source_timestamp":929576423553000,"circlet_count":0,"master_deck":["AscendersBane","Strike_G","Strike_G","Strike_G","Defend_G","Defend_G","Defend_G","Defend_G","Defend_G","Survivor","Neutralize+1","Dash+1","Choke+1","Backflip","Cloak And Dagger+1","Dodge and Roll+1","Well Laid Plans+1","Skewer+1","Calculated Gamble+1","Bouncing Flask+1","Bullet Time+1","Dodge and Roll+1","Catalyst+1","Die Die Die","Bouncing Flask+1","Backstab+1","Noxious Fumes+1","Dodge and Roll+1","Distraction+1","Backflip+1","Adrenaline+1","Acrobatics+1"],"special_seed":0,"relics":["Ring of the Serpent","NeowsBlessing","Toxic Egg 2","Matryoshka","Snake Skull","Mummified Hand","Lantern","WarpedTongs","Singing Bowl","Smiling Mask","Busted Crown","Frozen Egg 2","Art of War"],"potions_floor_usage":[33,45,47,48],"damage_taken":[{"damage":0.0,"enemies":"Jaw Worm","floor":1.0,"turns":1.0},{"damage":0.0,"enemies":"Cultist","floor":3.0,"turns":1.0},{"damage":0.0,"enemies":"Small Slimes","floor":4.0,"turns":1.0},{"damage":24.0,"enemies":"3 Sentries","floor":6.0,"turns":11.0},{"damage":34.0,"enemies":"Gremlin Nob","floor":8.0,"turns":5.0},{"damage":0.0,"enemies":"Red Slaver","floor":10.0,"turns":3.0},{"damage":20.0,"enemies":"Lagavulin","floor":13.0,"turns":7.0},{"damage":0.0,"enemies":"2 Fungi Beasts","floor":14.0,"turns":4.0},{"damage":19.0,"enemies":"The Guardian","floor":16.0,"turns":8.0},{"damage":11.0,"enemies":"2 Thieves","floor":18.0,"turns":4.0},{"damage":2.0,"enemies":"Shell Parasite","floor":19.0,"turns":6.0},{"damage":7.0,"enemies":"Snake Plant","floor":21.0,"turns":3.0},{"damage":8.0,"enemies":"Shelled Parasite and Fungi","floor":22.0,"turns":4.0},{"damage":19.0,"enemies":"Centurion and Healer","floor":24.0,"turns":6.0},{"damage":0.0,"enemies":"Cultist and Chosen","floor":31.0,"turns":4.0},{"damage":11,"enemies":"Champ","floor":33,"turns":6},{"damage":0,"enemies":"3 Shapes","floor":35,"turns":3},{"damage":5,"enemies":"Orb Walker","floor":37,"turns":2},{"damage":0,"enemies":"4 Shapes","floor":38,"turns":5},{"damage":16,"enemies":"3 Darklings","floor":39,"turns":4},{"damage":3,"enemies":"Giant Head","floor":41,"turns":5},{"damage":18,"enemies":"Sphere and 2 Shapes","floor":44,"turns":6},{"damage":19,"enemies":"Reptomancer","floor":45,"turns":4},{"damage":10,"enemies":"Writhing Mass","floor":47,"turns":3},{"damage":0,"enemies":"Spire Growth","floor":48,"turns":4},{"damage":67,"enemies":"Donu and Deca","floor":50,"turns":7}],"seed_played":"-7181680349194406462","potions_obtained":[{"floor":1.0,"key":"Regen Potion"},{"floor":2.0,"key":"EntropicBrew"},{"floor":8.0,"key":"Swift Potion"},{"floor":13.0,"key":"Block Potion"},{"floor":14.0,"key":"LiquidBronze"},{"floor":21.0,"key":"Ancient Potion"},{"floor":24.0,"key":"PowerPotion"},{"floor":36,"key":"Poison Potion"},{"floor":36,"key":"SpeedPotion"},{"floor":45,"key":"PowerPotion"}],"is_trial":false,"path_per_floor":["M","?","M","M","?","E","R","E","T","M","$","R","E","M","R","B",null,"M","M","?","M","M","R","M","R","T","R","$","R","?","M","R","B",null,"M","?","M","M","M","R","E","R","T","M","E","R","M","M","R","B"],"character_chosen":"THE_SILENT","items_purchased":["Well Laid Plans","Skewer","Noxious Fumes","Dodge and Roll+1"],"campfire_rested":6,"item_purchase_floors":[11,11,28,28],"current_hp_per_floor":[59,59,59,59,59,50,50,16,16,16,16,35,15,15,34,15,53,42,40,40,33,25,25,6,25,25,44,44,44,44,44,44,33,58,60,60,57,59,45,45,44,44,44,28,11,35,25,27,51,0],"gold":325,"neow_bonus":"THREE_ENEMY_KILL","is_prod":false,"is_daily":false,"chose_seed":false,"campfire_upgraded":5,"win_rate":0,"timestamp":1561936770,"path_taken":["M","?","?","M","?","E","R","E","T","?","$","R","E","M","R","BOSS","M","M","?","?","M","R","M","R","T","R","$","R","?","M","R","BOSS","M","?","?","M","M","R","E","R","T","M","E","R","?","M","R","BOSS"],"build_version":"2019-06-29","purchased_purges":2,"victory":false,"max_hp_per_floor":[66,66,66,66,66,66,66,66,66,66,66,66,66,66,66,66,66,66,66,66,66,66,66,66,66,66,66,66,66,66,66,66,66,66,68,68,70,72,74,74,76,76,76,78,80,80,80,82,82,82],"card_choices":[{"not_picked":["PiercingWail","Dagger Throw"],"picked":"Dash","floor":1.0},{"not_picked":["Caltrops","Endless Agony"],"picked":"Choke","floor":3.0},{"not_picked":["Blur","Skewer"],"picked":"Backflip","floor":4.0},{"not_picked":["Die Die Die","Endless Agony"],"picked":"Cloak And Dagger","floor":6.0},{"not_picked":["PiercingWail+1","Distraction+1"],"picked":"Dodge and Roll+1","floor":8.0},{"not_picked":["Outmaneuver+1","Setup+1","Quick Slash"],"picked":"SKIP","floor":10.0},{"not_picked":["Dagger Spray","Predator"],"picked":"Calculated Gamble+1","floor":13.0},{"not_picked":["Quick Slash","Deflect+1"],"picked":"Bouncing Flask+1","floor":14.0},{"not_picked":["Doppelganger+1","Wraith Form v2"],"picked":"Bullet Time+1","floor":16.0},{"not_picked":["Underhanded Strike","Sucker Punch"],"picked":"Dodge and Roll+1","floor":18.0},{"not_picked":["Endless Agony","Dodge and Roll+1"],"picked":"Catalyst+1","floor":19.0},{"not_picked":["Outmaneuver+1","Tactician+1"],"picked":"Die Die Die","floor":21.0},{"not_picked":["Dagger Spray","Masterful Stab"],"picked":"Bouncing Flask+1","floor":22.0},{"not_picked":["Masterful Stab+1","Caltrops"],"picked":"Backstab+1","floor":24.0},{"not_picked":["Well Laid Plans","Dagger Throw"],"picked":"Backflip+1","floor":31.0},{"not_picked":["After Image","Bullet Time+1"],"picked":"Adrenaline+1","floor":33},{"not_picked":["Slice+1"],"picked":"Singing Bowl","floor":35},{"not_picked":["Sucker Punch"],"picked":"Singing Bowl","floor":37},{"not_picked":["Outmaneuver+1"],"picked":"Singing Bowl","floor":38},{"not_picked":["All Out Attack"],"picked":"Singing Bowl","floor":39},{"not_picked":["Cloak And Dagger+1"],"picked":"Singing Bowl","floor":41},{"not_picked":["Dagger Throw"],"picked":"Singing Bowl","floor":44},{"not_picked":["Masterful Stab"],"picked":"Singing Bowl","floor":45},{"not_picked":[],"picked":"Acrobatics+1","floor":47},{"not_picked":["Slice"],"picked":"Singing Bowl","floor":48}],"player_experience":514658,"relics_obtained":[{"floor":6.0,"key":"Toxic Egg 2"},{"floor":8.0,"key":"Matryoshka"},{"floor":9.0,"key":"Snake Skull"},{"floor":9.0,"key":"Mummified Hand"},{"floor":13.0,"key":"Lantern"},{"floor":26.0,"key":"Singing Bowl"},{"floor":26.0,"key":"Smiling Mask"},{"floor":41,"key":"Frozen Egg 2"},{"floor":45,"key":"Art of War"}],"event_choices":[{"damage_healed":0.0,"max_hp_gain":0.0,"max_hp_loss":0.0,"gold_gain":0.0,"event_name":"Lab","player_choice":"Got Potions","floor":2.0,"gold_loss":0.0,"damage_taken":0.0},{"damage_healed":0.0,"max_hp_gain":0.0,"max_hp_loss":0.0,"gold_gain":0.0,"event_name":"Upgrade Shrine","player_choice":"Upgraded","floor":5.0,"gold_loss":0.0,"damage_taken":0.0,"cards_upgraded":["Dash"]},{"damage_healed":0.0,"max_hp_gain":0.0,"max_hp_loss":0.0,"gold_gain":0.0,"event_name":"Accursed Blacksmith","player_choice":"Rummage","floor":20.0,"gold_loss":0.0,"damage_taken":0.0,"relics_obtained":["WarpedTongs"],"cards_obtained":["Pain"]},{"damage_healed":0.0,"max_hp_gain":0.0,"max_hp_loss":0.0,"gold_gain":0.0,"cards_transformed":["Strike_G"],"event_name":"Transmorgrifier","player_choice":"Transformed","floor":30.0,"gold_loss":0.0,"damage_taken":0.0,"cards_obtained":["Distraction"]},{"damage_healed":0,"gold_gain":0,"player_choice":"Bought 3 Potions","damage_taken":0,"max_hp_gain":0,"max_hp_loss":0,"event_name":"The Woman in Blue","floor":36,"gold_loss":0}],"is_beta":true,"boss_relics":[{"not_picked":["Cursed Key","White Beast Statue"],"picked":"Ring of the Serpent"},{"not_picked":["Velvet Choker","WristBlade"],"picked":"Busted Crown"}],"items_purged_floors":[11,28],"is_endless":false,"potions_floor_spawned":[1,4,8,13,14,21,24,31,37,41,44,45],"killed_by":"Donu and Deca","ascension_level":20}