{"gold_per_floor":[18,30,30,47,121,121,155,155,155,167,189,230,242,266,278,385,397,421,358,24,39,39,70,83,83,165,165,190,271,282,300,300,405,405,420,433,20,20],"floor_reached":38,"playtime":5418,"items_purged":[],"score":449,"play_id":"d613e92a-7d9b-4116-b802-805895252585","local_time":"20190525190550","is_ascension_mode":false,"campfire_choices":[{"floor":6,"key":"REST"},{"floor":8,"key":"REST"},{"floor":13,"key":"REST"},{"floor":15,"key":"REST"},{"floor":25,"key":"REST"},{"data":"Adrenaline","floor":27,"key":"SMITH"},{"floor":32,"key":"REST"}],"neow_cost":"NO_GOLD","seed_source_timestamp":2428064222461790,"circlet_count":0,"master_deck":["Survivor","Neutralize","Infinite Blades","Flying Knee+1","Dodge and Roll","PiercingWail","Outmaneuver","Dodge and Roll","A Thousand Cuts","Dash","Riddle With Holes","Doppelganger","Masterful Stab","Terror","Storm of Steel","Flying Knee","Adrenaline+1","Poisoned Stab","Footwork","Bite","Bite","Bite","Bite","Bite","Glass Knife","Backflip","Noxious Fumes","Caltrops","Cloak And Dagger","Cloak And Dagger","Envenom","Outmaneuver+1","Masterful Stab+1"],"relics":["Ring of the Snake","StoneCalendar","Matryoshka","Blue Candle","Whetstone","Vajra","MawBank","Boot","Bag of Marbles","Pandora\u0027s Box","Sling","Regal Pillow","Dream Catcher","Bottled Lightning","Bag of Preparation","Bottled Flame","Empty Cage","Orichalcum","Sundial"],"potions_floor_usage":[24,28,30,31,35,35],"damage_taken":[{"damage":0,"enemies":"2 Louse","floor":1,"turns":4},{"damage":5,"enemies":"Jaw Worm","floor":2,"turns":4},{"damage":2,"enemies":"Small Slimes","floor":4,"turns":4},{"damage":36,"enemies":"Gremlin Nob","floor":7,"turns":5},{"damage":3,"enemies":"Blue Slaver","floor":11,"turns":3},{"damage":15,"enemies":"3 Sentries","floor":12,"turns":7},{"damage":0,"enemies":"3 Louse","floor":14,"turns":3},{"damage":16,"enemies":"Slime Boss","floor":16,"turns":7},{"damage":10,"enemies":"3 Byrds","floor":18,"turns":5},{"damage":29,"enemies":"2 Thieves","floor":21,"turns":5},{"damage":33,"enemies":"Gremlin Leader","floor":23,"turns":6},{"damage":5,"enemies":"Shelled Parasite and Fungi","floor":24,"turns":4},{"damage":10,"enemies":"Book of Stabbing","floor":28,"turns":4},{"damage":14,"enemies":"Snecko","floor":30,"turns":4},{"damage":14,"enemies":"Centurion and Healer","floor":31,"turns":5},{"damage":35,"enemies":"Champ","floor":33,"turns":9},{"damage":14,"enemies":"3 Darklings","floor":35,"turns":7},{"damage":4,"enemies":"Orb Walker","floor":36,"turns":4},{"damage":43,"enemies":"Sphere and 2 Shapes","floor":38,"turns":6}],"seed_played":"-563385965002388082","potions_obtained":[{"floor":1,"key":"Ancient Potion"},{"floor":4,"key":"SpeedPotion"},{"floor":10,"key":"Regen Potion"},{"floor":21,"key":"Block Potion"},{"floor":24,"key":"Poison Potion"},{"floor":28,"key":"Block Potion"},{"floor":33,"key":"EssenceOfSteel"}],"is_trial":false,"path_per_floor":["M","M","?","M","T","R","E","R","T","?","M","E","R","M","R","B",null,"M","?","$","M","?","E","M","R","T","R","E","T","M","M","R","B",null,"M","M","$","M"],"character_chosen":"THE_SILENT","items_purchased":["Sling","Regal Pillow","Orichalcum","Sundial"],"campfire_rested":6,"item_purchase_floors":[20,20,37,37],"current_hp_per_floor":[70,65,47,45,45,66,30,51,51,51,48,33,54,54,70,54,70,60,60,60,31,31,12,11,40,40,40,36,36,31,21,49,22,49,39,35,35,0],"gold":20,"neow_bonus":"ONE_RARE_RELIC","is_prod":false,"is_daily":false,"chose_seed":false,"campfire_upgraded":1,"win_rate":0.0,"timestamp":1558825550,"path_taken":["M","M","?","M","?","R","E","R","T","?","?","E","R","M","R","BOSS","M","?","$","M","?","E","M","R","T","R","E","?","M","M","R","BOSS","M","M","$","M"],"build_version":"2019-01-23","purchased_purges":0,"victory":false,"max_hp_per_floor":[70,70,70,70,70,70,70,70,70,70,70,70,70,70,70,70,70,70,70,70,70,49,49,49,49,49,49,49,49,49,49,49,49,49,49,49,49,49],"card_choices":[{"not_picked":["Terror","Catalyst"],"picked":"Infinite Blades","floor":1},{"not_picked":["Quick Slash","Flechettes"],"picked":"Blade Dance","floor":2},{"not_picked":["Sucker Punch","Deadly Poison"],"picked":"Flying Knee","floor":4},{"not_picked":["Quick Slash","Terror"],"picked":"Dodge and Roll","floor":7},{"not_picked":["Catalyst","Bouncing Flask"],"picked":"PiercingWail","floor":11},{"not_picked":["Malaise","Underhanded Strike"],"picked":"Outmaneuver","floor":12},{"not_picked":["Escape Plan","Poisoned Stab"],"picked":"Dodge and Roll","floor":14},{"not_picked":["Malaise","Phantasmal Killer"],"picked":"A Thousand Cuts","floor":16},{"not_picked":["Heel Hook","Terror"],"picked":"Poisoned Stab","floor":18},{"not_picked":["Slice","PiercingWail"],"picked":"Footwork","floor":21},{"not_picked":["Distraction+1","Deadly Poison"],"picked":"Glass Knife","floor":23},{"not_picked":["Dodge and Roll","Choke+1"],"picked":"Backflip","floor":24},{"not_picked":["Flying Knee","Flechettes"],"picked":"Noxious Fumes","floor":25},{"not_picked":["Noxious Fumes","Bouncing Flask"],"picked":"Caltrops","floor":28},{"not_picked":["Blade Dance","Catalyst","Bane+1"],"picked":"SKIP","floor":30},{"not_picked":["Poisoned Stab+1","Distraction"],"picked":"Cloak And Dagger","floor":31},{"not_picked":["Expertise","Sucker Punch"],"picked":"Cloak And Dagger","floor":32},{"not_picked":["Night Terror","Tools of the Trade"],"picked":"Envenom","floor":33},{"not_picked":["Distraction+1","Choke+1"],"picked":"Outmaneuver+1","floor":35},{"not_picked":["Flying Knee","Prepared+1"],"picked":"Masterful Stab+1","floor":36}],"player_experience":929907,"relics_obtained":[{"floor":5,"key":"Blue Candle"},{"floor":5,"key":"Whetstone"},{"floor":7,"key":"Vajra"},{"floor":9,"key":"MawBank"},{"floor":9,"key":"Boot"},{"floor":12,"key":"Bag of Marbles"},{"floor":23,"key":"Dream Catcher"},{"floor":26,"key":"Bottled Lightning"},{"floor":28,"key":"Bag of Preparation"},{"floor":29,"key":"Bottled Flame"}],"event_choices":[{"damage_healed":0,"gold_gain":0,"player_choice":"Success","damage_taken":18,"relics_obtained":["Matryoshka"],"max_hp_gain":0,"max_hp_loss":0,"event_name":"Scrap Ooze","floor":3,"gold_loss":0},{"damage_healed":0,"gold_gain":0,"player_choice":"Got Potions","damage_taken":0,"max_hp_gain":0,"max_hp_loss":0,"event_name":"Lab","floor":10,"gold_loss":0},{"cards_removed":["Bane"],"damage_healed":0,"gold_gain":0,"player_choice":"Gave Gold","damage_taken":0,"max_hp_gain":0,"max_hp_loss":0,"event_name":"Beggar","floor":19,"gold_loss":75},{"damage_healed":0,"gold_gain":0,"player_choice":"Became a vampire","damage_taken":0,"max_hp_gain":0,"max_hp_loss":21,"event_name":"Vampires","floor":22,"gold_loss":0,"cards_obtained":["Bite","Bite","Bite","Bite","Bite"]}],"is_beta":false,"boss_relics":[{"not_picked":["HoveringKite","WristBlade"],"picked":"Pandora\u0027s Box"},{"not_picked":["Coffee Dripper","Snecko Eye"],"picked":"Empty Cage"}],"items_purged_floors":[],"is_endless":false,"potions_floor_spawned":[1,4,11,21,24,28,33],"killed_by":"Sphere and 2 Shapes","ascension_level":0}