{"gold_per_floor":[111,127,127,142,158,187,187,199,275,275,275,291,306,320,320,418,468,482,492,523,622,622,635,635,6,6,25,25,44,61,61],"floor_reached":31,"playtime":1980,"items_purged":["Bash"],"score":268,"play_id":"201dd3b7-5115-456e-a392-6a804f140543","local_time":"20190625124708","is_ascension_mode":false,"campfire_choices":[{"data":"Pommel Strike","floor":7,"key":"SMITH"},{"data":"Searing Blow","floor":15,"key":"SMITH"},{"floor":24,"key":"REST"},{"floor":28,"key":"REST"}],"neow_cost":"NONE","seed_source_timestamp":1447373566546039,"circlet_count":0,"master_deck":["Strike_R","Strike_R","Strike_R","Strike_R","Defend_R","Defend_R","Defend_R","Defend_R","Flex+1","Twin Strike","Strike_G","Pommel Strike+1","Double Tap","Metallicize","Searing Blow+1","Seeing Red","Flex","Twin Strike","Demon Form","Cleave","Cleave+1","Ghostly Armor","Wild Strike+1","Feel No Pain","Ghostly Armor","Pummel","Iron Wave","Burning Pact+1","Battle Trance"],"relics":["Burning Blood","Letter Opener","Bottled Tornado","Tiny House","Red Mask","MutagenicStrength","Champion Belt","Kunai"],"potions_floor_usage":[8,16,16,16,18,23,25,27,27],"damage_taken":[{"damage":10,"enemies":"Small Slimes","floor":1,"turns":5},{"damage":1,"enemies":"Cultist","floor":2,"turns":3},{"damage":5,"enemies":"Jaw Worm","floor":4,"turns":4},{"damage":5,"enemies":"Looter","floor":5,"turns":3},{"damage":25,"enemies":"Gremlin Nob","floor":6,"turns":4},{"damage":10,"enemies":"Exordium Thugs","floor":8,"turns":3},{"damage":4,"enemies":"3 Louse","floor":12,"turns":3},{"damage":1,"enemies":"Exordium Wildlife","floor":13,"turns":3},{"damage":2,"enemies":"Looter","floor":14,"turns":3},{"damage":65,"enemies":"The Guardian","floor":16,"turns":10},{"damage":9,"enemies":"Chosen","floor":18,"turns":4},{"damage":19,"enemies":"Spheric Guardian","floor":19,"turns":4},{"damage":69,"enemies":"Masked Bandits","floor":20,"turns":7},{"damage":10,"enemies":"Snecko","floor":23,"turns":5},{"damage":24,"enemies":"Sentry and Sphere","floor":27,"turns":5},{"damage":24,"enemies":"3 Cultists","floor":29,"turns":6},{"damage":32,"enemies":"Centurion and Healer","floor":30,"turns":5},{"damage":25,"enemies":"Sentry and Sphere","floor":31,"turns":5}],"seed_played":"7055429532990702603","potions_obtained":[{"floor":2,"key":"AttackPotion"},{"floor":5,"key":"AttackPotion"},{"floor":6,"key":"LiquidBronze"},{"floor":13,"key":"EssenceOfSteel"},{"floor":16,"key":"Weak Potion"},{"floor":17,"key":"Energy Potion"},{"floor":20,"key":"FairyPotion"},{"floor":23,"key":"LiquidBronze"},{"floor":27,"key":"FearPotion"},{"floor":29,"key":"Energy Potion"}],"is_trial":false,"path_per_floor":["M","M","?","M","M","E","R","M","T","?","?","M","M","M","R","B",null,"M","M","?","?","?","M","R","$","T","M","R","M","M","M"],"character_chosen":"IRONCLAD","items_purchased":["Ghostly Armor","Champion Belt","Fruit Juice","SkillPotion","Pummel"],"campfire_rested":2,"item_purchase_floors":[25,25,25,25,25],"current_hp_per_floor":[84,88,88,88,88,69,69,65,65,65,57,59,64,68,68,9,93,90,77,14,14,14,10,37,42,42,24,53,35,9,0],"gold":61,"neow_bonus":"TEN_PERCENT_HP_BONUS","is_prod":false,"is_daily":false,"chose_seed":false,"campfire_upgraded":2,"win_rate":0,"timestamp":1561481228,"path_taken":["M","M","?","?","M","E","R","?","T","?","?","M","?","M","R","BOSS","M","M","?","?","?","M","R","$","T","M","R","M","M","M"],"build_version":"2019-01-23","purchased_purges":1,"victory":false,"max_hp_per_floor":[88,88,88,88,88,88,88,88,88,88,88,88,88,88,88,88,93,93,93,93,93,93,93,93,98,98,98,98,98,98,98],"card_choices":[{"not_picked":["Uppercut","Wild Strike"],"picked":"Flex","floor":1},{"not_picked":["Perfected Strike","Wild Strike"],"picked":"Twin Strike","floor":2},{"not_picked":["True Grit","Entrench"],"picked":"Pommel Strike","floor":4},{"not_picked":["True Grit","Armaments"],"picked":"Double Tap","floor":5},{"not_picked":["True Grit","Flex"],"picked":"Metallicize","floor":6},{"not_picked":["Sword Boomerang","Headbutt"],"picked":"Searing Blow","floor":8},{"not_picked":["Entrench","Armaments"],"picked":"Seeing Red","floor":12},{"not_picked":["Rage","Heavy Blade"],"picked":"Flex","floor":13},{"not_picked":["Hemokinesis","Pummel"],"picked":"Twin Strike","floor":14},{"not_picked":["Brutality","Exhume"],"picked":"Demon Form","floor":16},{"not_picked":["Rupture","Dropkick"],"picked":"Cleave","floor":17},{"not_picked":["Armaments","Pommel Strike"],"picked":"Cleave+1","floor":18},{"not_picked":["Fiend Fire","Twin Strike+1"],"picked":"Ghostly Armor","floor":19},{"not_picked":["Evolve+1","Dropkick"],"picked":"Wild Strike+1","floor":20},{"not_picked":["True Grit","Clothesline"],"picked":"Feel No Pain","floor":23},{"not_picked":["True Grit","Flex"],"picked":"Iron Wave","floor":27},{"not_picked":["Sever Soul","Bludgeon"],"picked":"Burning Pact+1","floor":29},{"not_picked":["Sword Boomerang","Flame Barrier+1"],"picked":"Battle Trance","floor":30}],"player_experience":1222362,"relics_obtained":[{"floor":6,"key":"Letter Opener"},{"floor":9,"key":"Bottled Tornado"},{"floor":20,"key":"Red Mask"},{"floor":26,"key":"Kunai"}],"event_choices":[{"cards_removed":["Strike_R"],"damage_healed":0,"gold_gain":0,"player_choice":"Took Card","damage_taken":0,"max_hp_gain":0,"max_hp_loss":0,"event_name":"NoteForYourself","floor":3,"gold_loss":0,"cards_obtained":["Strike_G"]},{"damage_healed":0,"gold_gain":0,"player_choice":"Searched \u00270\u0027 times","damage_taken":0,"max_hp_gain":0,"max_hp_loss":0,"event_name":"Dead Adventurer","floor":10,"gold_loss":0},{"damage_healed":0,"gold_gain":0,"player_choice":"Damaged","damage_taken":8,"max_hp_gain":0,"max_hp_loss":0,"event_name":"Wheel of Change","floor":11,"gold_loss":0},{"damage_healed":0,"gold_gain":0,"player_choice":"Fought Bandits","damage_taken":0,"max_hp_gain":0,"max_hp_loss":0,"event_name":"Masked Bandits","floor":20,"gold_loss":0},{"damage_healed":0,"gold_gain":99,"player_choice":"Stole From Cult","damage_taken":0,"max_hp_gain":0,"max_hp_loss":0,"event_name":"Nest","floor":21,"gold_loss":0},{"damage_healed":0,"gold_gain":0,"player_choice":"Inject Mutagens","damage_taken":0,"relics_obtained":["MutagenicStrength"],"max_hp_gain":0,"max_hp_loss":0,"event_name":"Drug Dealer","floor":22,"gold_loss":0}],"is_beta":false,"boss_relics":[{"not_picked":["Sozu","Runic Cube"],"picked":"Tiny House"}],"items_purged_floors":[25],"is_endless":false,"potions_floor_spawned":[2,5,6,13,16,20,23,27,29],"killed_by":"Sentry and Sphere","ascension_level":0}