{"gold_per_floor":[116,129,204,217,9,9,9,36,59,73,73],"floor_reached":11,"playtime":1044,"items_purged":["Strike_R"],"score":63,"play_id":"5355cf65-a6da-486d-b551-c9afe61f82bb","local_time":"20190422221101","is_ascension_mode":false,"campfire_choices":[{"data":"Madness","floor":7,"key":"SMITH"}],"neow_cost":"NONE","seed_source_timestamp":862438613922091,"circlet_count":0,"master_deck":["Strike_R","Strike_R","Strike_R","Strike_R","Defend_R","Defend_R","Defend_R","Defend_R","Bash","Carnage","Perfected Strike","Sever Soul","Madness+1","Anger","Searing Blow","Demon Form"],"relics":["Runic Cube","Odd Mushroom","Happy Flower"],"potions_floor_usage":[10],"damage_taken":[{"damage":1,"enemies":"Cultist","floor":1,"turns":3},{"damage":6,"enemies":"Jaw Worm","floor":2,"turns":3},{"damage":0,"enemies":"Small Slimes","floor":4,"turns":3},{"damage":20,"enemies":"The Mushroom Lair","floor":8,"turns":3},{"damage":20,"enemies":"Exordium Wildlife","floor":10,"turns":3},{"damage":30,"enemies":"3 Sentries","floor":11,"turns":4}],"seed_played":"1857302476047820618","potions_obtained":[{"floor":8,"key":"BloodPotion"}],"is_trial":false,"path_per_floor":["M","M","?","M","$","?","R","?","T","M","E"],"character_chosen":"IRONCLAD","items_purchased":["Madness","Anger"],"campfire_rested":0,"item_purchase_floors":[5,5],"current_hp_per_floor":[79,73,62,62,62,62,62,42,42,30,0],"gold":73,"neow_bonus":"BOSS_RELIC","is_prod":false,"is_daily":false,"chose_seed":false,"campfire_upgraded":1,"win_rate":0.0,"timestamp":1555985461,"path_taken":["M","M","?","M","$","?","R","?","T","?","E"],"build_version":"2019-01-23","purchased_purges":1,"victory":false,"max_hp_per_floor":[80,80,80,80,80,80,80,80,80,80,80],"card_choices":[{"not_picked":["Iron Wave","Armaments"],"picked":"Carnage","floor":1},{"not_picked":["True Grit","Armaments"],"picked":"Perfected Strike","floor":2},{"not_picked":["Seeing Red","Flame Barrier"],"picked":"Sever Soul","floor":4},{"not_picked":["Pommel Strike","Armaments"],"picked":"Searing Blow","floor":8},{"not_picked":["Shrug It Off","Body Slam"],"picked":"Demon Form","floor":10}],"player_experience":19647,"relics_obtained":[{"floor":8,"key":"Odd Mushroom"},{"floor":9,"key":"Happy Flower"}],"event_choices":[{"damage_healed":0,"gold_gain":75,"player_choice":"Gather Gold","damage_taken":11,"max_hp_gain":0,"max_hp_loss":0,"event_name":"World of Goop","floor":3,"gold_loss":0},{"damage_healed":0,"gold_gain":0,"player_choice":"Leave","damage_taken":0,"max_hp_gain":0,"max_hp_loss":0,"event_name":"The Cleric","floor":6,"gold_loss":0},{"damage_healed":0,"gold_gain":0,"player_choice":"Fought Mushrooms","damage_taken":0,"max_hp_gain":0,"max_hp_loss":0,"event_name":"Mushrooms","floor":8,"gold_loss":0}],"is_beta":false,"boss_relics":[],"items_purged_floors":[5],"is_endless":false,"potions_floor_spawned":[8],"killed_by":"3 Sentries","ascension_level":0}