{"gold_per_floor":[20,36,50,50,14,14,25,36,63,63,95,95,130,145,145,145],"floor_reached":16,"playtime":7608,"items_purged":[],"score":112,"play_id":"09986e91-866f-4219-a4dd-3cfae7de0f97","local_time":"20190424211523","is_ascension_mode":false,"campfire_choices":[{"data":"Blood for Blood","floor":6.0,"key":"SMITH"},{"floor":15,"key":"REST"}],"neow_cost":"NO_GOLD","seed_source_timestamp":0,"circlet_count":0,"master_deck":["Strike_R","Strike_R","Strike_R","Strike_R","Strike_R","Defend_R","Defend_R","Defend_R","Defend_R","Bash","Blood for Blood+1","Anger","Rupture","Feel No Pain","Heavy Blade","Infernal Blade","Regret","Cleave","Immolate","Seeing Red"],"special_seed":0,"relics":["Burning Blood","WingedGreaves","NlothsMask","Oddly Smooth Stone","Regal Pillow","Bottled Lightning","Bag of Marbles"],"potions_floor_usage":[11,16],"damage_taken":[{"damage":10.0,"enemies":"Jaw Worm","floor":1.0,"turns":4.0},{"damage":1.0,"enemies":"Cultist","floor":2.0,"turns":3.0},{"damage":2.0,"enemies":"Small Slimes","floor":3.0,"turns":3.0},{"damage":12.0,"enemies":"Looter","floor":7.0,"turns":5.0},{"damage":17.0,"enemies":"Large Slime","floor":8.0,"turns":5.0},{"damage":26,"enemies":"Gremlin Nob","floor":11,"turns":4},{"damage":17,"enemies":"3 Sentries","floor":13,"turns":4},{"damage":12,"enemies":"3 Louse","floor":14,"turns":3},{"damage":65,"enemies":"Hexaghost","floor":16,"turns":9}],"seed_played":"-793487854984043662","potions_obtained":[{"floor":1.0,"key":"Fire Potion"},{"floor":2.0,"key":"Swift Potion"},{"floor":13,"key":"Dexterity Potion"}],"is_trial":false,"path_per_floor":["M","M","M","?","$","R","M","M","T","?","E","T","E","M","R","B"],"character_chosen":"IRONCLAD","items_purchased":["Feel No Pain"],"campfire_rested":1,"item_purchase_floors":[5],"current_hp_per_floor":[76,80,80,80,80,80,74,63,63,63,43,43,32,26,65,0],"gold":145,"neow_bonus":"ONE_RARE_RELIC","is_prod":false,"is_daily":false,"chose_seed":false,"campfire_upgraded":1,"win_rate":0.0,"timestamp":1556154923,"path_taken":["M","M","M","?","?","R","?","M","T","?","E","?","E","M","R","BOSS"],"build_version":"2019-01-23","purchased_purges":0,"victory":false,"max_hp_per_floor":[80,80,80,80,80,80,80,80,80,80,80,80,80,80,80,80],"card_choices":[{"not_picked":["Warcry","Sword Boomerang"],"picked":"Blood for Blood","floor":1.0},{"not_picked":["Armaments","Inflame"],"picked":"Anger","floor":2.0},{"not_picked":["Body Slam","True Grit"],"picked":"Rupture","floor":3.0},{"not_picked":["Thunderclap","Headbutt"],"picked":"Heavy Blade","floor":7.0},{"not_picked":["Intimidate","Pommel Strike"],"picked":"Infernal Blade","floor":8.0},{"not_picked":["Clash","Armaments"],"picked":"Cleave","floor":11},{"not_picked":["Heavy Blade","Carnage"],"picked":"Immolate","floor":13},{"not_picked":["Disarm","Ghostly Armor"],"picked":"Seeing Red","floor":14}],"player_experience":29132,"relics_obtained":[{"floor":11,"key":"Regal Pillow"},{"floor":12,"key":"Bottled Lightning"},{"floor":13,"key":"Bag of Marbles"}],"event_choices":[{"damage_healed":0.0,"max_hp_gain":0.0,"max_hp_loss":0.0,"gold_gain":0.0,"event_name":"FaceTrader","player_choice":"Trade","floor":4.0,"gold_loss":0.0,"damage_taken":0.0,"relics_obtained":["NlothsMask"]},{"damage_healed":0.0,"max_hp_gain":0.0,"max_hp_loss":0.0,"gold_gain":0.0,"event_name":"Big Fish","player_choice":"Box","floor":10.0,"gold_loss":0.0,"damage_taken":0.0,"relics_obtained":["Oddly Smooth Stone"],"cards_obtained":["Regret"]}],"is_beta":false,"boss_relics":[],"items_purged_floors":[],"is_endless":false,"potions_floor_spawned":[1,2,13],"killed_by":"Hexaghost","ascension_level":0}