{"gold_per_floor":[111,128,138,213,213,213,242,242,269,1,27,27,37,47,47,126,126,136,147,147,147,147,147,147,174,174,204,216,216,236,253,253,324,324,341,341,26,44,56,56,76,76,76,76,90,90,104,121,121,121,121],"floor_reached":52,"playtime":1636,"items_purged":[],"score":1758,"play_id":"69292d69-c511-476a-aeb7-7b77c455d4d3","local_time":"20190520123148","is_ascension_mode":true,"campfire_choices":[{"data":"Sunder","floor":6.0,"key":"SMITH"},{"floor":8.0,"key":"REST"},{"data":"Static Discharge","floor":15.0,"key":"SMITH"},{"data":"Hologram","floor":23.0,"key":"SMITH"},{"floor":29.0,"key":"REST"},{"data":"Defragment","floor":32.0,"key":"SMITH"},{"data":"Coolheaded","floor":40,"key":"SMITH"},{"data":"Capacitor","floor":42,"key":"SMITH"},{"data":"Electrodynamics","floor":44,"key":"SMITH"},{"floor":49,"key":"REST"}],"neow_cost":"NONE","seed_source_timestamp":17131221690416,"circlet_count":0,"master_deck":["AscendersBane","Strike_B+1","Strike_B+1","Strike_B+1","Defend_B+1","Defend_B+1","Defend_B+1","Defend_B+1","Zap","Dualcast+1","Defragment+1","Sunder+1","Conserve Battery+1","Cold Snap","Static Discharge+1","Sweeping Beam","Electrodynamics+1","Hologram+1","Leap+1","Cold Snap","Seek","Defragment+1","Glacier","Thunder Strike","Coolheaded+1","Biased Cognition","Ball Lightning+1","Capacitor+1","Clumsy","Reinforced Body+1","Undo"],"special_seed":0,"relics":["Cracked Core","Potion Belt","DataDisk","Happy Flower","Strawberry","Philosopher\u0027s Stone","Art of War","War Paint","Bottled Lightning","Cursed Key","Cables","Peace Pipe"],"potions_floor_usage":[50,51,51,51],"damage_taken":[{"damage":0.0,"enemies":"2 Louse","floor":1.0,"turns":2.0},{"damage":7.0,"enemies":"Jaw Worm","floor":2.0,"turns":3.0},{"damage":7.0,"enemies":"Small Slimes","floor":3.0,"turns":3.0},{"damage":20.0,"enemies":"Lagavulin","floor":7.0,"turns":7.0},{"damage":3.0,"enemies":"3 Sentries","floor":11.0,"turns":5.0},{"damage":2.0,"enemies":"Exordium Wildlife","floor":13.0,"turns":3.0},{"damage":0.0,"enemies":"2 Fungi Beasts","floor":14.0,"turns":2.0},{"damage":17.0,"enemies":"The Guardian","floor":16.0,"turns":8.0},{"damage":20.0,"enemies":"2 Thieves","floor":18.0,"turns":3.0},{"damage":2.0,"enemies":"Spheric Guardian","floor":19.0,"turns":3.0},{"damage":19.0,"enemies":"Slavers","floor":25.0,"turns":3.0},{"damage":24.0,"enemies":"Gremlin Leader","floor":27.0,"turns":5.0},{"damage":0.0,"enemies":"Snake Plant","floor":28.0,"turns":3.0},{"damage":10.0,"enemies":"Centurion and Healer","floor":30.0,"turns":5.0},{"damage":0.0,"enemies":"Sentry and Sphere","floor":31.0,"turns":5.0},{"damage":11.0,"enemies":"Automaton","floor":33.0,"turns":12.0},{"damage":15.0,"enemies":"3 Darklings","floor":35.0,"turns":3.0},{"damage":0,"enemies":"Orb Walker","floor":38,"turns":2},{"damage":1,"enemies":"Spire Growth","floor":39,"turns":7},{"damage":0,"enemies":"Writhing Mass","floor":41,"turns":5},{"damage":0,"enemies":"Transient","floor":45,"turns":6},{"damage":0,"enemies":"4 Shapes","floor":47,"turns":4},{"damage":4,"enemies":"Writhing Mass","floor":48,"turns":9},{"damage":20,"enemies":"Donu and Deca","floor":50,"turns":6},{"damage":28,"enemies":"Awakened One","floor":51,"turns":26}],"seed_played":"4683857373189210268","potions_obtained":[{"floor":0.0,"key":"Fire Potion"},{"floor":0.0,"key":"SpeedPotion"},{"floor":2.0,"key":"Fire Potion"},{"floor":11.0,"key":"Dexterity Potion"},{"floor":13.0,"key":"Ancient Potion"},{"floor":19.0,"key":"SteroidPotion"},{"floor":28.0,"key":"Block Potion"},{"floor":33.0,"key":"EssenceOfSteel"},{"floor":39,"key":"GamblersBrew"},{"floor":41,"key":"Explosive Potion"},{"floor":45,"key":"PowerPotion"},{"floor":47,"key":"FocusPotion"}],"is_trial":false,"path_per_floor":["M","M","M","?","?","R","E","R","T","$","E","?","M","M","R","B",null,"M","M","?","?","?","R","?","E","T","E","M","R","M","M","R","B",null,"M","?","$","M","M","R","M","R","T","R","M","?","M","M","R","B","B",null],"character_chosen":"DEFECT","items_purchased":["Cold Snap","Happy Flower","Fire Potion","Cables","PowerPotion"],"campfire_rested":3,"item_purchase_floors":[10,10,10,37,37],"current_hp_per_floor":[64,57,50,39,39,39,19,40,40,40,44,44,42,42,42,25,65,45,43,59,59,59,59,59,40,40,16,16,39,29,29,29,18,63,48,48,48,48,47,47,47,47,47,47,47,47,47,43,66,46,18],"gold":121,"neow_bonus":"THREE_SMALL_POTIONS","is_prod":false,"is_daily":false,"chose_seed":false,"campfire_upgraded":7,"win_rate":0,"timestamp":1558348308,"path_taken":["M","M","M","?","?","R","E","R","T","$","E","?","M","M","R","BOSS","M","M","?","?","?","R","?","E","T","E","M","R","?","M","R","BOSS","M","?","$","M","M","R","M","R","T","R","M","?","M","?","R","BOSS","BOSS"],"build_version":"2019-05-07","purchased_purges":0,"victory":true,"max_hp_per_floor":[71,71,71,71,71,71,71,71,71,71,78,78,78,78,78,78,78,78,78,78,78,78,78,78,78,78,78,78,78,78,78,78,78,78,78,78,78,78,78,78,78,78,78,78,78,78,78,78,78,78,78],"card_choices":[{"not_picked":["Streamline","Tempest"],"picked":"Defragment","floor":1.0},{"not_picked":["Tempest","Scrape","Reprogram"],"picked":"SKIP","floor":2.0},{"not_picked":["Stack","Gash"],"picked":"Sunder","floor":3.0},{"not_picked":["Rebound","Machine Learning"],"picked":"Conserve Battery","floor":7.0},{"not_picked":["Sunder","Lockon"],"picked":"Static Discharge","floor":11.0},{"not_picked":["Lockon","Gash"],"picked":"Sweeping Beam","floor":13.0},{"not_picked":["Rebound","Barrage","Steam Power"],"picked":"SKIP","floor":14.0},{"not_picked":["Echo Form","Amplify"],"picked":"Electrodynamics","floor":16.0},{"not_picked":["Redo","Streamline"],"picked":"Hologram","floor":18.0},{"not_picked":["Rebound","Hologram"],"picked":"Leap+1","floor":19.0},{"not_picked":["Rip and Tear","Go for the Eyes"],"picked":"Cold Snap","floor":25.0},{"not_picked":["Heatsinks","Ball Lightning"],"picked":"Seek","floor":27.0},{"not_picked":["FTL","Blizzard","Redo"],"picked":"SKIP","floor":28.0},{"not_picked":["Ball Lightning","Streamline"],"picked":"Defragment","floor":30.0},{"not_picked":["Static Discharge+1","Conserve Battery"],"picked":"Glacier","floor":31.0},{"not_picked":["Rainbow","Buffer"],"picked":"Thunder Strike","floor":33.0},{"not_picked":["Leap+1","Ball Lightning"],"picked":"Coolheaded","floor":35.0},{"not_picked":["Barrage","Gash"],"picked":"Biased Cognition","floor":38},{"not_picked":["Melter+1","Chill"],"picked":"Ball Lightning+1","floor":39},{"not_picked":["Gash","Redo"],"picked":"Capacitor","floor":41},{"not_picked":["Conserve Battery","Doom and Gloom"],"picked":"Reinforced Body+1","floor":45},{"not_picked":["Sweeping Beam+1","Leap","Streamline"],"picked":"SKIP","floor":47},{"not_picked":["Fusion","Ball Lightning","Heatsinks"],"picked":"SKIP","floor":48}],"player_experience":1569082,"relics_obtained":[{"floor":7.0,"key":"Potion Belt"},{"floor":9.0,"key":"DataDisk"},{"floor":11.0,"key":"Strawberry"},{"floor":25.0,"key":"Art of War"},{"floor":26.0,"key":"War Paint"},{"floor":27.0,"key":"Bottled Lightning"},{"floor":43,"key":"Peace Pipe"}],"event_choices":[{"damage_healed":0.0,"max_hp_gain":0.0,"max_hp_loss":0.0,"gold_gain":75.0,"event_name":"World of Goop","player_choice":"Gather Gold","floor":4.0,"gold_loss":0.0,"damage_taken":11.0},{"damage_healed":0.0,"max_hp_gain":0.0,"max_hp_loss":0.0,"gold_gain":0.0,"event_name":"Scrap Ooze","player_choice":"Fled","floor":5.0,"gold_loss":0.0,"damage_taken":0.0},{"damage_healed":0.0,"max_hp_gain":0.0,"max_hp_loss":0.0,"gold_gain":0.0,"event_name":"Living Wall","player_choice":"Grow","floor":12.0,"gold_loss":0.0,"damage_taken":0.0,"cards_upgraded":["Defragment"]},{"damage_healed":16.0,"max_hp_gain":0.0,"max_hp_loss":0.0,"gold_gain":0.0,"event_name":"The Library","player_choice":"Heal","floor":20.0,"gold_loss":0.0,"damage_taken":0.0},{"damage_healed":0.0,"max_hp_gain":0.0,"max_hp_loss":0.0,"gold_gain":0.0,"event_name":"Ghosts","player_choice":"Ignored","floor":21.0,"gold_loss":0.0,"damage_taken":0.0},{"damage_healed":0.0,"max_hp_gain":0.0,"max_hp_loss":0.0,"gold_gain":0.0,"event_name":"Back to Basics","player_choice":"Simplicity","floor":22.0,"gold_loss":0.0,"damage_taken":0.0,"cards_upgraded":["Strike_B","Strike_B","Strike_B","Strike_B","Defend_B","Defend_B","Defend_B","Defend_B"]},{"damage_healed":0.0,"max_hp_gain":0.0,"max_hp_loss":0.0,"gold_gain":0.0,"event_name":"The Mausoleum","player_choice":"Ignored","floor":24.0,"gold_loss":0.0,"damage_taken":0.0},{"damage_healed":0.0,"max_hp_gain":0.0,"max_hp_loss":0.0,"gold_gain":0.0,"event_name":"Tomb of Lord Red Mask","player_choice":"Ignored","floor":36.0,"gold_loss":0.0,"damage_taken":0.0},{"damage_healed":0,"gold_gain":0,"cards_transformed":["Strike_B"],"player_choice":"Transformed","damage_taken":0,"max_hp_gain":0,"max_hp_loss":0,"event_name":"Transmorgrifier","floor":46,"gold_loss":0,"cards_obtained":["Undo"]}],"is_beta":true,"boss_relics":[{"not_picked":["Fusion Hammer","Lizard Tail"],"picked":"Philosopher\u0027s Stone"},{"not_picked":["White Beast Statue","Black Star"],"picked":"Cursed Key"}],"items_purged_floors":[],"is_endless":false,"potions_floor_spawned":[2,11,13,19,28,30,33,39,41,45,47],"ascension_level":20}