{"gold_per_floor":[109,109,120,120,69,69,85,113,137,137,196,196,121,135,135,135],"floor_reached":16,"playtime":684,"items_purged":["Injury"],"score":196,"play_id":"add40596-f00f-4952-98b4-1177e10a1100","local_time":"20190531205414","is_ascension_mode":true,"campfire_choices":[{"data":"Bash","floor":6,"key":"SMITH"},{"data":"Rupture","floor":12,"key":"SMITH"},{"data":"True Grit","floor":15,"key":"SMITH"}],"neow_cost":"CURSE","seed_source_timestamp":1220331661315140,"circlet_count":0,"master_deck":["AscendersBane","Strike_R+1","Strike_R","Strike_R","Strike_R+1","Strike_R","Defend_R","Defend_R","Defend_R","Defend_R","Bash+1","Feel No Pain","Pain","Rupture+1","Pommel Strike","Flame Barrier","Spot Weakness","Battle Trance","True Grit+1"],"relics":["Burning Blood","Gambling Chip","WarpedTongs","Happy Flower","Shovel","Lantern","Champion Belt"],"potions_floor_usage":[16,16],"damage_taken":[{"damage":4,"enemies":"2 Louse","floor":1,"turns":3},{"damage":8,"enemies":"Cultist","floor":3,"turns":4},{"damage":6,"enemies":"Small Slimes","floor":7,"turns":3},{"damage":12,"enemies":"Gremlin Nob","floor":8,"turns":3},{"damage":23,"enemies":"3 Sentries","floor":11,"turns":10},{"damage":4,"enemies":"2 Fungi Beasts","floor":14,"turns":3},{"damage":26,"enemies":"Hexaghost","floor":16,"turns":7}],"seed_played":"-632820061115455966","potions_obtained":[{"floor":1,"key":"LiquidBronze"},{"floor":3,"key":"Dexterity Potion"}],"is_trial":false,"path_per_floor":["M","?","M","?","$","R","M","E","T","?","?","R","$","M","R","B"],"character_chosen":"IRONCLAD","items_purchased":["Pommel Strike"],"campfire_rested":0,"item_purchase_floors":[5],"current_hp_per_floor":[70,70,68,63,63,63,63,57,57,34,17,17,17,19,19,0],"gold":135,"neow_bonus":"ONE_RARE_RELIC","is_prod":false,"is_daily":false,"chose_seed":false,"campfire_upgraded":3,"win_rate":0,"timestamp":1559328854,"path_taken":["M","?","?","?","$","R","M","E","T","?","?","R","?","?","R","BOSS"],"build_version":"2019-01-23","purchased_purges":1,"victory":false,"max_hp_per_floor":[75,75,75,75,75,75,75,75,75,75,75,75,75,75,75,75],"card_choices":[{"not_picked":["Perfected Strike","Havoc"],"picked":"Feel No Pain","floor":1},{"not_picked":["Clash","Headbutt"],"picked":"Rupture","floor":3},{"not_picked":["Hemokinesis","Inflame"],"picked":"Flame Barrier","floor":7},{"not_picked":["Wild Strike","Inflame"],"picked":"Spot Weakness","floor":8},{"not_picked":["Havoc","Flame Barrier"],"picked":"Battle Trance","floor":11},{"not_picked":["Sword Boomerang","Clash"],"picked":"True Grit","floor":14}],"player_experience":484981,"relics_obtained":[{"floor":8,"key":"Shovel"},{"floor":9,"key":"Lantern"},{"floor":11,"key":"Champion Belt"}],"event_choices":[{"damage_healed":0,"gold_gain":0,"player_choice":"Rummage","damage_taken":0,"relics_obtained":["WarpedTongs"],"max_hp_gain":0,"max_hp_loss":0,"event_name":"Accursed Blacksmith","floor":2,"gold_loss":0,"cards_obtained":["Pain"]},{"damage_healed":0,"gold_gain":0,"player_choice":"Success","damage_taken":5,"relics_obtained":["Happy Flower"],"max_hp_gain":0,"max_hp_loss":0,"event_name":"Scrap Ooze","floor":4,"gold_loss":0},{"damage_healed":0,"gold_gain":0,"player_choice":"Entered Light","damage_taken":23,"max_hp_gain":0,"max_hp_loss":0,"event_name":"Shining Light","floor":10,"gold_loss":0,"cards_upgraded":["Strike_R","Strike_R"]},{"damage_healed":0,"gold_gain":0,"player_choice":"Searched \u00272\u0027 times","damage_taken":0,"max_hp_gain":0,"max_hp_loss":0,"event_name":"Dead Adventurer","floor":11,"gold_loss":0}],"is_beta":false,"boss_relics":[],"items_purged_floors":[13],"is_endless":false,"potions_floor_spawned":[1,3,8,11],"killed_by":"Hexaghost","ascension_level":20}