{"gold_per_floor":[117,58,68,81,100,128,128,160,186,22,22,38,38,73,73,150,150,170,187,197,68,151,151,181,181,208,233,233,246,121,147,147,224,224,236,75,75,85,85,85,115,337,362,381,408,4,33,44,44,44,44,44,44,44,74,74],"floor_reached":57,"playtime":4036,"items_purged":["Strike_R","Writhe","Strike_R","Defend_R"],"score":3467,"play_id":"cf3b7efb-b20c-4311-a5bf-355a9a521221","local_time":"20190620215642","is_ascension_mode":true,"campfire_choices":[{"data":"Infernal Blade","floor":7,"key":"SMITH"},{"data":"Bash","floor":11,"key":"SMITH"},{"data":"True Grit","floor":13,"key":"SMITH"},{"data":"Second Wind","floor":15,"key":"SMITH"},{"floor":23,"key":"REST"},{"data":"Offering","floor":25,"key":"SMITH"},{"floor":32,"key":"REST"},{"floor":40,"key":"RECALL"},{"floor":49,"key":"REST"},{"floor":53,"key":"REST"}],"neow_cost":"CURSE","seed_source_timestamp":537045090650359,"circlet_count":0,"master_deck":["AscendersBane","Strike_R","Strike_R+1","Defend_R","Defend_R","Defend_R","Bash+1","Infernal Blade+1","Warcry","Second Wind+1","Cleave","True Grit+1","Offering+1","Limit Break","Juggernaut","Pommel Strike+1","Body Slam+1","Sentinel","Shrug It Off","Ghostly Armor","Exhume","Barricade","Power Through","Pain","Seeing Red","Entrench","Inflame","Corruption"],"relics":["Burning Blood","Dead Branch","Kunai","Oddly Smooth Stone","Ancient Tea Set","Strawberry","Snecko Eye","Tiny Chest","Whetstone","Dream Catcher","Red Mask","Nilry\u0027s Codex","Sundial","Fusion Hammer","Bronze Scales","WarpedTongs","Gremlin Horn","Thread and Needle","Blood Vial","StoneCalendar","Bottled Lightning"],"potions_floor_usage":[14,27,56,56],"damage_taken":[{"damage":1,"enemies":"Cultist","floor":1,"turns":3},{"damage":11,"enemies":"Small Slimes","floor":3,"turns":3},{"damage":0,"enemies":"Jaw Worm","floor":4,"turns":2},{"damage":13,"enemies":"Red Slaver","floor":5,"turns":4},{"damage":36,"enemies":"Lagavulin","floor":6,"turns":7},{"damage":2,"enemies":"Gremlin Nob","floor":8,"turns":3},{"damage":11,"enemies":"Looter","floor":12,"turns":2},{"damage":19,"enemies":"3 Sentries","floor":14,"turns":4},{"damage":29,"enemies":"The Guardian","floor":16,"turns":12},{"damage":6,"enemies":"Spheric Guardian","floor":18,"turns":5},{"damage":11,"enemies":"Shell Parasite","floor":19,"turns":4},{"damage":20,"enemies":"Centurion and Healer","floor":20,"turns":8},{"damage":7,"enemies":"Gremlin Leader","floor":24,"turns":4},{"damage":49,"enemies":"Masked Bandits","floor":27,"turns":5},{"damage":0,"enemies":"Snake Plant","floor":29,"turns":2},{"damage":6,"enemies":"Slavers","floor":31,"turns":4},{"damage":12,"enemies":"Collector","floor":33,"turns":5},{"damage":6,"enemies":"3 Shapes","floor":35,"turns":5},{"damage":12,"enemies":"3 Darklings","floor":38,"turns":5},{"damage":7,"enemies":"Nemesis","floor":41,"turns":9},{"damage":4,"enemies":"Sphere and 2 Shapes","floor":44,"turns":3},{"damage":20,"enemies":"Reptomancer","floor":45,"turns":5},{"damage":28,"enemies":"Giant Head","floor":47,"turns":7},{"damage":13,"enemies":"Jaw Worm Horde","floor":48,"turns":3},{"damage":3,"enemies":"Awakened One","floor":50,"turns":5},{"damage":20,"enemies":"Time Eater","floor":51,"turns":4},{"damage":35,"enemies":"Shield and Spear","floor":55,"turns":5},{"damage":14,"enemies":"The Heart","floor":56,"turns":5}],"seed_played":"7778642175879618270","potions_obtained":[{"floor":1,"key":"Poison Potion"},{"floor":8,"key":"Dexterity Potion"},{"floor":12,"key":"Regen Potion"},{"floor":14,"key":"Ancient Potion"},{"floor":27,"key":"Fruit Juice"},{"floor":31,"key":"SteroidPotion"},{"floor":33,"key":"Energy Potion"},{"floor":44,"key":"LiquidBronze"}],"is_trial":false,"path_per_floor":["M","$","M","M","M","E","R","E","T","$","R","M","R","E","R","B",null,"M","M","M","$","T","R","E","R","T","?","?","M","$","E","R","B",null,"M","$","?","M","?","R","E","?","T","M","E","$","E","M","R","B","B",null,"R","$","E","B",null],"character_chosen":"IRONCLAD","items_purchased":["Warcry","Offering","Body Slam","Bronze Scales","Inflame","Blood Vial"],"campfire_rested":4,"item_purchase_floors":[2,10,21,36,46,46],"current_hp_per_floor":[73,73,68,74,67,37,37,41,41,41,41,36,36,42,42,19,66,66,61,47,47,47,71,70,70,70,32,11,17,17,17,43,37,75,75,75,75,69,69,69,68,68,68,70,56,56,36,31,57,62,50,78,87,87,58,52],"gold":74,"neow_bonus":"ONE_RARE_RELIC","is_prod":false,"is_daily":false,"chose_seed":false,"campfire_upgraded":5,"win_rate":0,"timestamp":1561060602,"path_taken":["M","$","M","M","M","E","R","E","T","$","R","M","R","E","R","BOSS","M","M","M","$","?","R","E","R","T","?","?","M","$","E","R","BOSS","M","$","?","?","?","R","E","?","T","M","E","$","E","M","R","BOSS","BOSS","R","$","E","BOSS"],"build_version":"2019-01-23","purchased_purges":4,"victory":true,"max_hp_per_floor":[75,75,75,75,75,75,75,75,75,75,75,75,75,82,82,82,82,82,82,82,82,82,82,82,82,82,87,87,87,87,87,87,87,87,87,87,87,87,87,87,87,87,87,87,87,87,87,87,87,87,87,87,87,87,87,87],"card_choices":[{"not_picked":["Carnage","Anger"],"picked":"Infernal Blade","floor":1},{"not_picked":["Cleave","Feel No Pain"],"picked":"Second Wind","floor":3},{"not_picked":["Warcry","Sword Boomerang"],"picked":"Cleave","floor":4},{"not_picked":["Headbutt","Metallicize"],"picked":"True Grit","floor":5},{"not_picked":["Second Wind","Rupture","Perfected Strike"],"picked":"SKIP","floor":6},{"not_picked":["Perfected Strike","Headbutt","Warcry"],"picked":"SKIP","floor":8},{"not_picked":["Burning Pact","Flame Barrier"],"picked":"Limit Break","floor":12},{"not_picked":["Whirlwind","Body Slam","Sword Boomerang"],"picked":"SKIP","floor":14},{"not_picked":["Dark Embrace","Immolate"],"picked":"Juggernaut","floor":16},{"not_picked":["Fire Breathing","Wild Strike","Thunderclap"],"picked":"SKIP","floor":18},{"not_picked":["Thunderclap","Clash","Sword Boomerang"],"picked":"SKIP","floor":19},{"not_picked":["Warcry","Anger"],"picked":"Pommel Strike+1","floor":20},{"not_picked":["Shrug It Off","Anger"],"picked":"Sentinel","floor":24},{"not_picked":["Twin Strike","Anger"],"picked":"Shrug It Off","floor":27},{"not_picked":["Wild Strike","Evolve"],"picked":"Ghostly Armor","floor":29},{"not_picked":["Combust","Thunderclap"],"picked":"Exhume","floor":31},{"not_picked":["Impervious","Juggernaut"],"picked":"Barricade","floor":33},{"not_picked":["Rage+1","Warcry"],"picked":"Power Through","floor":35},{"not_picked":["Thunderclap","Warcry","Perfected Strike"],"picked":"SKIP","floor":38},{"not_picked":["Fiend Fire","Flex+1"],"picked":"Seeing Red","floor":41},{"not_picked":["Sword Boomerang","Clash","Hemokinesis"],"picked":"SKIP","floor":44},{"not_picked":["Rupture","Perfected Strike+1"],"picked":"Entrench","floor":45},{"not_picked":["Flex","True Grit","Sever Soul"],"picked":"SKIP","floor":47},{"not_picked":["Bloodletting+1","Infernal Blade"],"picked":"Corruption","floor":48},{"not_picked":["Hemokinesis","Clothesline","Body Slam"],"picked":"SKIP","floor":55}],"player_experience":624812,"relics_obtained":[{"floor":6,"key":"Kunai"},{"floor":8,"key":"Oddly Smooth Stone"},{"floor":9,"key":"Ancient Tea Set"},{"floor":14,"key":"Strawberry"},{"floor":22,"key":"Tiny Chest"},{"floor":24,"key":"Whetstone"},{"floor":26,"key":"Dream Catcher"},{"floor":27,"key":"Red Mask"},{"floor":28,"key":"Nilry\u0027s Codex"},{"floor":31,"key":"Sundial"},{"floor":41,"key":"Gremlin Horn"},{"floor":45,"key":"Thread and Needle"},{"floor":47,"key":"StoneCalendar"},{"floor":55,"key":"Bottled Lightning"}],"event_choices":[{"damage_healed":0,"gold_gain":0,"player_choice":"Fought Bandits","damage_taken":0,"max_hp_gain":0,"max_hp_loss":0,"event_name":"Masked Bandits","floor":27,"gold_loss":0},{"damage_healed":0,"gold_gain":0,"player_choice":"Obtained Book","damage_taken":21,"max_hp_gain":0,"max_hp_loss":0,"event_name":"Cursed Tome","floor":28,"gold_loss":0},{"damage_healed":0,"gold_gain":0,"player_choice":"Rummage","damage_taken":0,"relics_obtained":["WarpedTongs"],"max_hp_gain":0,"max_hp_loss":0,"event_name":"Accursed Blacksmith","floor":37,"gold_loss":0,"cards_obtained":["Pain"]},{"cards_removed":["Strike_R"],"damage_healed":0,"gold_gain":0,"player_choice":"Removed Attack","damage_taken":0,"max_hp_gain":0,"max_hp_loss":0,"event_name":"Falling","floor":39,"gold_loss":0},{"damage_healed":0,"gold_gain":222,"player_choice":"Wore Mask","damage_taken":0,"max_hp_gain":0,"max_hp_loss":0,"event_name":"Tomb of Lord Red Mask","floor":42,"gold_loss":0}],"is_beta":false,"boss_relics":[{"not_picked":["Lizard Tail","Runic Cube"],"picked":"Snecko Eye"},{"not_picked":["Runic Dome","Velvet Choker"],"picked":"Fusion Hammer"}],"items_purged_floors":[10,21,30,46],"is_endless":false,"potions_floor_spawned":[1,8,12,14,18,27,31,33,35,44,45,48,55],"ascension_level":20}