{"gold_per_floor":[99,99,49,61,61,61,88,101,101,111,36,36,53,66,66,66,66,76,76,89,89,100,129,0,0,50,61,61],"floor_reached":28,"playtime":3177,"items_purged":["Defend_G"],"score":265,"play_id":"1f4faa93-4936-424c-8fb1-0913bea896f1","local_time":"20190612214152","is_ascension_mode":false,"campfire_choices":[{"data":"PiercingWail","floor":6,"key":"SMITH"},{"data":"Envenom","floor":12,"key":"SMITH"},{"floor":15,"key":"REST"}],"neow_cost":"NONE","seed_source_timestamp":355083515511200,"circlet_count":0,"master_deck":["Defend_G+1","Defend_G+1","Defend_G+1","Strike_G+1","Survivor","Neutralize","PiercingWail+1","Dagger Spray","Envenom+1","Dagger Spray","Bouncing Flask","Distraction","Distraction","After Image","Deadly Poison","Footwork","Masterful Stab","Deadly Poison+1","Poisoned Stab+1","Caltrops"],"relics":["Ring of the Snake","NeowsBlessing","Unceasing Top","Dead Branch","Empty Cage","Bronze Scales","Juzu Bracelet"],"potions_floor_usage":[22,22,23,27],"damage_taken":[{"damage":0,"enemies":"2 Louse","floor":1,"turns":1},{"damage":0,"enemies":"Small Slimes","floor":4,"turns":1},{"damage":0,"enemies":"Gremlin Nob","floor":7,"turns":1},{"damage":10,"enemies":"Jaw Worm","floor":8,"turns":4},{"damage":2,"enemies":"Blue Slaver","floor":10,"turns":5},{"damage":0,"enemies":"3 Louse","floor":13,"turns":3},{"damage":0,"enemies":"Gremlin Gang","floor":14,"turns":3},{"damage":54,"enemies":"The Guardian","floor":16,"turns":10},{"damage":5,"enemies":"Shell Parasite","floor":18,"turns":6},{"damage":0,"enemies":"3 Byrds","floor":20,"turns":5},{"damage":35,"enemies":"Shelled Parasite and Fungi","floor":22,"turns":8},{"damage":42,"enemies":"Slavers","floor":23,"turns":5},{"damage":0,"enemies":"Snake Plant","floor":27,"turns":6},{"damage":16,"enemies":"Centurion and Healer","floor":28,"turns":5}],"seed_played":"5514062038723005520","potions_obtained":[{"floor":8,"key":"Strength Potion"},{"floor":10,"key":"Swift Potion"},{"floor":18,"key":"Regen Potion"},{"floor":23,"key":"GhostInAJar"}],"is_trial":false,"path_per_floor":["M","?","?","M","?","R","E","M","T","M","$","R","M","M","R","B",null,"M","?","M","?","M","E","?","?","T","M","M"],"character_chosen":"THE_SILENT","items_purchased":[],"campfire_rested":1,"item_purchase_floors":[],"current_hp_per_floor":[70,70,70,70,63,63,63,53,53,51,51,51,51,51,70,16,70,65,65,65,65,45,3,3,3,3,3,0],"gold":61,"neow_bonus":"THREE_ENEMY_KILL","is_prod":false,"is_daily":false,"chose_seed":false,"campfire_upgraded":2,"win_rate":0.0,"timestamp":1560390112,"path_taken":["M","?","?","M","?","R","E","M","T","M","$","R","M","M","R","BOSS","M","?","M","?","M","E","?","?","T","M","M"],"build_version":"2019-01-23","purchased_purges":1,"victory":false,"max_hp_per_floor":[70,70,70,70,70,70,70,70,70,70,70,70,70,70,70,70,70,70,70,70,70,70,70,70,70,70,70,70],"card_choices":[{"not_picked":["Concentrate","Blade Dance"],"picked":"PiercingWail","floor":1},{"not_picked":["Concentrate","Well Laid Plans"],"picked":"Dagger Spray","floor":4},{"not_picked":["Acrobatics","Reflex"],"picked":"Envenom","floor":7},{"not_picked":["Dodge and Roll","Prepared"],"picked":"Dagger Spray","floor":8},{"not_picked":["Dagger Spray","Leg Sweep"],"picked":"Bouncing Flask","floor":10},{"not_picked":["Prepared","PiercingWail"],"picked":"Distraction","floor":13},{"not_picked":["Backflip","Quick Slash"],"picked":"Distraction","floor":14},{"not_picked":["Burst","Bullet Time"],"picked":"After Image","floor":16},{"not_picked":["Dodge and Roll","Acrobatics+1"],"picked":"Deadly Poison","floor":18},{"not_picked":["Venomology","Heel Hook"],"picked":"Masterful Stab","floor":20},{"not_picked":["Outmaneuver","Deflect+1"],"picked":"Deadly Poison+1","floor":22},{"not_picked":["Infinite Blades","Acrobatics"],"picked":"Poisoned Stab+1","floor":23},{"not_picked":["Underhanded Strike","Calculated Gamble"],"picked":"Caltrops","floor":27}],"player_experience":1131583,"relics_obtained":[{"floor":7,"key":"Unceasing Top"},{"floor":9,"key":"Dead Branch"},{"floor":23,"key":"Bronze Scales"},{"floor":26,"key":"Juzu Bracelet"}],"event_choices":[{"damage_healed":0,"gold_gain":0,"player_choice":"Ignored","damage_taken":0,"max_hp_gain":0,"max_hp_loss":0,"event_name":"Golden Idol","floor":2,"gold_loss":0},{"cards_removed":["Strike_G"],"damage_healed":0,"gold_gain":0,"player_choice":"Card Removal","damage_taken":0,"max_hp_gain":0,"max_hp_loss":0,"event_name":"The Cleric","floor":3,"gold_loss":50},{"cards_removed":["Strike_G"],"damage_healed":0,"gold_gain":0,"player_choice":"Card Removal","damage_taken":7,"max_hp_gain":0,"max_hp_loss":0,"event_name":"Golden Wing","floor":5,"gold_loss":0},{"damage_healed":0,"gold_gain":0,"player_choice":"Read","damage_taken":0,"max_hp_gain":0,"max_hp_loss":0,"event_name":"The Library","floor":19,"gold_loss":0,"cards_obtained":["Footwork"]},{"damage_healed":0,"gold_gain":0,"player_choice":"Simplicity","damage_taken":0,"max_hp_gain":0,"max_hp_loss":0,"event_name":"Back to Basics","floor":21,"gold_loss":0,"cards_upgraded":["Defend_G","Defend_G","Defend_G","Strike_G","Strike_G"]},{"damage_healed":0,"gold_gain":0,"player_choice":"Paid Fearfully","damage_taken":0,"max_hp_gain":0,"max_hp_loss":0,"event_name":"Masked Bandits","floor":24,"gold_loss":129},{"cards_removed":["Strike_G"],"damage_healed":0,"gold_gain":0,"player_choice":"Offered Basic","damage_taken":0,"max_hp_gain":0,"max_hp_loss":0,"event_name":"Bonfire Elementals","floor":25,"gold_loss":0}],"is_beta":false,"boss_relics":[{"not_picked":["Tiny House","HoveringKite"],"picked":"Empty Cage"}],"items_purged_floors":[11],"is_endless":false,"potions_floor_spawned":[4,8,10,18,20,23],"killed_by":"Centurion and Healer","ascension_level":0}