{"gold_per_floor":[110,35,47,47,0,26,26,101,101,19,38,50,50,67,67,163,163,180,192,192,206,206,234,249,259,304,304,317,317,41,41,41,143,143,161,161,174,187,207,207,225,225,225,225,239,239],"floor_reached":46,"playtime":15662,"items_purged":["Strike_R"],"score":494,"play_id":"b838e27b-55b0-42c7-9bb8-cb55d068e915","local_time":"20190504124629","is_ascension_mode":false,"campfire_choices":[{"floor":13,"key":"REST"},{"data":"Combust","floor":15,"key":"SMITH"},{"floor":27,"key":"REST"},{"floor":29,"key":"REST"},{"floor":32,"key":"REST"},{"data":"Panacea","floor":40,"key":"SMITH"},{"floor":42,"key":"REST"}],"neow_cost":"NONE","seed_source_timestamp":580614352729825,"circlet_count":0,"master_deck":["Strike_R","Strike_R","Strike_R","Strike_R","Defend_R","Defend_R","Defend_R","Defend_R","Bash+1","Bloodletting","Anger","Cleave","Anger","Combust+1","Metallicize","Immolate","Rampage+1","Havoc+1","Shrug It Off+1","Armaments","Brutality","Regret","Pain","Shrug It Off+1","Panacea+1","Thinking Ahead","Finesse","Iron Wave+1","Shrug It Off","Warcry","Thunderclap","Burning Pact+1"],"relics":["Black Blood","Charon\u0027s Ashes","Vajra","Paper Frog","Mercury Hourglass","MutagenicStrength","Centennial Puzzle","Omamori","TheAbacus","Boot","Calling Bell","Blood Vial","Mummified Hand","Calipers","Bottled Lightning"],"potions_floor_usage":[16,23,23,23,24,33,38,41,41],"damage_taken":[{"damage":11,"enemies":"2 Louse","floor":1,"turns":5},{"damage":0,"enemies":"Small Slimes","floor":3,"turns":5},{"damage":21,"enemies":"Gremlin Nob","floor":6,"turns":4},{"damage":0,"enemies":"Cultist","floor":11,"turns":2},{"damage":3,"enemies":"Large Slime","floor":12,"turns":3},{"damage":1,"enemies":"2 Fungi Beasts","floor":14,"turns":2},{"damage":3,"enemies":"Slime Boss","floor":16,"turns":4},{"damage":9,"enemies":"Chosen","floor":18,"turns":4},{"damage":19,"enemies":"2 Thieves","floor":19,"turns":3},{"damage":33,"enemies":"Snake Plant","floor":21,"turns":4},{"damage":49,"enemies":"Book of Stabbing","floor":23,"turns":5},{"damage":15,"enemies":"Chosen and Byrds","floor":24,"turns":4},{"damage":7,"enemies":"Centurion and Healer","floor":25,"turns":4},{"damage":19,"enemies":"Snake Plant","floor":28,"turns":3},{"damage":73,"enemies":"Collector","floor":33,"turns":9},{"damage":28,"enemies":"Orb Walker","floor":35,"turns":3},{"damage":15,"enemies":"3 Shapes","floor":37,"turns":2},{"damage":16,"enemies":"3 Darklings","floor":38,"turns":4},{"damage":15,"enemies":"Jaw Worm Horde","floor":39,"turns":3},{"damage":41,"enemies":"Maw","floor":41,"turns":8},{"damage":35,"enemies":"3 Darklings","floor":45,"turns":4},{"damage":26,"enemies":"Sphere and 2 Shapes","floor":46,"turns":3}],"seed_played":"-790349326421386923","potions_obtained":[{"floor":1,"key":"Swift Potion"},{"floor":11,"key":"SpeedPotion"},{"floor":19,"key":"SkillPotion"},{"floor":22,"key":"SteroidPotion"},{"floor":22,"key":"Explosive Potion"},{"floor":23,"key":"Block Potion"},{"floor":33,"key":"Swift Potion"},{"floor":38,"key":"EssenceOfSteel"},{"floor":39,"key":"Weak Potion"},{"floor":45,"key":"Swift Potion"}],"is_trial":false,"path_per_floor":["M","$","M","?","$","E","?","?","T","?","M","M","R","M","R","B",null,"M","M","?","M","?","E","M","M","T","R","M","R","$","?","R","B",null,"M","?","M","M","M","R","M","R","T","?","M","M"],"character_chosen":"IRONCLAD","items_purchased":["Anger","Armaments","TheAbacus","Block Potion"],"campfire_rested":5,"item_purchase_floors":[5,30,30,30],"current_hp_per_floor":[83,83,88,70,70,55,52,41,41,41,47,50,76,81,81,84,88,88,79,79,56,56,17,12,15,15,41,32,58,58,58,84,21,88,70,60,57,53,50,50,21,47,47,47,24,0],"gold":239,"neow_bonus":"TEN_PERCENT_HP_BONUS","is_prod":false,"is_daily":false,"chose_seed":false,"campfire_upgraded":2,"win_rate":0.0,"timestamp":1556988389,"path_taken":["M","$","M","?","$","E","?","?","T","?","?","M","R","M","R","BOSS","M","M","?","M","?","E","?","M","T","R","?","R","$","?","R","BOSS","M","?","M","M","M","R","M","R","T","?","M","M"],"build_version":"2019-01-23","purchased_purges":1,"victory":false,"max_hp_per_floor":[88,88,88,88,88,88,88,88,88,88,88,88,88,88,88,88,88,88,88,88,88,88,88,88,88,88,88,88,88,88,88,88,88,88,88,88,88,88,88,88,88,88,88,88,88,88],"card_choices":[{"not_picked":["Shockwave","Sword Boomerang"],"picked":"Pommel Strike","floor":1},{"not_picked":["Dropkick","Reckless Charge"],"picked":"Bloodletting","floor":3},{"not_picked":["Searing Blow","Pommel Strike"],"picked":"Cleave","floor":6},{"not_picked":["Disarm","Sever Soul"],"picked":"Anger","floor":11},{"not_picked":["True Grit","Bloodletting"],"picked":"Combust","floor":12},{"not_picked":["Perfected Strike","Corruption"],"picked":"Metallicize","floor":14},{"not_picked":["Limit Break","Offering"],"picked":"Immolate","floor":16},{"not_picked":["Clash+1","Wild Strike"],"picked":"Rampage+1","floor":18},{"not_picked":["Pommel Strike","Twin Strike","Pummel+1"],"picked":"SKIP","floor":19},{"not_picked":["Fire Breathing","Perfected Strike"],"picked":"Havoc+1","floor":21},{"not_picked":["Body Slam","Searing Blow","Clothesline"],"picked":"SKIP","floor":23},{"not_picked":["Perfected Strike","Headbutt"],"picked":"Shrug It Off+1","floor":24},{"not_picked":["Pummel","Rupture","Intimidate"],"picked":"SKIP","floor":25},{"not_picked":["Anger","Exhume","Body Slam+1"],"picked":"SKIP","floor":28},{"not_picked":["Limit Break","Bludgeon"],"picked":"Brutality","floor":33},{"not_picked":["Heavy Blade+1","Power Through+1"],"picked":"Shrug It Off+1","floor":35},{"not_picked":["Forethought","Enlightenment"],"picked":"Panacea","floor":36},{"not_picked":["Dramatic Entrance","Transmutation"],"picked":"Thinking Ahead","floor":36},{"not_picked":["Sadistic Nature","Jack Of All Trades"],"picked":"Finesse","floor":36},{"not_picked":["Warcry+1","Pommel Strike+1"],"picked":"Iron Wave+1","floor":37},{"not_picked":["Spot Weakness+1","Corruption"],"picked":"Shrug It Off","floor":38},{"not_picked":["Pommel Strike","Searing Blow"],"picked":"Warcry","floor":39},{"not_picked":["Wild Strike","Cleave"],"picked":"Thunderclap","floor":41},{"not_picked":["Perfected Strike","Heavy Blade+1"],"picked":"Burning Pact+1","floor":45}],"player_experience":178939,"relics_obtained":[{"floor":6,"key":"Charon\u0027s Ashes"},{"floor":9,"key":"Paper Frog"},{"floor":23,"key":"Centennial Puzzle"},{"floor":26,"key":"Omamori"},{"floor":34,"key":"Blood Vial"},{"floor":34,"key":"Mummified Hand"},{"floor":34,"key":"Calipers"},{"floor":43,"key":"Bottled Lightning"}],"event_choices":[{"damage_healed":0,"gold_gain":0,"player_choice":"Entered Light","damage_taken":18,"max_hp_gain":0,"max_hp_loss":0,"event_name":"Shining Light","floor":4,"gold_loss":0,"cards_upgraded":["Bash","Pommel Strike"]},{"damage_healed":0,"gold_gain":0,"player_choice":"Success","damage_taken":3,"relics_obtained":["Vajra"],"max_hp_gain":0,"max_hp_loss":0,"event_name":"Scrap Ooze","floor":7,"gold_loss":0},{"damage_healed":0,"gold_gain":75,"player_choice":"Gather Gold","damage_taken":11,"max_hp_gain":0,"max_hp_loss":0,"event_name":"World of Goop","floor":8,"gold_loss":0},{"damage_healed":0,"gold_gain":0,"player_choice":"Paid Gold","damage_taken":0,"relics_obtained":["Mercury Hourglass"],"max_hp_gain":0,"max_hp_loss":0,"event_name":"WeMeetAgain","floor":10,"gold_loss":82},{"damage_healed":0,"gold_gain":0,"player_choice":"Inject Mutagens","damage_taken":0,"relics_obtained":["MutagenicStrength"],"max_hp_gain":0,"max_hp_loss":0,"event_name":"Drug Dealer","floor":20,"gold_loss":0},{"damage_healed":0,"gold_gain":0,"player_choice":"Got Potions","damage_taken":0,"max_hp_gain":0,"max_hp_loss":0,"event_name":"Lab","floor":22,"gold_loss":0},{"damage_healed":0,"gold_gain":0,"player_choice":"Opened","damage_taken":0,"relics_obtained":["Boot"],"max_hp_gain":0,"max_hp_loss":0,"event_name":"The Mausoleum","floor":31,"gold_loss":0,"cards_obtained":["Writhe"]},{"damage_healed":0,"gold_gain":0,"player_choice":"Memory 3","damage_taken":10,"max_hp_gain":0,"max_hp_loss":0,"event_name":"SensoryStone","floor":36,"gold_loss":0},{"cards_removed":["Pommel Strike"],"damage_healed":0,"gold_gain":0,"player_choice":"Removed Attack","damage_taken":0,"max_hp_gain":0,"max_hp_loss":0,"event_name":"Falling","floor":44,"gold_loss":0}],"is_beta":false,"boss_relics":[{"not_picked":["Tiny House","Runic Pyramid"],"picked":"Black Blood"},{"not_picked":["Astrolabe","Orrery"],"picked":"Calling Bell"}],"items_purged_floors":[2],"is_endless":false,"potions_floor_spawned":[1,11,19,23,33,38,39,45],"killed_by":"Sphere and 2 Shapes","ascension_level":0}