{"gold_per_floor":[113,38,38,38,38,38,72,72,72,84,95,95,95],"floor_reached":13,"playtime":244,"items_purged":["Strike_B"],"score":207,"play_id":"6301b214-5d5b-4bf4-b9d1-b5c9c8910b44","local_time":"20190620031711","is_ascension_mode":true,"campfire_choices":[{"data":"Dualcast","floor":6,"key":"SMITH"},{"data":"Darkness","floor":8,"key":"SMITH"},{"floor":12,"key":"REST"}],"neow_cost":"NONE","seed_source_timestamp":473727756791581,"circlet_count":0,"master_deck":["AscendersBane","Strike_B","Strike_B","Defend_B","Defend_B+1","Defend_B","Defend_B","Zap+1","Dualcast+1","Redo+1","Darkness+1","Conserve Battery","Skim"],"relics":["Cracked Core","NeowsBlessing","Ornamental Fan","Mummified Hand"],"potions_floor_usage":[11,13],"damage_taken":[{"damage":0,"enemies":"Jaw Worm","floor":1,"turns":1},{"damage":0,"enemies":"3 Sentries","floor":7,"turns":1},{"damage":0,"enemies":"Small Slimes","floor":10,"turns":1},{"damage":10,"enemies":"2 Louse","floor":11,"turns":2},{"damage":55,"enemies":"Gremlin Nob","floor":13,"turns":3}],"seed_played":"5846724433766152799","potions_obtained":[{"floor":7,"key":"Poison Potion"},{"floor":11,"key":"Energy Potion"}],"is_trial":false,"path_per_floor":["M","$","?","?","?","R","E","R","T","M","M","R","E"],"character_chosen":"DEFECT","items_purchased":[],"campfire_rested":1,"item_purchase_floors":[],"current_hp_per_floor":[64,64,64,43,36,36,36,36,36,36,26,47,0],"gold":95,"neow_bonus":"THREE_ENEMY_KILL","is_prod":false,"is_daily":false,"chose_seed":false,"campfire_upgraded":2,"win_rate":0,"timestamp":1560993431,"path_taken":["M","$","?","?","?","R","E","R","T","?","M","R","E"],"build_version":"2019-01-23","purchased_purges":1,"victory":false,"max_hp_per_floor":[71,71,71,71,71,71,71,71,71,71,71,71,71],"card_choices":[{"not_picked":["BootSequence","Reprogram"],"picked":"Redo","floor":1},{"not_picked":["Meteor Strike","Coolheaded"],"picked":"Darkness","floor":7},{"not_picked":["Cold Snap","Capacitor"],"picked":"Conserve Battery","floor":10},{"not_picked":["Hello World","Steam"],"picked":"Skim","floor":11}],"player_experience":612729,"relics_obtained":[{"floor":7,"key":"Ornamental Fan"},{"floor":9,"key":"Mummified Hand"}],"event_choices":[{"damage_healed":0,"gold_gain":0,"player_choice":"Grow","damage_taken":0,"max_hp_gain":0,"max_hp_loss":0,"event_name":"Living Wall","floor":3,"gold_loss":0,"cards_upgraded":["Zap"]},{"damage_healed":0,"gold_gain":0,"player_choice":"Entered Light","damage_taken":21,"max_hp_gain":0,"max_hp_loss":0,"event_name":"Shining Light","floor":4,"gold_loss":0,"cards_upgraded":["Defend_B","Redo"]},{"cards_removed":["Strike_B"],"damage_healed":0,"gold_gain":0,"player_choice":"Card Removal","damage_taken":7,"max_hp_gain":0,"max_hp_loss":0,"event_name":"Golden Wing","floor":5,"gold_loss":0}],"is_beta":false,"boss_relics":[],"items_purged_floors":[2],"is_endless":false,"potions_floor_spawned":[7,11],"killed_by":"Gremlin Nob","ascension_level":19}