{"gold_per_floor":[366,541,558,233,260,307,269,281],"floor_reached":8,"playtime":314,"items_purged":["Decay"],"score":76,"play_id":"bb5fd9b9-974b-4f12-9189-870053766d8e","local_time":"20190323003009","is_ascension_mode":true,"campfire_choices":[],"neow_cost":"CURSE","seed_source_timestamp":169980482146706,"circlet_count":0,"master_deck":["Defend_G","Defend_G","Defend_G","Defend_G","Defend_G","Strike_G","Strike_G","Strike_G","Strike_G","Survivor","Neutralize","Predator","Doubt","Blade Dance","Footwork","Blade Dance","Heel Hook"],"special_seed":0,"relics":["Ring of the Snake","Tiny Chest","MawBank","Smiling Mask"],"potions_floor_usage":[8],"damage_taken":[{"damage":2.0,"enemies":"2 Louse","floor":1.0,"turns":3.0},{"damage":6.0,"enemies":"Jaw Worm","floor":3.0,"turns":3.0},{"damage":41.0,"enemies":"3 Sentries","floor":6.0,"turns":14.0},{"damage":20,"enemies":"Gremlin Nob","floor":8,"turns":4}],"seed_played":"-4775044655910125928","potions_obtained":[{"floor":6.0,"key":"GhostInAJar"}],"is_trial":false,"path_per_floor":["M","?","M","$","T","E","?","E"],"character_chosen":"THE_SILENT","items_purchased":["Footwork","Blade Dance","Tiny Chest"],"campfire_rested":0,"item_purchase_floors":[4,4,4],"current_hp_per_floor":[61,61,55,55,55,14,14,0],"gold":281,"neow_bonus":"TWO_FIFTY_GOLD","is_prod":false,"is_daily":false,"chose_seed":false,"campfire_upgraded":0,"win_rate":0,"timestamp":1553297409,"path_taken":["M","?","M","$","?","E","?","E"],"build_version":"2019-01-23","purchased_purges":1,"victory":false,"max_hp_per_floor":[70,70,70,70,70,70,70,70],"card_choices":[{"not_picked":["Prepared","Bouncing Flask"],"picked":"Predator","floor":1.0},{"not_picked":["Finisher","Underhanded Strike"],"picked":"Blade Dance","floor":3.0},{"not_picked":["Tools of the Trade","Reflex"],"picked":"Heel Hook","floor":6.0}],"player_experience":140357,"relics_obtained":[{"floor":5.0,"key":"MawBank"},{"floor":6.0,"key":"Smiling Mask"}],"event_choices":[{"damage_healed":0.0,"max_hp_gain":0.0,"max_hp_loss":0.0,"gold_gain":175.0,"event_name":"Liars Game","player_choice":"AGREE","floor":2.0,"gold_loss":0.0,"damage_taken":0.0,"cards_obtained":["Doubt"]},{"cards_removed":["Strike_G"],"damage_healed":0.0,"max_hp_gain":0.0,"max_hp_loss":0.0,"gold_gain":0.0,"event_name":"The Cleric","player_choice":"Card Removal","floor":7.0,"gold_loss":50.0,"damage_taken":0.0}],"is_beta":false,"boss_relics":[],"items_purged_floors":[4],"is_endless":false,"potions_floor_spawned":[6],"killed_by":"Gremlin Nob","ascension_level":8}