{"gold_per_floor":[117,117,127,145,145,176,176,203,203,203,203],"floor_reached":11,"playtime":226,"items_purged":[],"score":162,"play_id":"f8e179d0-c2a7-4eac-9769-f86c2f906f7e","local_time":"20190517190051","is_ascension_mode":true,"campfire_choices":[{"floor":7,"key":"REST"}],"neow_cost":"NONE","seed_source_timestamp":4385836484514,"circlet_count":0,"master_deck":["AscendersBane","Strike_B","Strike_B","Defend_B","Defend_B","Defend_B+1","Defend_B","Zap+1","Dualcast","Rip and Tear+1","Doom and Gloom","Conserve Battery","Steam","Go for the Eyes","Creative AI"],"relics":["Cracked Core","Dream Catcher","Gremlin Horn","Matryoshka"],"potions_floor_usage":[6,11],"damage_taken":[{"damage":0,"enemies":"Cultist","floor":1,"turns":4},{"damage":0,"enemies":"Small Slimes","floor":3,"turns":2},{"damage":4,"enemies":"Jaw Worm","floor":4,"turns":2},{"damage":7,"enemies":"3 Sentries","floor":6,"turns":5},{"damage":40,"enemies":"Gremlin Nob","floor":8,"turns":4},{"damage":10,"enemies":"3 Sentries","floor":11,"turns":2}],"seed_played":"3174863990137735455","potions_obtained":[{"floor":1,"key":"Fire Potion"},{"floor":4,"key":"FocusPotion"}],"is_trial":false,"path_per_floor":["M","?","M","M","?","E","R","E","T","?","E"],"character_chosen":"DEFECT","items_purchased":[],"campfire_rested":1,"item_purchase_floors":[],"current_hp_per_floor":[64,43,43,39,32,25,46,6,6,6,0],"gold":203,"neow_bonus":"UPGRADE_CARD","is_prod":false,"is_daily":false,"chose_seed":false,"campfire_upgraded":0,"win_rate":0,"timestamp":1558112451,"path_taken":["M","?","M","M","?","E","R","E","T","?","E"],"build_version":"2019-05-07","purchased_purges":0,"victory":false,"max_hp_per_floor":[71,71,71,71,71,71,71,71,71,71,71],"card_choices":[{"not_picked":["Coolheaded","Turbo"],"picked":"Rip and Tear","floor":1},{"not_picked":["Beam Cell","Steam Power"],"picked":"Doom and Gloom","floor":3},{"not_picked":["Barrage","Coolheaded"],"picked":"Conserve Battery","floor":4},{"not_picked":["Reprogram","Conserve Battery"],"picked":"Steam","floor":6},{"not_picked":["Aggregate","Coolheaded"],"picked":"Go for the Eyes","floor":7},{"not_picked":["Steam","Gash","Hello World"],"picked":"SKIP","floor":8}],"player_experience":1551225,"relics_obtained":[{"floor":6,"key":"Dream Catcher"},{"floor":8,"key":"Gremlin Horn"},{"floor":9,"key":"Matryoshka"}],"event_choices":[{"damage_healed":0,"gold_gain":0,"player_choice":"Entered Light","damage_taken":21,"max_hp_gain":0,"max_hp_loss":0,"event_name":"Shining Light","floor":2,"gold_loss":0,"cards_upgraded":["Defend_B","Rip and Tear"]},{"cards_removed":["Strike_B"],"damage_healed":0,"gold_gain":0,"player_choice":"Card Removal","damage_taken":7,"max_hp_gain":0,"max_hp_loss":0,"event_name":"Golden Wing","floor":5,"gold_loss":0},{"damage_healed":0,"gold_gain":0,"cards_transformed":["Strike_B"],"player_choice":"Transformed","damage_taken":0,"max_hp_gain":0,"max_hp_loss":0,"event_name":"Transmorgrifier","floor":10,"gold_loss":0,"cards_obtained":["Creative AI"]}],"is_beta":true,"boss_relics":[],"items_purged_floors":[],"is_endless":false,"potions_floor_spawned":[1,4],"killed_by":"3 Sentries","ascension_level":20}