{"gold_per_floor":[20,38,38,38,58,85,104,124,124,154,164,178,178],"floor_reached":13,"playtime":988,"items_purged":[],"score":144,"play_id":"57e5b63e-7607-4d0f-a93a-362442984bc2","local_time":"20190429182001","is_ascension_mode":true,"campfire_choices":[],"neow_cost":"NO_GOLD","seed_source_timestamp":434863720803700,"circlet_count":0,"master_deck":["Strike_R","Strike_R","Strike_R","Strike_R","Strike_R","Defend_R","Defend_R","Defend_R","Defend_R","Bash","Rage","Feed","Sentinel","Inflame","True Grit","Ghostly Armor"],"relics":["Burning Blood","Gambling Chip","Bag of Preparation","Bottled Lightning","Bronze Scales"],"potions_floor_usage":[8,8,10,12],"damage_taken":[{"damage":8,"enemies":"Jaw Worm","floor":1,"turns":4},{"damage":2,"enemies":"2 Louse","floor":2,"turns":4},{"damage":1,"enemies":"Cultist","floor":5,"turns":3},{"damage":39,"enemies":"3 Sentries","floor":6,"turns":12},{"damage":8,"enemies":"Looter","floor":7,"turns":4},{"damage":0,"enemies":"Large Slime","floor":8,"turns":4},{"damage":16,"enemies":"Gremlin Nob","floor":10,"turns":3},{"damage":26,"enemies":"Exordium Thugs","floor":11,"turns":6},{"damage":7,"enemies":"Lots of Slimes","floor":12,"turns":4},{"damage":0,"enemies":"3 Louse","floor":13,"turns":1}],"seed_played":"-8939802570019326023","potions_obtained":[{"floor":5,"key":"Poison Potion"},{"floor":6,"key":"SteroidPotion"},{"floor":7,"key":"Explosive Potion"},{"floor":10,"key":"SteroidPotion"},{"floor":12,"key":"Block Potion"}],"is_trial":false,"path_per_floor":["M","M","?","?","M","E","M","M","T","E","M","M","M"],"character_chosen":"IRONCLAD","items_purchased":[],"campfire_rested":0,"item_purchase_floors":[],"current_hp_per_floor":[78,80,80,80,83,53,54,63,63,53,33,35,35],"gold":178,"neow_bonus":"ONE_RARE_RELIC","is_prod":false,"is_daily":false,"chose_seed":false,"campfire_upgraded":0,"win_rate":0,"timestamp":1556587201,"path_taken":["M","M","?","?","M","E","M","?","T","E","M","M","M"],"build_version":"2019-01-23","purchased_purges":0,"victory":false,"max_hp_per_floor":[80,80,80,80,83,86,89,92,92,92,92,95,95],"card_choices":[{"not_picked":["Pommel Strike","Heavy Blade"],"picked":"Rage","floor":1},{"not_picked":["True Grit","Anger"],"picked":"Wild Strike","floor":2},{"not_picked":["True Grit","Cleave"],"picked":"Sentinel","floor":5},{"not_picked":["True Grit","Intimidate"],"picked":"Inflame","floor":6},{"not_picked":["Twin Strike","Intimidate"],"picked":"True Grit","floor":7},{"not_picked":["Flame Barrier","Carnage"],"picked":"Ghostly Armor","floor":8},{"not_picked":["Armaments","Anger","Metallicize"],"picked":"SKIP","floor":10},{"not_picked":["Rupture","Armaments","Flex"],"picked":"SKIP","floor":11},{"not_picked":["Sword Boomerang","Havoc","Berserk"],"picked":"SKIP","floor":12}],"player_experience":264057,"relics_obtained":[{"floor":6,"key":"Bag of Preparation"},{"floor":9,"key":"Bottled Lightning"},{"floor":10,"key":"Bronze Scales"}],"event_choices":[{"damage_healed":0,"gold_gain":0,"player_choice":"Leave","damage_taken":0,"max_hp_gain":0,"max_hp_loss":0,"event_name":"The Cleric","floor":3,"gold_loss":0},{"damage_healed":0,"gold_gain":0,"cards_transformed":["Wild Strike"],"player_choice":"Transformed","damage_taken":0,"max_hp_gain":0,"max_hp_loss":0,"event_name":"Transmorgrifier","floor":4,"gold_loss":0,"cards_obtained":["Feed"]}],"is_beta":false,"boss_relics":[],"items_purged_floors":[],"is_endless":false,"potions_floor_spawned":[5,6,7,10,12],"killed_by":"3 Louse","ascension_level":4}