{"gold_per_floor":[117,132,145,164,164,164,193,204,231,247,247,265,294,313,313,414,414,429,446,124,141,141,169,199,199,226,226,44,56,85,103,103,201,201,212,212,227,227,36,36,71,89,113,125,80,180,212,237,237,237,237,237,5,40,40],"floor_reached":56,"playtime":2879,"items_purged":["Strike_G"],"score":1825,"play_id":"d1f5f0d0-2c6f-4ca3-ab55-0750a838831c","local_time":"20190623101741","is_ascension_mode":true,"campfire_choices":[{"data":"Deadly Poison","floor":6.0,"key":"SMITH"},{"data":"Caltrops","floor":15.0,"key":"SMITH"},{"data":"Die Die Die","floor":25.0,"key":"SMITH"},{"data":"Wraith Form v2","floor":27.0,"key":"SMITH"},{"data":"Neutralize","floor":32.0,"key":"SMITH"},{"floor":40.0,"key":"RECALL"},{"data":"Strike_G","floor":49.0,"key":"PURGE"},{"data":"Strike_G","floor":52.0,"key":"PURGE"}],"neow_cost":"NONE","seed_source_timestamp":220592769585975,"circlet_count":0,"master_deck":["AscendersBane","Defend_G","Defend_G","Defend_G","Defend_G","Defend_G","Strike_G+1","Strike_G+1","Survivor+1","Neutralize+1","PiercingWail","Deadly Poison+1","Well Laid Plans","Choke","Die Die Die+1","Endless Agony","Caltrops+1","Dagger Spray","Deflect","Backflip+1","Wraith Form v2+1","PiercingWail+1","Blade Dance+1","Poisoned Stab+1","Caltrops","Skewer","After Image","Bouncing Flask+1","Flying Knee+1","Footwork","Catalyst+1","Corpse Explosion","Dodge and Roll","Malaise","Noxious Fumes","Backflip+1"],"special_seed":0,"relics":["Ring of the Snake","NeowsBlessing","Bird Faced Urn","Strawberry","Bottled Flame","Snake Skull","Sozu","Kunai","MutagenicStrength","War Paint","Tiny Chest","PreservedInsect","Bronze Scales","Pen Nib","Fusion Hammer","Whetstone","Dream Catcher","Lantern","Peace Pipe","Tingsha","Centennial Puzzle","Blue Candle"],"potions_floor_usage":[],"damage_taken":[{"damage":0.0,"enemies":"Small Slimes","floor":1.0,"turns":1.0},{"damage":0.0,"enemies":"Jaw Worm","floor":2.0,"turns":1.0},{"damage":0.0,"enemies":"Cultist","floor":3.0,"turns":1.0},{"damage":0.0,"enemies":"Blue Slaver","floor":4.0,"turns":5.0},{"damage":24.0,"enemies":"3 Sentries","floor":7.0,"turns":10.0},{"damage":0.0,"enemies":"2 Fungi Beasts","floor":8.0,"turns":3.0},{"damage":8.0,"enemies":"Looter","floor":10.0,"turns":3.0},{"damage":2.0,"enemies":"Exordium Wildlife","floor":12.0,"turns":2.0},{"damage":24.0,"enemies":"Lagavulin","floor":13.0,"turns":7.0},{"damage":0.0,"enemies":"3 Louse","floor":14.0,"turns":2.0},{"damage":15.0,"enemies":"Hexaghost","floor":16.0,"turns":9.0},{"damage":7.0,"enemies":"Chosen","floor":18.0,"turns":5.0},{"damage":1.0,"enemies":"Spheric Guardian","floor":19.0,"turns":5.0},{"damage":19.0,"enemies":"Snake Plant","floor":21.0,"turns":4.0},{"damage":5.0,"enemies":"Gremlin Leader","floor":23.0,"turns":6.0},{"damage":7.0,"enemies":"Centurion and Healer","floor":29.0,"turns":7.0},{"damage":0.0,"enemies":"Slavers","floor":30.0,"turns":2.0},{"damage":0.0,"enemies":"Shelled Parasite and Fungi","floor":31.0,"turns":2.0},{"damage":55.0,"enemies":"Champ","floor":33.0,"turns":14.0},{"damage":1.0,"enemies":"Orb Walker","floor":35.0,"turns":2.0},{"damage":1.0,"enemies":"3 Shapes","floor":37.0,"turns":2.0},{"damage":2.0,"enemies":"Reptomancer","floor":41.0,"turns":5.0},{"damage":16.0,"enemies":"Transient","floor":42.0,"turns":5.0},{"damage":0.0,"enemies":"Jaw Worm Horde","floor":44.0,"turns":2.0},{"damage":0.0,"enemies":"Mind Bloom Boss Battle","floor":46.0,"turns":6.0},{"damage":1.0,"enemies":"Giant Head","floor":47.0,"turns":7.0},{"damage":24.0,"enemies":"Time Eater","floor":50.0,"turns":11.0},{"damage":23,"enemies":"Shield and Spear","floor":54,"turns":2},{"damage":54,"enemies":"The Heart","floor":55,"turns":8}],"seed_played":"-6567283133432706300","potions_obtained":[{"floor":2.0,"key":"Fire Potion"},{"floor":3.0,"key":"Block Potion"},{"floor":7.0,"key":"EssenceOfSteel"},{"floor":8.0,"key":"AttackPotion"},{"floor":13.0,"key":"Poison Potion"},{"floor":14.0,"key":"Fire Potion"}],"is_trial":false,"path_per_floor":["M","M","M","M","?","R","E","M","T","M","T","M","E","M","R","B",null,"M","M","$","M","?","E","?","R","T","R","$","M","E","M","R","B",null,"M","?","M","?","$","R","E","M","T","M","$","?","E","T","R","B",null,"R","$","E","B",null],"character_chosen":"THE_SILENT","items_purchased":["Kunai","Bronze Scales","Caltrops","Footwork","Whetstone","Dodge and Roll","Noxious Fumes","Centennial Puzzle"],"campfire_rested":0,"item_purchase_floors":[20,28,28,39,39,45,53,53],"current_hp_per_floor":[63,63,63,63,68,68,44,44,51,45,45,45,25,25,25,14,65,60,65,65,50,50,51,51,51,51,51,51,52,58,60,60,13,65,70,70,73,73,73,73,78,62,62,62,62,72,77,77,77,64,75,75,75,56,14],"gold":40,"neow_bonus":"THREE_ENEMY_KILL","is_prod":false,"is_daily":false,"chose_seed":false,"campfire_upgraded":5,"win_rate":0,"timestamp":1561303061,"path_taken":["M","M","M","M","?","R","E","M","T","M","?","M","E","M","R","BOSS","M","M","$","?","?","E","?","R","T","R","$","M","E","M","R","BOSS","M","?","M","?","$","R","E","M","T","M","?","?","E","?","R","BOSS","R","$","E","BOSS"],"build_version":"2019-01-23","purchased_purges":1,"victory":true,"max_hp_per_floor":[70,70,70,70,75,75,75,75,82,82,82,82,82,82,82,82,82,82,82,82,82,82,82,82,82,82,82,82,82,82,82,82,82,82,82,78,78,78,78,78,78,78,78,78,78,78,78,78,78,78,78,78,78,78,78],"card_choices":[{"not_picked":["Blade Dance","Acrobatics"],"picked":"PiercingWail","floor":1.0},{"not_picked":["Sucker Punch","Dodge and Roll","Deadly Poison"],"picked":"SKIP","floor":2.0},{"not_picked":["Sucker Punch","Dodge and Roll"],"picked":"Deadly Poison","floor":2.0},{"not_picked":["Outmaneuver","Flying Knee"],"picked":"Well Laid Plans","floor":3.0},{"not_picked":["Distraction","Escape Plan"],"picked":"Choke","floor":4.0},{"not_picked":["Riddle With Holes","Predator"],"picked":"Die Die Die","floor":7.0},{"not_picked":["Poisoned Stab","Eviscerate"],"picked":"Endless Agony","floor":8.0},{"not_picked":["Infinite Blades","Sucker Punch"],"picked":"Caltrops","floor":10.0},{"not_picked":["Prepared","Poisoned Stab","Dagger Spray"],"picked":"SKIP","floor":12.0},{"not_picked":["Prepared","Poisoned Stab"],"picked":"Dagger Spray","floor":12.0},{"not_picked":["Reflex","Escape Plan"],"picked":"Deflect","floor":13.0},{"not_picked":["Setup","Backstab"],"picked":"Backflip","floor":14.0},{"not_picked":["Tools of the Trade","Doppelganger"],"picked":"Wraith Form v2","floor":16.0},{"not_picked":["Bouncing Flask","Reflex"],"picked":"PiercingWail+1","floor":18.0},{"not_picked":["Predator","Outmaneuver+1","Choke"],"picked":"SKIP","floor":19.0},{"not_picked":["Backflip","Escape Plan"],"picked":"Blade Dance+1","floor":21.0},{"not_picked":["Heel Hook","Endless Agony"],"picked":"Poisoned Stab+1","floor":23.0},{"not_picked":["Underhanded Strike","Quick Slash+1","Bane+1"],"picked":"SKIP","floor":29.0},{"not_picked":["Poisoned Stab","Expertise"],"picked":"Skewer","floor":30.0},{"not_picked":["Outmaneuver","Flying Knee","Underhanded Strike"],"picked":"SKIP","floor":31.0},{"not_picked":["Envenom","Glass Knife"],"picked":"After Image","floor":33.0},{"not_picked":["Dagger Throw+1","Slice"],"picked":"Bouncing Flask+1","floor":35.0},{"not_picked":["Deadly Poison","Choke+1"],"picked":"Flying Knee+1","floor":37.0},{"not_picked":["Cloak And Dagger","Blade Dance"],"picked":"Catalyst+1","floor":41.0},{"not_picked":["PiercingWail","Caltrops","Bouncing Flask"],"picked":"SKIP","floor":42.0},{"not_picked":["Prepared+1","Acrobatics+1"],"picked":"Corpse Explosion","floor":44.0},{"not_picked":["Bane+1","Dagger Spray"],"picked":"Malaise","floor":47.0},{"not_picked":["Quick Slash+1","All Out Attack+1"],"picked":"Backflip+1","floor":54}],"player_experience":268541,"relics_obtained":[{"floor":7.0,"key":"Bird Faced Urn"},{"floor":9.0,"key":"Strawberry"},{"floor":11.0,"key":"Bottled Flame"},{"floor":13.0,"key":"Snake Skull"},{"floor":23.0,"key":"War Paint"},{"floor":26.0,"key":"PreservedInsect"},{"floor":30.0,"key":"Pen Nib"},{"floor":41.0,"key":"Dream Catcher"},{"floor":43.0,"key":"Lantern"},{"floor":46.0,"key":"Peace Pipe"},{"floor":47.0,"key":"Tingsha"},{"floor":54,"key":"Blue Candle"}],"event_choices":[{"damage_healed":0.0,"max_hp_gain":5.0,"max_hp_loss":0.0,"gold_gain":0.0,"event_name":"Big Fish","player_choice":"Donut","floor":5.0,"gold_loss":0.0,"damage_taken":0.0},{"damage_healed":0.0,"max_hp_gain":0.0,"max_hp_loss":0.0,"gold_gain":0.0,"event_name":"Drug Dealer","player_choice":"Inject Mutagens","floor":22.0,"gold_loss":0.0,"damage_taken":0.0,"relics_obtained":["MutagenicStrength"]},{"damage_healed":0.0,"max_hp_gain":0.0,"max_hp_loss":0.0,"gold_gain":0.0,"event_name":"The Mausoleum","player_choice":"Opened","floor":24.0,"gold_loss":0.0,"damage_taken":0.0,"relics_obtained":["Tiny Chest"]},{"damage_healed":0.0,"max_hp_gain":0.0,"max_hp_loss":4.0,"gold_gain":0.0,"event_name":"Winding Halls","player_choice":"Max HP","floor":36.0,"gold_loss":0.0,"damage_taken":0.0},{"damage_healed":0.0,"max_hp_gain":0.0,"max_hp_loss":0.0,"gold_gain":0.0,"event_name":"SensoryStone","player_choice":"Memory 1","floor":38.0,"gold_loss":0.0,"damage_taken":0.0},{"damage_healed":0.0,"max_hp_gain":0.0,"max_hp_loss":0.0,"gold_gain":0.0,"event_name":"MindBloom","player_choice":"Fight","floor":46.0,"gold_loss":0.0,"damage_taken":0.0}],"is_beta":false,"boss_relics":[{"not_picked":["Empty Cage","Ring of the Serpent"],"picked":"Sozu"},{"not_picked":["Coffee Dripper","Pandora\u0027s Box"],"picked":"Fusion Hammer"}],"items_purged_floors":[20],"is_endless":false,"potions_floor_spawned":[2,3,7,8,12,13,14,19,21,23,30,37,41,46,54],"ascension_level":11}