{"gold_per_floor":[111,111,121,121,47,380,380,380,380,399,399,1,17,37,37,168,168,186,36,36,52,70,102,102,121,121,121,150,164,177,25,25,127,127,138,138,25,25,35,35,52,52,52,152,3,14,31,49,49,49],"floor_reached":50,"playtime":6160,"items_purged":["Injury"],"score":534,"play_id":"3ba16718-040d-469d-9141-ee1a0d43a3a7","local_time":"20190613235834","is_ascension_mode":false,"campfire_choices":[{"floor":7,"key":"REST"},{"floor":11,"key":"REST"},{"data":"Poisoned Stab","floor":15,"key":"SMITH"},{"data":"Catalyst","floor":24,"key":"SMITH"},{"floor":32,"key":"REST"},{"floor":40,"key":"REST"},{"floor":42,"key":"REST"},{"floor":49,"key":"REST"}],"neow_cost":"NONE","seed_source_timestamp":446700975990245,"circlet_count":0,"master_deck":["Defend_G","Defend_G","Defend_G","Defend_G","Survivor","Neutralize+1","Outmaneuver","Poisoned Stab","Poisoned Stab+1","PiercingWail","Dagger Spray+1","Leg Sweep","Blur+1","Bullet Time","Adrenaline+1","A Thousand Cuts+1","Envenom+1","Flying Knee+1","Catalyst+1","Bane+1","Noxious Fumes","Poisoned Stab+1","Adrenaline","All Out Attack","Bane+1","Noxious Fumes","Catalyst","Burst","Deadly Poison","Noxious Fumes","Transmutation","Apotheosis","Magnetism","Footwork"],"relics":["Ring of the Snake","Old Coin","Bloody Idol","Mercury Hourglass","HandDrill","Orichalcum","Astrolabe","Peace Pipe","Bottled Flame","Whetstone","WristBlade","Ninja Scroll","Vajra"],"potions_floor_usage":[10,16,16,23,23,23,25,33,35],"damage_taken":[{"damage":0,"enemies":"Cultist","floor":1,"turns":5},{"damage":0,"enemies":"Jaw Worm","floor":3,"turns":6},{"damage":25,"enemies":"3 Sentries","floor":6,"turns":13},{"damage":0,"enemies":"Small Slimes","floor":10,"turns":3},{"damage":0,"enemies":"3 Louse","floor":13,"turns":1},{"damage":0,"enemies":"Looter","floor":14,"turns":3},{"damage":8,"enemies":"Hexaghost","floor":16,"turns":12},{"damage":0,"enemies":"3 Byrds","floor":18,"turns":3},{"damage":0,"enemies":"Shell Parasite","floor":21,"turns":4},{"damage":4,"enemies":"Snake Plant","floor":22,"turns":4},{"damage":12,"enemies":"Gremlin Leader","floor":23,"turns":5},{"damage":5,"enemies":"Chosen and Byrds","floor":25,"turns":5},{"damage":30,"enemies":"Slavers","floor":28,"turns":7},{"damage":0,"enemies":"3 Cultists","floor":29,"turns":4},{"damage":15,"enemies":"Centurion and Healer","floor":30,"turns":4},{"damage":24,"enemies":"Champ","floor":33,"turns":7},{"damage":5,"enemies":"3 Shapes","floor":35,"turns":3},{"damage":18,"enemies":"Orb Walker","floor":39,"turns":4},{"damage":23,"enemies":"3 Darklings","floor":41,"turns":5},{"damage":47,"enemies":"Spire Growth","floor":46,"turns":5},{"damage":22,"enemies":"Writhing Mass","floor":47,"turns":5},{"damage":0,"enemies":"4 Shapes","floor":48,"turns":1},{"damage":44,"enemies":"Awakened One","floor":50,"turns":3}],"seed_played":"6013810981935212290","potions_obtained":[{"floor":6,"key":"GamblersBrew"},{"floor":13,"key":"GhostInAJar"},{"floor":16,"key":"Energy Potion"},{"floor":21,"key":"GamblersBrew"},{"floor":22,"key":"Explosive Potion"},{"floor":23,"key":"PowerPotion"},{"floor":29,"key":"SpeedPotion"},{"floor":35,"key":"FairyPotion"},{"floor":46,"key":"Strength Potion"}],"is_trial":false,"path_per_floor":["M","?","M","?","$","E","R","?","T","M","R","$","M","M","R","B",null,"M","$","?","M","M","E","R","M","T","?","E","M","M","$","R","B",null,"M","?","$","?","M","R","M","R","T","?","$","M","M","M","R","B"],"character_chosen":"THE_SILENT","items_purchased":["Poisoned Stab","PiercingWail","HandDrill","Orichalcum","Explosive Potion","Catalyst","Noxious Fumes","Catalyst","Energy Potion","Deadly Poison","Noxious Fumes","Vajra"],"campfire_rested":6,"item_purchase_floors":[5,5,12,12,12,19,31,31,31,37,37,45],"current_hp_per_floor":[70,56,56,49,49,24,45,45,45,45,66,66,66,66,66,58,70,70,70,70,70,70,63,63,63,63,63,38,43,33,33,54,35,70,70,70,70,60,47,68,50,70,70,70,70,28,11,16,37,0],"gold":49,"neow_bonus":"REMOVE_CARD","is_prod":false,"is_daily":false,"chose_seed":false,"campfire_upgraded":2,"win_rate":0.0,"timestamp":1560484714,"path_taken":["M","?","M","?","$","E","R","?","T","M","R","$","M","M","R","BOSS","M","$","?","M","M","E","R","M","T","?","E","M","?","?","R","BOSS","M","?","?","?","M","R","M","R","T","?","$","M","?","M","R","BOSS"],"build_version":"2019-01-23","purchased_purges":1,"victory":false,"max_hp_per_floor":[70,70,70,70,70,70,70,70,70,70,70,70,70,70,70,70,70,70,70,70,70,70,70,70,70,70,70,70,70,70,70,70,70,70,70,70,70,70,70,70,70,70,70,70,70,70,70,70,70,70],"card_choices":[{"not_picked":["Dagger Throw","Underhanded Strike"],"picked":"Outmaneuver","floor":1},{"not_picked":["Reflex","Expertise"],"picked":"Poisoned Stab","floor":3},{"not_picked":["Backflip","Phantasmal Killer"],"picked":"Dagger Spray","floor":6},{"not_picked":["Skewer","Dodge and Roll"],"picked":"Leg Sweep","floor":10},{"not_picked":["Prepared","Bane"],"picked":"Blur","floor":13},{"not_picked":["Underhanded Strike","Backflip","Dodge and Roll"],"picked":"SKIP","floor":14},{"not_picked":["Phantasmal Killer","A Thousand Cuts"],"picked":"Bullet Time","floor":16},{"not_picked":["Backflip","Sucker Punch"],"picked":"Flying Knee+1","floor":18},{"not_picked":["Accuracy+1","Backflip+1"],"picked":"Bane+1","floor":21},{"not_picked":["Outmaneuver+1","Bane"],"picked":"Noxious Fumes","floor":22},{"not_picked":["Leg Sweep","Masterful Stab","Cloak And Dagger"],"picked":"SKIP","floor":23},{"not_picked":["Dagger Spray","Escape Plan"],"picked":"Poisoned Stab","floor":25},{"not_picked":["Blur","Night Terror"],"picked":"Adrenaline","floor":28},{"not_picked":["Outmaneuver","Dagger Throw"],"picked":"All Out Attack","floor":29},{"not_picked":["Dagger Throw","Acrobatics"],"picked":"Bane+1","floor":30},{"not_picked":["Corpse Explosion","Bullet Time"],"picked":"Burst","floor":33},{"not_picked":["Flying Knee","Underhanded Strike+1","Deflect"],"picked":"SKIP","floor":35},{"not_picked":["Finesse","Trip"],"picked":"Transmutation","floor":38},{"not_picked":["Madness","Metamorphosis"],"picked":"Apotheosis","floor":38},{"not_picked":["Mind Blast","Purity"],"picked":"Magnetism","floor":38},{"not_picked":["Sucker Punch","Dagger Throw","Quick Slash"],"picked":"SKIP","floor":39},{"not_picked":["Backflip","Slice+1","Bane"],"picked":"SKIP","floor":41},{"not_picked":["Bane+1","Flechettes+1","Quick Slash"],"picked":"SKIP","floor":46},{"not_picked":["Backflip","Deflect","Riddle With Holes+1"],"picked":"SKIP","floor":47},{"not_picked":["Dodge and Roll+1","Tactician+1"],"picked":"Footwork","floor":48}],"player_experience":1141704,"relics_obtained":[{"floor":6,"key":"Old Coin"},{"floor":9,"key":"Mercury Hourglass"},{"floor":23,"key":"Peace Pipe"},{"floor":26,"key":"Bottled Flame"},{"floor":28,"key":"Whetstone"},{"floor":43,"key":"Ninja Scroll"}],"event_choices":[{"damage_healed":0,"gold_gain":0,"player_choice":"Entered Light","damage_taken":14,"max_hp_gain":0,"max_hp_loss":0,"event_name":"Shining Light","floor":2,"gold_loss":0,"cards_upgraded":["Neutralize","Strike_G"]},{"cards_removed":["Strike_G"],"damage_healed":0,"gold_gain":0,"player_choice":"Card Removal","damage_taken":7,"max_hp_gain":0,"max_hp_loss":0,"event_name":"Golden Wing","floor":4,"gold_loss":0},{"damage_healed":0,"gold_gain":0,"player_choice":"Take Wound","damage_taken":0,"relics_obtained":["Golden Idol"],"max_hp_gain":0,"max_hp_loss":0,"event_name":"Golden Idol","floor":8,"gold_loss":0,"cards_obtained":["Injury"]},{"damage_healed":0,"gold_gain":0,"player_choice":"Gave Idol","damage_taken":0,"relics_obtained":["Bloody Idol"],"max_hp_gain":0,"max_hp_loss":0,"event_name":"Forgotten Altar","floor":20,"relics_lost":["Golden Idol"],"gold_loss":0},{"damage_healed":0,"gold_gain":0,"player_choice":"Upgraded","damage_taken":0,"max_hp_gain":0,"max_hp_loss":0,"event_name":"Upgrade Shrine","floor":27,"gold_loss":0,"cards_upgraded":["Blur"]},{"cards_removed":["Defend_G"],"damage_healed":0,"gold_gain":0,"player_choice":"Purged","damage_taken":0,"max_hp_gain":0,"max_hp_loss":0,"event_name":"Purifier","floor":36,"gold_loss":0},{"damage_healed":0,"gold_gain":0,"player_choice":"Memory 3","damage_taken":10,"max_hp_gain":0,"max_hp_loss":0,"event_name":"SensoryStone","floor":38,"gold_loss":0},{"damage_healed":0,"gold_gain":100,"player_choice":"Pray","damage_taken":0,"max_hp_gain":0,"max_hp_loss":0,"event_name":"Golden Shrine","floor":44,"gold_loss":0}],"is_beta":false,"boss_relics":[{"not_picked":["HoveringKite","Fusion Hammer"],"picked":"Astrolabe"},{"not_picked":["Velvet Choker","Coffee Dripper"],"picked":"WristBlade"}],"items_purged_floors":[19],"is_endless":false,"potions_floor_spawned":[6,13,16,21,22,23,29,35,46],"killed_by":"Awakened One","ascension_level":0}