{"gold_per_floor":[12,24,24,41,56,90,90,108,108,108,108,73,100,100,100,198,198,211,62,80,80,96,128,145,145,168,178,194,219,230,242,242,338,338,357,357,367,0,11,11],"floor_reached":40,"playtime":17752,"items_purged":["Strike_R"],"score":467,"play_id":"4e8efc2b-14c9-4775-83df-5b44a14e0edd","local_time":"20190428212952","is_ascension_mode":false,"campfire_choices":[{"data":"Armaments","floor":10,"key":"SMITH"},{"floor":15,"key":"REST"},{"floor":32,"key":"REST"}],"neow_cost":"NO_GOLD","seed_source_timestamp":0,"circlet_count":0,"master_deck":["Defend_R","Defend_R","Defend_R","Bash","Battle Trance","Feel No Pain","Armaments+1","Dual Wield","Rage","Anger","Iron Wave","Metallicize+1","Body Slam","Brutality+1","Rupture+1","Corruption+1","Flame Barrier","Rampage+1","Flex+1","Shrug It Off+1","Power Through+1","Rage+1","Berserk+1","Armaments+1","Intimidate"],"special_seed":0,"relics":["Burning Blood","Frozen Egg 2","Oddly Smooth Stone","Bag of Preparation","Mark of Pain","Gremlin Horn","Meat on the Bone","Anchor","Vajra","Boot","Runic Cube","Red Mask"],"potions_floor_usage":[8,22,29,33,33,33,35,39,40],"damage_taken":[{"damage":0.0,"enemies":"2 Louse","floor":1.0,"turns":4.0},{"damage":4.0,"enemies":"Small Slimes","floor":2.0,"turns":3.0},{"damage":1.0,"enemies":"Cultist","floor":4.0,"turns":5.0},{"damage":33,"enemies":"Exordium Wildlife","floor":5,"turns":8},{"damage":31,"enemies":"3 Sentries","floor":6,"turns":14},{"damage":4,"enemies":"Blue Slaver","floor":8,"turns":4},{"damage":20,"enemies":"Gremlin Nob","floor":13,"turns":6},{"damage":65,"enemies":"Hexaghost","floor":16,"turns":11},{"damage":3,"enemies":"Chosen","floor":18,"turns":4},{"damage":17,"enemies":"3 Byrds","floor":20,"turns":5},{"damage":4,"enemies":"3 Cultists","floor":22,"turns":5},{"damage":6,"enemies":"Book of Stabbing","floor":23,"turns":5},{"damage":8,"enemies":"Centurion and Healer","floor":24,"turns":7},{"damage":4,"enemies":"Snecko","floor":27,"turns":5},{"damage":10,"enemies":"Shelled Parasite and Fungi","floor":28,"turns":5},{"damage":71,"enemies":"Gremlin Leader","floor":29,"turns":7},{"damage":4,"enemies":"Chosen and Byrds","floor":30,"turns":5},{"damage":3,"enemies":"Centurion and Healer","floor":31,"turns":4},{"damage":65,"enemies":"Automaton","floor":33,"turns":9},{"damage":20,"enemies":"Orb Walker","floor":35,"turns":4},{"damage":39,"enemies":"3 Darklings","floor":37,"turns":5},{"damage":6,"enemies":"Writhing Mass","floor":39,"turns":7},{"damage":64,"enemies":"Reptomancer","floor":40,"turns":6}],"seed_played":"60496830600702659","potions_obtained":[{"floor":1.0,"key":"PowerPotion"},{"floor":6,"key":"SteroidPotion"},{"floor":8,"key":"SteroidPotion"},{"floor":16,"key":"Dexterity Potion"},{"floor":18,"key":"Explosive Potion"},{"floor":22,"key":"Swift Potion"},{"floor":28,"key":"Energy Potion"},{"floor":30,"key":"SteroidPotion"},{"floor":33,"key":"AttackPotion"},{"floor":37,"key":"Dexterity Potion"},{"floor":39,"key":"Ancient Potion"}],"is_trial":false,"path_per_floor":["M","M","?","M","M","E","?","M","T","R","?","?","E","?","R","B",null,"M","$","M","T","M","E","M","?","T","M","M","E","M","M","R","B",null,"M","?","M","?","M","E"],"character_chosen":"IRONCLAD","items_purchased":["Corruption+1"],"campfire_rested":2,"item_purchase_floors":[19],"current_hp_per_floor":[96,96,96,96,69,44,44,46,46,46,39,63,49,49,77,18,96,96,96,85,85,87,87,85,85,85,87,83,30,44,59,87,40,96,82,82,61,61,61,0],"gold":11,"neow_bonus":"TWENTY_PERCENT_HP_BONUS","is_prod":false,"is_daily":false,"chose_seed":false,"campfire_upgraded":1,"win_rate":0.0,"timestamp":1556501392,"path_taken":["M","M","?","M","M","E","?","?","T","R","?","?","E","?","R","BOSS","M","$","M","?","M","E","?","?","T","M","M","E","M","M","R","BOSS","M","?","M","?","M","E"],"build_version":"2019-01-23","purchased_purges":1,"victory":false,"max_hp_per_floor":[96,96,96,96,96,96,96,96,96,96,96,96,96,96,96,96,96,96,96,96,96,96,96,96,96,96,96,96,96,96,96,96,96,96,96,96,96,96,96,96],"card_choices":[{"not_picked":["Shrug It Off","Pommel Strike"],"picked":"Battle Trance","floor":1.0},{"not_picked":["Clothesline","Sword Boomerang"],"picked":"Feel No Pain","floor":2.0},{"not_picked":["True Grit","Sever Soul"],"picked":"Dual Wield","floor":4.0},{"not_picked":["Feel No Pain","Double Tap"],"picked":"Rage","floor":5},{"not_picked":["Headbutt","Hemokinesis"],"picked":"Anger","floor":6},{"not_picked":["Uppercut","Twin Strike"],"picked":"Metallicize+1","floor":8},{"not_picked":["Infernal Blade","Iron Wave"],"picked":"Body Slam","floor":13},{"not_picked":["Double Tap","Bludgeon"],"picked":"Brutality+1","floor":16},{"not_picked":["Twin Strike","Blood for Blood"],"picked":"Rupture+1","floor":18},{"not_picked":["Sword Boomerang","Whirlwind","Cleave"],"picked":"SKIP","floor":20},{"not_picked":["Metallicize+1","Heavy Blade"],"picked":"Flame Barrier","floor":22},{"not_picked":["True Grit+1","Sword Boomerang"],"picked":"Rampage+1","floor":23},{"not_picked":["True Grit+1","Sword Boomerang","Second Wind"],"picked":"SKIP","floor":24},{"not_picked":["Dark Embrace+1","Metallicize+1","Iron Wave"],"picked":"SKIP","floor":27},{"not_picked":["Clash","Shrug It Off"],"picked":"Flex+1","floor":28},{"not_picked":["Feel No Pain+1","Warcry"],"picked":"Shrug It Off+1","floor":29},{"not_picked":["Body Slam+1","Uppercut"],"picked":"Power Through+1","floor":30},{"not_picked":["Heavy Blade","Fiend Fire"],"picked":"Rage+1","floor":31},{"not_picked":["Bludgeon","Dark Embrace+1"],"picked":"Berserk+1","floor":33},{"not_picked":["Power Through+1","Sword Boomerang+1"],"picked":"Armaments+1","floor":35},{"not_picked":["Sword Boomerang","Thunderclap"],"picked":"Intimidate","floor":37},{"not_picked":["Sever Soul","Warcry+1","Whirlwind"],"picked":"SKIP","floor":39}],"player_experience":51569,"relics_obtained":[{"floor":6,"key":"Frozen Egg 2"},{"floor":9,"key":"Oddly Smooth Stone"},{"floor":13,"key":"Bag of Preparation"},{"floor":21,"key":"Gremlin Horn"},{"floor":23,"key":"Meat on the Bone"},{"floor":26,"key":"Vajra"},{"floor":29,"key":"Boot"}],"event_choices":[{"damage_healed":0.0,"max_hp_gain":0.0,"max_hp_loss":0.0,"gold_gain":0.0,"cards_transformed":["Strike_R"],"event_name":"Living Wall","player_choice":"Change","floor":3.0,"gold_loss":0.0,"damage_taken":0.0,"cards_obtained":["Armaments"]},{"cards_removed":["Strike_R"],"damage_healed":0,"gold_gain":0,"player_choice":"Took Card","damage_taken":0,"max_hp_gain":0,"max_hp_loss":0,"event_name":"NoteForYourself","floor":7,"gold_loss":0,"cards_obtained":["Iron Wave"]},{"cards_removed":["Strike_R"],"damage_healed":0,"gold_gain":0,"player_choice":"Card Removal","damage_taken":7,"max_hp_gain":0,"max_hp_loss":0,"event_name":"Golden Wing","floor":11,"gold_loss":0},{"damage_healed":24,"gold_gain":0,"player_choice":"Healed","damage_taken":0,"max_hp_gain":0,"max_hp_loss":0,"event_name":"The Cleric","floor":12,"gold_loss":35},{"cards_removed":["Strike_R"],"damage_healed":0,"gold_gain":0,"player_choice":"Purged","damage_taken":0,"max_hp_gain":0,"max_hp_loss":0,"event_name":"Purifier","floor":14,"gold_loss":0},{"damage_healed":0,"gold_gain":0,"player_choice":"Opened","damage_taken":0,"relics_obtained":["Anchor"],"max_hp_gain":0,"max_hp_loss":0,"event_name":"The Mausoleum","floor":25,"gold_loss":0},{"cards_removed":["Defend_R"],"damage_healed":0,"gold_gain":0,"player_choice":"Removed Skill","damage_taken":0,"max_hp_gain":0,"max_hp_loss":0,"event_name":"Falling","floor":36,"gold_loss":0},{"damage_healed":0,"gold_gain":0,"player_choice":"Paid","damage_taken":0,"relics_obtained":["Red Mask"],"max_hp_gain":0,"max_hp_loss":0,"event_name":"Tomb of Lord Red Mask","floor":38,"gold_loss":367}],"is_beta":false,"boss_relics":[{"not_picked":["Sozu","Velvet Choker"],"picked":"Mark of Pain"},{"not_picked":["Eternal Feather","Orrery"],"picked":"Runic Cube"}],"items_purged_floors":[19],"is_endless":false,"potions_floor_spawned":[1,6,8,16,18,22,28,30,31,33,37,39],"killed_by":"Reptomancer","ascension_level":0}