{"gold_per_floor":[111,61,61,61,74,74,108,108,132,142,43,43,58,93,93,188,188,204,216,239,239,239,269,269,269,293,322,340,290,302,331,331,331],"floor_reached":33,"playtime":1578,"items_purged":["Strike_R"],"score":646,"play_id":"8cec91ab-a8ab-4835-8678-1deaeb5584f5","local_time":"20190505142921","is_ascension_mode":true,"campfire_choices":[{"data":"Armaments","floor":6.0,"key":"SMITH"},{"floor":8.0,"key":"REST"},{"data":"Battle Trance","floor":15,"key":"SMITH"},{"floor":25,"key":"REST"},{"floor":32,"key":"REST"}],"neow_cost":"NONE","seed_source_timestamp":1568145914207294,"circlet_count":0,"master_deck":["AscendersBane","Strike_R+1","Strike_R","Strike_R","Defend_R","Defend_R","Defend_R","Bash","Armaments+1","Thunderclap+1","Flame Barrier","Battle Trance+1","Flex","Shrug It Off","Offering+1","Normality","Decay","Writhe","Flex+1","Normality","True Grit+1","Impervious"],"special_seed":0,"relics":["Burning Blood","Singing Bowl","Centennial Puzzle","PreservedInsect","Anchor","Cursed Key","Happy Flower","Letter Opener","Blood Vial","Whetstone","Strawberry","Girya","Pen Nib"],"potions_floor_usage":[16,16,27,30,31],"damage_taken":[{"damage":0.0,"enemies":"Small Slimes","floor":1.0,"turns":3.0},{"damage":7.0,"enemies":"Jaw Worm","floor":5.0,"turns":3.0},{"damage":55.0,"enemies":"Lagavulin","floor":7.0,"turns":11.0},{"damage":1.0,"enemies":"Cultist","floor":10.0,"turns":4.0},{"damage":27.0,"enemies":"Exordium Thugs","floor":13.0,"turns":8.0},{"damage":33,"enemies":"Gremlin Nob","floor":14,"turns":4},{"damage":4,"enemies":"Hexaghost","floor":16,"turns":8},{"damage":6,"enemies":"Chosen","floor":18,"turns":3},{"damage":6,"enemies":"2 Thieves","floor":19,"turns":3},{"damage":33,"enemies":"Slavers","floor":23,"turns":5},{"damage":6,"enemies":"Gremlin Leader","floor":27,"turns":3},{"damage":31,"enemies":"Centurion and Healer","floor":28,"turns":10},{"damage":15,"enemies":"Snake Plant","floor":30,"turns":5},{"damage":46,"enemies":"Book of Stabbing","floor":31,"turns":5},{"damage":62,"enemies":"Automaton","floor":33,"turns":10}],"seed_played":"8766719860828718071","potions_obtained":[{"floor":1.0,"key":"GamblersBrew"},{"floor":5.0,"key":"Strength Potion"},{"floor":7.0,"key":"PowerPotion"},{"floor":13.0,"key":"PowerPotion"},{"floor":19,"key":"Fire Potion"},{"floor":23,"key":"GamblersBrew"},{"floor":30,"key":"Swift Potion"}],"is_trial":false,"path_per_floor":["M","?","?","T","M","R","E","R","T","M","$","?","M","E","R","B",null,"M","M","T","T","?","E","?","R","T","E","M","?","M","E","R","B"],"character_chosen":"IRONCLAD","items_purchased":["Flex"],"campfire_rested":3,"item_purchase_floors":[11],"current_hp_per_floor":[78,78,83,83,82,82,33,58,58,65,65,65,44,19,19,21,72,74,76,76,76,76,51,51,78,85,87,66,66,59,23,54,0],"gold":331,"neow_bonus":"TRANSFORM_CARD","is_prod":false,"is_daily":false,"chose_seed":false,"campfire_upgraded":2,"win_rate":0,"timestamp":1557059361,"path_taken":["M","?","?","?","M","R","E","R","T","M","$","?","?","E","R","BOSS","M","?","?","?","?","E","?","R","T","E","?","?","?","E","R","BOSS"],"build_version":"2019-01-23","purchased_purges":1,"victory":false,"max_hp_per_floor":[80,80,85,85,85,85,85,85,85,87,87,87,87,89,89,89,89,91,93,93,93,93,93,93,93,100,100,102,102,102,104,104,104],"card_choices":[{"not_picked":["Fire Breathing","Anger"],"picked":"Thunderclap","floor":1.0},{"not_picked":["Armaments","Sword Boomerang"],"picked":"Flame Barrier","floor":5.0},{"not_picked":["Power Through","Ghostly Armor"],"picked":"Battle Trance","floor":7.0},{"not_picked":["Berserk","Rampage","Sword Boomerang"],"picked":"Singing Bowl","floor":10.0},{"not_picked":["Anger","Havoc"],"picked":"Shrug It Off","floor":13.0},{"not_picked":["Twin Strike","Sword Boomerang","Thunderclap"],"picked":"Singing Bowl","floor":14},{"not_picked":["Double Tap","Immolate"],"picked":"Offering","floor":16},{"not_picked":["Perfected Strike","Headbutt","Flame Barrier+1"],"picked":"Singing Bowl","floor":18},{"not_picked":["Iron Wave","Pommel Strike","Bloodletting"],"picked":"Singing Bowl","floor":19},{"not_picked":["Clothesline","Bloodletting+1"],"picked":"Flex+1","floor":23},{"not_picked":["Sentinel","Perfected Strike"],"picked":"True Grit+1","floor":27},{"not_picked":["Feel No Pain","Heavy Blade","Infernal Blade"],"picked":"Singing Bowl","floor":28},{"not_picked":["Shrug It Off+1","Fire Breathing"],"picked":"Impervious","floor":30},{"not_picked":["Carnage","Twin Strike+1","Ghostly Armor"],"picked":"Singing Bowl","floor":31}],"player_experience":237203,"relics_obtained":[{"floor":4.0,"key":"Singing Bowl"},{"floor":7.0,"key":"Centennial Puzzle"},{"floor":9.0,"key":"PreservedInsect"},{"floor":14,"key":"Anchor"},{"floor":20,"key":"Happy Flower"},{"floor":21,"key":"Letter Opener"},{"floor":23,"key":"Whetstone"},{"floor":26,"key":"Strawberry"},{"floor":27,"key":"Girya"},{"floor":31,"key":"Pen Nib"}],"event_choices":[{"cards_removed":["Strike_R"],"damage_healed":0.0,"max_hp_gain":0.0,"max_hp_loss":0.0,"gold_gain":0.0,"event_name":"The Cleric","player_choice":"Card Removal","floor":2.0,"gold_loss":50.0,"damage_taken":0.0},{"damage_healed":0.0,"max_hp_gain":5.0,"max_hp_loss":0.0,"gold_gain":0.0,"event_name":"Big Fish","player_choice":"Donut","floor":3.0,"gold_loss":0.0,"damage_taken":0.0},{"damage_healed":0.0,"max_hp_gain":0.0,"max_hp_loss":0.0,"gold_gain":0.0,"event_name":"Liars Game","player_choice":"Ignored","floor":12.0,"gold_loss":0.0,"damage_taken":0.0},{"damage_healed":0,"gold_gain":0,"player_choice":"Opened","damage_taken":0,"relics_obtained":["Blood Vial"],"max_hp_gain":0,"max_hp_loss":0,"event_name":"The Mausoleum","floor":22,"gold_loss":0,"cards_obtained":["Writhe"]},{"damage_healed":0,"gold_gain":0,"player_choice":"Upgraded","damage_taken":0,"max_hp_gain":0,"max_hp_loss":0,"event_name":"Upgrade Shrine","floor":24,"gold_loss":0,"cards_upgraded":["Offering"]},{"damage_healed":0,"gold_gain":0,"player_choice":"Bet on Murderer","damage_taken":0,"max_hp_gain":0,"max_hp_loss":0,"event_name":"The Joust","floor":29,"gold_loss":50}],"is_beta":false,"boss_relics":[{"not_picked":["Calling Bell","Pandora\u0027s Box"],"picked":"Cursed Key"}],"items_purged_floors":[11],"is_endless":false,"potions_floor_spawned":[1,5,7,13,19,23,30],"killed_by":"Automaton","ascension_level":11}