{"gold_per_floor":[117,5,5,5,23,23,47,57,81,106,106,124,135,162,162,257,257,275,293,293,293,313,313,184,209,209,243,259,274,67,82,82,187,187,201,10,20,30,41,41,41,67,91,16,31,31,45,79,79,79],"floor_reached":51,"playtime":6088,"items_purged":["Strike_R+1"],"score":814,"play_id":"69f2d0fc-bc85-4b4d-b482-7e314dbfd4eb","local_time":"20190630172506","is_ascension_mode":false,"campfire_choices":[{"data":"Feel No Pain","floor":6.0,"key":"SMITH"},{"floor":11.0,"key":"REST"},{"floor":15.0,"key":"REST"},{"data":"Shockwave","floor":23,"key":"SMITH"},{"floor":32,"key":"REST"},{"data":"Shockwave","floor":40,"key":"SMITH"},{"floor":49,"key":"REST"}],"neow_cost":"","seed_source_timestamp":0,"circlet_count":0,"master_deck":["Strike_R+1","Strike_R+1","Strike_R+1","Strike_R+1","Defend_R+1","Defend_R+1","Defend_R+1","Defend_R+1","Bash","Entrench+1","Burning Pact","Feel No Pain+1","Clothesline","Shockwave+1","Shrug It Off","Corruption+1","Iron Wave","Brutality+1","Barricade+1","Carnage","Bloodletting","Seeing Red","Clothesline","Corruption+1","Shrug It Off","Shockwave+1","Carnage+1","Burning Pact","Clothesline","Dark Embrace+1","Reaper","Shrug It Off+1","Seeing Red","Ghostly Armor+1","Bash","Entrench","Entrench","Body Slam+1"],"special_seed":0,"relics":["Black Blood","Odd Mushroom","Lantern","Frozen Egg 2","Bronze Scales","Sozu","Potion Belt","Darkstone Periapt","Pear","Frozen Eye","Blood Vial","PreservedInsect","Pen Nib"],"potions_floor_usage":[],"damage_taken":[{"damage":4.0,"enemies":"2 Louse","floor":1.0,"turns":3.0},{"damage":5.0,"enemies":"Jaw Worm","floor":5.0,"turns":5.0},{"damage":37.0,"enemies":"The Mushroom Lair","floor":7.0,"turns":6.0},{"damage":2.0,"enemies":"Small Slimes","floor":8.0,"turns":4.0},{"damage":32.0,"enemies":"Lagavulin","floor":10.0,"turns":13.0},{"damage":5.0,"enemies":"Blue Slaver","floor":12.0,"turns":4.0},{"damage":7.0,"enemies":"Exordium Wildlife","floor":13.0,"turns":4.0},{"damage":20.0,"enemies":"Gremlin Nob","floor":14.0,"turns":6.0},{"damage":32.0,"enemies":"The Guardian","floor":16.0,"turns":10.0},{"damage":6,"enemies":"Chosen","floor":18,"turns":7},{"damage":8,"enemies":"Spheric Guardian","floor":19,"turns":4},{"damage":18,"enemies":"Snake Plant","floor":22,"turns":4},{"damage":20,"enemies":"Book of Stabbing","floor":27,"turns":5},{"damage":3,"enemies":"Snecko","floor":28,"turns":4},{"damage":33,"enemies":"Shelled Parasite and Fungi","floor":29,"turns":5},{"damage":3,"enemies":"Chosen and Byrds","floor":31,"turns":4},{"damage":13,"enemies":"Champ","floor":33,"turns":11},{"damage":6,"enemies":"3 Shapes","floor":35,"turns":6},{"damage":19,"enemies":"3 Darklings","floor":37,"turns":4},{"damage":22,"enemies":"Sphere and 2 Shapes","floor":38,"turns":4},{"damage":7,"enemies":"Maw","floor":39,"turns":8},{"damage":19,"enemies":"Reptomancer","floor":42,"turns":7},{"damage":28,"enemies":"Jaw Worm Horde","floor":45,"turns":6},{"damage":23,"enemies":"Sphere and 2 Shapes","floor":47,"turns":7},{"damage":5,"enemies":"Giant Head","floor":48,"turns":6},{"damage":54,"enemies":"Awakened One","floor":50,"turns":17}],"seed_played":"-706551984956738849","potions_obtained":[{"floor":7.0,"key":"Swift Potion"},{"floor":8.0,"key":"PowerPotion"},{"floor":12.0,"key":"Block Potion"},{"floor":13.0,"key":"Dexterity Potion"},{"floor":14.0,"key":"LiquidBronze"},{"floor":16.0,"key":"Ancient Potion"}],"is_trial":false,"path_per_floor":["M","$","?","$","M","R","?","M","T","E","R","M","M","E","R","B",null,"M","M","?","?","M","R","$","T","T","E","M","M","$","M","R","B",null,"M","$","M","M","M","R","?","E","T","$","M","$","M","E","R","B",null],"character_chosen":"IRONCLAD","items_purchased":["Burning Pact","Feel No Pain","Corruption+1","Shrug It Off","Burning Pact","Clothesline","Frozen Eye","Entrench"],"campfire_rested":4,"item_purchase_floors":[2,2,24,24,30,30,36,44],"current_hp_per_floor":[80,80,64,64,65,65,34,38,38,12,36,37,36,22,46,20,80,80,78,78,78,66,66,66,66,66,62,65,38,38,41,68,61,90,90,90,81,81,88,88,88,81,81,81,67,67,64,71,90,50],"gold":79,"neow_bonus":"","is_prod":false,"is_daily":false,"chose_seed":false,"campfire_upgraded":3,"win_rate":0.0,"timestamp":1561904706,"path_taken":["M","$","?","?","M","R","?","M","T","E","R","M","M","E","R","BOSS","M","M","?","?","M","R","$","?","T","E","M","M","$","M","R","BOSS","M","$","M","M","M","R","?","E","T","$","M","?","M","E","R","BOSS"],"build_version":"2019-01-23","purchased_purges":1,"victory":true,"max_hp_per_floor":[80,80,80,80,80,80,80,80,80,80,80,80,80,80,80,80,80,80,80,80,80,80,80,80,80,80,90,90,90,90,90,90,90,90,90,90,90,90,90,90,90,90,90,90,90,90,90,90,90,90],"card_choices":[{"not_picked":["Shrug It Off","Anger"],"picked":"Entrench","floor":1.0},{"not_picked":["True Grit","Pommel Strike"],"picked":"Clothesline","floor":5.0},{"not_picked":["Berserk","Combust"],"picked":"Shockwave","floor":7.0},{"not_picked":["Infernal Blade","Cleave"],"picked":"Shrug It Off","floor":8.0},{"not_picked":["Blood for Blood","Clash"],"picked":"Corruption","floor":10.0},{"not_picked":["Thunderclap","Whirlwind"],"picked":"Iron Wave","floor":12.0},{"not_picked":["Reckless Charge","Headbutt","Combust+1"],"picked":"SKIP","floor":13.0},{"not_picked":["Disarm","Battle Trance"],"picked":"Brutality+1","floor":14.0},{"not_picked":["Brutality+1","Demon Form+1"],"picked":"Barricade+1","floor":16.0},{"not_picked":["Perfected Strike","Pommel Strike"],"picked":"Carnage","floor":18},{"not_picked":["Thunderclap","Clash"],"picked":"Bloodletting","floor":19},{"not_picked":["Sever Soul","Reckless Charge"],"picked":"Clothesline","floor":22},{"not_picked":["Clash","Thunderclap"],"picked":"Shockwave","floor":27},{"not_picked":["Dropkick","Clothesline"],"picked":"Carnage+1","floor":28},{"not_picked":["Twin Strike","Metallicize+1","Clash"],"picked":"SKIP","floor":29},{"not_picked":["Pommel Strike","Disarm+1"],"picked":"Dark Embrace+1","floor":31},{"not_picked":["Demon Form+1","Berserk+1"],"picked":"Reaper","floor":33},{"not_picked":["Uppercut","Disarm+1"],"picked":"Shrug It Off+1","floor":35},{"not_picked":["Clothesline","Iron Wave+1"],"picked":"Seeing Red","floor":37},{"not_picked":["Shockwave+1","Warcry","Armaments"],"picked":"SKIP","floor":38},{"not_picked":["Thunderclap","Armaments"],"picked":"Ghostly Armor+1","floor":39},{"not_picked":["Cleave+1","Clash+1"],"picked":"Entrench","floor":42},{"not_picked":["Rage+1","Inflame+1","Fire Breathing+1"],"picked":"SKIP","floor":45},{"not_picked":["Double Tap","Perfected Strike","Clothesline"],"picked":"SKIP","floor":47},{"not_picked":["Anger+1","Feel No Pain+1"],"picked":"Body Slam+1","floor":48}],"player_experience":0,"relics_obtained":[{"floor":7.0,"key":"Odd Mushroom"},{"floor":9.0,"key":"Lantern"},{"floor":10.0,"key":"Frozen Egg 2"},{"floor":14.0,"key":"Bronze Scales"},{"floor":25,"key":"Potion Belt"},{"floor":26,"key":"Darkstone Periapt"},{"floor":27,"key":"Pear"},{"floor":42,"key":"Blood Vial"},{"floor":43,"key":"PreservedInsect"},{"floor":48,"key":"Pen Nib"}],"event_choices":[{"damage_healed":0.0,"max_hp_gain":0.0,"max_hp_loss":0.0,"gold_gain":0.0,"event_name":"Shining Light","player_choice":"Entered Light","floor":3.0,"gold_loss":0.0,"damage_taken":16.0,"cards_upgraded":["Entrench","Strike_R"]},{"damage_healed":0.0,"max_hp_gain":0.0,"max_hp_loss":0.0,"gold_gain":0.0,"event_name":"Mushrooms","player_choice":"Fought Mushrooms","floor":7.0,"gold_loss":0.0,"damage_taken":0.0},{"damage_healed":0,"gold_gain":0,"player_choice":"Read","damage_taken":0,"max_hp_gain":0,"max_hp_loss":0,"event_name":"The Library","floor":20,"gold_loss":0,"cards_obtained":["Seeing Red"]},{"damage_healed":0,"gold_gain":0,"player_choice":"Simplicity","damage_taken":0,"max_hp_gain":0,"max_hp_loss":0,"event_name":"Back to Basics","floor":21,"gold_loss":0,"cards_upgraded":["Strike_R","Strike_R","Strike_R","Strike_R","Defend_R","Defend_R","Defend_R","Defend_R"]},{"damage_healed":0,"gold_gain":0,"player_choice":"1 cards matched","damage_taken":0,"max_hp_gain":0,"max_hp_loss":0,"event_name":"Match and Keep!","floor":41,"gold_loss":0,"cards_obtained":["Bash"]}],"is_beta":false,"boss_relics":[{"not_picked":["Cursed Key","Empty Cage"],"picked":"Sozu"},{"not_picked":["White Beast Statue","Orrery"],"picked":"Black Blood"}],"items_purged_floors":[30],"is_endless":false,"potions_floor_spawned":[7,8,12,13,14,16,18,28,29,31,35,45,47,48],"ascension_level":0}