{"gold_per_floor":[113,113,133,148,194,221,221,221,293,303,220,220,220],"floor_reached":13,"playtime":474,"items_purged":[],"score":133,"play_id":"3453957e-25b4-4157-af27-f6fea0213653","local_time":"20190628162936","is_ascension_mode":true,"campfire_choices":[{"floor":7,"key":"REST"}],"neow_cost":"NONE","seed_source_timestamp":677437630036073,"circlet_count":0,"master_deck":["AscendersBane","Defend_G","Defend_G","Defend_G","Defend_G","Defend_G","Strike_G","Strike_G","Strike_G+1","Strike_G","Strike_G","Survivor","Neutralize+1","Endless Agony","PiercingWail","Well Laid Plans","Caltrops","Calculated Gamble","Good Instincts"],"relics":["Ring of the Snake","Boot","Pocketwatch","Pantograph"],"potions_floor_usage":[],"damage_taken":[{"damage":2,"enemies":"Small Slimes","floor":1,"turns":6},{"damage":1,"enemies":"Jaw Worm","floor":3,"turns":3},{"damage":0,"enemies":"Cultist","floor":4,"turns":5},{"damage":57,"enemies":"Lagavulin","floor":6,"turns":12},{"damage":0,"enemies":"Looter","floor":10,"turns":4},{"damage":5,"enemies":"Gremlin Nob","floor":13,"turns":3}],"seed_played":"-4586704094603505198","potions_obtained":[{"floor":4,"key":"Weak Potion"},{"floor":10,"key":"SneckoOil"}],"is_trial":false,"path_per_floor":["M","?","M","M","T","E","R","?","T","M","$","?","E"],"character_chosen":"THE_SILENT","items_purchased":["Good Instincts"],"campfire_rested":1,"item_purchase_floors":[11],"current_hp_per_floor":[68,68,67,67,67,10,33,18,18,18,18,18,13],"gold":220,"neow_bonus":"TEN_PERCENT_HP_BONUS","is_prod":false,"is_daily":false,"chose_seed":false,"campfire_upgraded":0,"win_rate":0,"timestamp":1561757376,"path_taken":["M","?","M","M","?","E","R","?","T","?","$","?","E"],"build_version":"2019-01-23","purchased_purges":0,"victory":false,"max_hp_per_floor":[77,77,77,77,77,77,77,77,77,77,77,77,77],"card_choices":[{"not_picked":["Sucker Punch","Acrobatics"],"picked":"Endless Agony","floor":1},{"not_picked":["Catalyst","Blade Dance"],"picked":"PiercingWail","floor":3},{"not_picked":["All Out Attack","Deflect"],"picked":"Well Laid Plans","floor":4},{"not_picked":["Venomology","Outmaneuver"],"picked":"Caltrops","floor":6},{"not_picked":["Escape Plan","Flechettes"],"picked":"Calculated Gamble","floor":10}],"player_experience":297405,"relics_obtained":[{"floor":5,"key":"Boot"},{"floor":6,"key":"Pocketwatch"},{"floor":9,"key":"Pantograph"}],"event_choices":[{"damage_healed":0,"gold_gain":0,"player_choice":"Ignored","damage_taken":0,"max_hp_gain":0,"max_hp_loss":0,"event_name":"Liars Game","floor":2,"gold_loss":0},{"damage_healed":0,"gold_gain":0,"player_choice":"Entered Light","damage_taken":15,"max_hp_gain":0,"max_hp_loss":0,"event_name":"Shining Light","floor":8,"gold_loss":0,"cards_upgraded":["Neutralize","Strike_G"]},{"damage_healed":0,"gold_gain":0,"player_choice":"Bought 0 Potions","damage_taken":0,"max_hp_gain":0,"max_hp_loss":0,"event_name":"The Woman in Blue","floor":12,"gold_loss":0}],"is_beta":false,"boss_relics":[],"items_purged_floors":[],"is_endless":false,"potions_floor_spawned":[4,10],"killed_by":"Gremlin Nob","ascension_level":12}