{"gold_per_floor":[216,229,248,268,282,282,307,326,326,360,61,89,89,104,104,104],"floor_reached":16,"playtime":469,"items_purged":["Strike_B"],"score":298,"play_id":"9d6b89c8-eab0-439f-81d5-490804d24559","local_time":"20190603224823","is_ascension_mode":true,"campfire_choices":[{"data":"Sweeping Beam","floor":6.0,"key":"SMITH"},{"floor":13.0,"key":"REST"},{"data":"Darkness","floor":15.0,"key":"SMITH"}],"neow_cost":"NONE","seed_source_timestamp":3532605769232,"circlet_count":0,"master_deck":["AscendersBane","Strike_B","Strike_B","Strike_B+1","Defend_B","Defend_B","Defend_B","Defend_B","Zap","Dualcast","Ball Lightning","Reinforced Body","Compile Driver+1","Sweeping Beam+1","Glacier","Static Discharge","Cold Snap","Darkness+1"],"special_seed":0,"relics":["Cracked Core","Whetstone","Blue Candle","Symbiotic Virus","PreservedInsect","Kunai"],"potions_floor_usage":[16,16],"damage_taken":[{"damage":7.0,"enemies":"Small Slimes","floor":1.0,"turns":4.0},{"damage":7.0,"enemies":"Jaw Worm","floor":2.0,"turns":4.0},{"damage":2.0,"enemies":"2 Louse","floor":3.0,"turns":3.0},{"damage":1.0,"enemies":"Looter","floor":4.0,"turns":4.0},{"damage":12.0,"enemies":"3 Louse","floor":5.0,"turns":3.0},{"damage":16.0,"enemies":"Lagavulin","floor":7.0,"turns":7.0},{"damage":0.0,"enemies":"Blue Slaver","floor":8.0,"turns":4.0},{"damage":7.0,"enemies":"3 Sentries","floor":10.0,"turns":6.0},{"damage":0.0,"enemies":"Gremlin Nob","floor":12.0,"turns":2.0},{"damage":6.0,"enemies":"Looter","floor":14.0,"turns":3.0},{"damage":28,"enemies":"Slime Boss","floor":16,"turns":3}],"seed_played":"1019880837883850304","potions_obtained":[{"floor":3.0,"key":"GamblersBrew"},{"floor":4.0,"key":"Swift Potion"},{"floor":7.0,"key":"SpeedPotion"},{"floor":12.0,"key":"EntropicBrew"},{"floor":14.0,"key":"SteroidPotion"}],"is_trial":false,"path_per_floor":["M","M","M","M","M","R","E","M","T","E","$","E","R","M","R","B"],"character_chosen":"DEFECT","items_purchased":["PreservedInsect","FearPotion"],"campfire_rested":1,"item_purchase_floors":[11,11],"current_hp_per_floor":[57,50,48,47,35,35,19,19,19,12,12,12,33,27,27,0],"gold":104,"neow_bonus":"HUNDRED_GOLD","is_prod":false,"is_daily":false,"chose_seed":false,"campfire_upgraded":2,"win_rate":0,"timestamp":1559594903,"path_taken":["M","M","M","M","M","R","E","M","T","E","$","E","R","M","R","BOSS"],"build_version":"2019-06-02","purchased_purges":1,"victory":false,"max_hp_per_floor":[71,71,71,71,71,71,71,71,71,71,71,71,71,71,71,71],"card_choices":[{"not_picked":["Doom and Gloom","Stack"],"picked":"Ball Lightning","floor":1.0},{"not_picked":["Fusion","Consume","Turbo"],"picked":"SKIP","floor":2.0},{"not_picked":["Gash","Go for the Eyes"],"picked":"Reinforced Body","floor":3.0},{"not_picked":["Barrage","Recycle"],"picked":"Compile Driver","floor":4.0},{"not_picked":["Steam","Loop"],"picked":"Sweeping Beam","floor":5.0},{"not_picked":["Stack","Undo"],"picked":"Glacier","floor":7.0},{"not_picked":["Storm","Recycle"],"picked":"Static Discharge","floor":8.0},{"not_picked":["Sweeping Beam","Reprogram"],"picked":"Cold Snap","floor":10.0},{"not_picked":["Blizzard","Barrage","Hello World"],"picked":"SKIP","floor":12.0},{"not_picked":["Chaos","Barrage"],"picked":"Darkness","floor":14.0}],"player_experience":1664921,"relics_obtained":[{"floor":7.0,"key":"Whetstone"},{"floor":9.0,"key":"Blue Candle"},{"floor":10.0,"key":"Symbiotic Virus"},{"floor":12.0,"key":"Kunai"}],"event_choices":[],"is_beta":true,"boss_relics":[],"items_purged_floors":[11],"is_endless":false,"potions_floor_spawned":[3,4,7,12,14],"killed_by":"Slime Boss","ascension_level":20}