{"gold_per_floor":[15,15,15,26,44,44,44,60,60,78,107,107,134,160,160,255,255,275,275,46,96,157,217,367,367,393,423,434,448,167,184,184,285,285,300,320,332,194,214,214,214],"floor_reached":41,"playtime":1721,"items_purged":["Strike_G","Strike_G"],"score":666,"play_id":"263ee075-c434-49da-993e-f255cb049446","local_time":"20190317182503","is_ascension_mode":true,"campfire_choices":[{"data":"Bouncing Flask","floor":7.0,"key":"SMITH"},{"data":"Neutralize","floor":12.0,"key":"SMITH"},{"data":"Footwork","floor":15.0,"key":"SMITH"},{"floor":25.0,"key":"REST"},{"data":"Noxious Fumes","floor":32,"key":"SMITH"},{"data":"Noxious Fumes","floor":40,"key":"SMITH"}],"neow_cost":"NO_GOLD","seed_source_timestamp":285277206374695,"circlet_count":0,"master_deck":["Defend_G","Defend_G","Defend_G","Defend_G","Strike_G","Survivor","Neutralize+1","Poisoned Stab","Dagger Spray","Bouncing Flask+1","PiercingWail","Leg Sweep","Die Die Die","Footwork+1","Corpse Explosion","Noxious Fumes+1","Flechettes+1","Leg Sweep","Catalyst","Dodge and Roll+1","Bouncing Flask","Noxious Fumes+1"],"special_seed":0,"relics":["Ring of the Snake","WarpedTongs","StoneCalendar","WingedGreaves","Gremlin Horn","Odd Mushroom","Sozu","SsserpentHead","Meat on the Bone","Tiny Chest","The Courier","Letter Opener","Cursed Key"],"potions_floor_usage":[],"damage_taken":[{"damage":0.0,"enemies":"Small Slimes","floor":1.0,"turns":4.0},{"damage":1.0,"enemies":"2 Louse","floor":4.0,"turns":2.0},{"damage":4.0,"enemies":"Cultist","floor":5.0,"turns":3.0},{"damage":3.0,"enemies":"Looter","floor":8.0,"turns":3.0},{"damage":7.0,"enemies":"3 Louse","floor":10.0,"turns":3.0},{"damage":10.0,"enemies":"Lagavulin","floor":11.0,"turns":7.0},{"damage":19.0,"enemies":"Gremlin Nob","floor":13.0,"turns":4.0},{"damage":0.0,"enemies":"The Mushroom Lair","floor":14.0,"turns":1.0},{"damage":24.0,"enemies":"Slime Boss","floor":16.0,"turns":7.0},{"damage":5.0,"enemies":"2 Thieves","floor":18.0,"turns":4.0},{"damage":12.0,"enemies":"3 Byrds","floor":22.0,"turns":2.0},{"damage":37.0,"enemies":"Slavers","floor":23.0,"turns":4.0},{"damage":0,"enemies":"Gremlin Leader","floor":27,"turns":6},{"damage":10,"enemies":"Snake Plant","floor":28,"turns":3},{"damage":1,"enemies":"Cultist and Chosen","floor":29,"turns":4},{"damage":9,"enemies":"Centurion and Healer","floor":31,"turns":5},{"damage":18,"enemies":"Champ","floor":33,"turns":8},{"damage":0,"enemies":"3 Shapes","floor":35,"turns":3},{"damage":1,"enemies":"Orb Walker","floor":36,"turns":3},{"damage":23,"enemies":"Sphere and 2 Shapes","floor":37,"turns":4},{"damage":17,"enemies":"Spire Growth","floor":39,"turns":5},{"damage":42,"enemies":"Nemesis","floor":41,"turns":4}],"seed_played":"3598264365652090643","potions_obtained":[{"floor":1.0,"key":"Weak Potion"},{"floor":4.0,"key":"Regen Potion"},{"floor":11.0,"key":"Fruit Juice"},{"floor":13.0,"key":"FearPotion"},{"floor":16.0,"key":"SpeedPotion"}],"is_trial":false,"path_per_floor":["M","?","?","M","M","?","R","M","T","M","E","R","E","?","R","B",null,"M","?","$","?","M","E","?","R","T","E","M","M","$","M","R","B",null,"M","M","M","$","M","R","E"],"character_chosen":"THE_SILENT","items_purchased":["Noxious Fumes","Meat on the Bone","Letter Opener","Catalyst","Noxious Fumes"],"campfire_rested":1,"item_purchase_floors":[20,20,30,30,38],"current_hp_per_floor":[63,63,63,62,58,58,58,55,55,48,53,53,34,34,34,15,60,55,55,55,55,43,18,18,40,40,40,42,41,41,44,44,38,66,66,65,42,42,37,37,0],"gold":214,"neow_bonus":"REMOVE_TWO","is_prod":false,"is_daily":false,"chose_seed":false,"campfire_upgraded":5,"win_rate":0,"timestamp":1552843503,"path_taken":["M","?","?","?","M","?","R","M","T","M","E","R","E","?","R","BOSS","M","?","?","?","?","E","?","R","T","E","M","M","$","M","R","BOSS","M","M","M","$","M","R","E"],"build_version":"2019-01-23","purchased_purges":2,"victory":false,"max_hp_per_floor":[70,70,70,70,70,70,70,70,70,70,70,70,70,70,70,75,75,75,75,75,75,75,75,75,75,75,75,75,75,75,75,75,75,75,75,75,75,75,75,75,75],"card_choices":[{"not_picked":["Calculated Gamble","Deflect"],"picked":"Poisoned Stab","floor":1.0},{"not_picked":["Dodge and Roll","Setup"],"picked":"Dagger Spray","floor":4.0},{"not_picked":["Flying Knee","Deflect"],"picked":"Bouncing Flask","floor":5.0},{"not_picked":["Terror","Choke","Accuracy"],"picked":"SKIP","floor":8.0},{"not_picked":["Deflect","Masterful Stab"],"picked":"PiercingWail","floor":10.0},{"not_picked":["Acrobatics","Cloak And Dagger"],"picked":"Leg Sweep","floor":11.0},{"not_picked":["Malaise","Blade Dance"],"picked":"Die Die Die","floor":13.0},{"not_picked":["Flying Knee","Predator"],"picked":"Footwork","floor":14.0},{"not_picked":["Tools of the Trade","Phantasmal Killer"],"picked":"Corpse Explosion","floor":16.0},{"not_picked":["Prepared","Acrobatics","Slice"],"picked":"SKIP","floor":18.0},{"not_picked":["Endless Agony","Dodge and Roll+1"],"picked":"Flechettes+1","floor":22.0},{"not_picked":["Sucker Punch","Dagger Spray"],"picked":"Leg Sweep","floor":23.0},{"not_picked":["Eviscerate","Outmaneuver","Quick Slash"],"picked":"SKIP","floor":27},{"not_picked":["Slice","Reflex","Quick Slash"],"picked":"SKIP","floor":28},{"not_picked":["Poisoned Stab","Acrobatics+1","All Out Attack+1"],"picked":"SKIP","floor":29},{"not_picked":["All Out Attack","Eviscerate+1","Deadly Poison"],"picked":"SKIP","floor":31},{"not_picked":["Outmaneuver+1","Cloak And Dagger+1"],"picked":"Dodge and Roll+1","floor":35},{"not_picked":["Backstab","Setup+1"],"picked":"Bouncing Flask","floor":36},{"not_picked":["Underhanded Strike","Blur","Concentrate+1"],"picked":"SKIP","floor":37},{"not_picked":["Choke+1","Deflect","Backstab"],"picked":"SKIP","floor":39}],"player_experience":102797,"relics_obtained":[{"floor":9.0,"key":"StoneCalendar"},{"floor":11.0,"key":"WingedGreaves"},{"floor":13.0,"key":"Gremlin Horn"},{"floor":14.0,"key":"Odd Mushroom"},{"floor":23.0,"key":"Tiny Chest"},{"floor":27,"key":"The Courier"}],"event_choices":[{"damage_healed":0.0,"max_hp_gain":0.0,"max_hp_loss":0.0,"gold_gain":0.0,"event_name":"Liars Game","player_choice":"Ignored","floor":2.0,"gold_loss":0.0,"damage_taken":0.0},{"damage_healed":0.0,"max_hp_gain":0.0,"max_hp_loss":0.0,"gold_gain":0.0,"event_name":"Accursed Blacksmith","player_choice":"Rummage","floor":3.0,"gold_loss":0.0,"damage_taken":0.0,"relics_obtained":["WarpedTongs"],"cards_obtained":["Pain"]},{"cards_removed":["Pain"],"damage_healed":0.0,"max_hp_gain":0.0,"max_hp_loss":0.0,"gold_gain":0.0,"event_name":"Living Wall","player_choice":"Forget","floor":6.0,"gold_loss":0.0,"damage_taken":0.0},{"damage_healed":0.0,"max_hp_gain":0.0,"max_hp_loss":0.0,"gold_gain":0.0,"event_name":"Mushrooms","player_choice":"Fought Mushrooms","floor":14.0,"gold_loss":0.0,"damage_taken":0.0},{"damage_healed":0.0,"max_hp_gain":0.0,"max_hp_loss":0.0,"gold_gain":0.0,"event_name":"FaceTrader","player_choice":"Trade","floor":19.0,"gold_loss":0.0,"damage_taken":0.0,"relics_obtained":["SsserpentHead"]},{"cards_removed":["Strike_G"],"damage_healed":0.0,"max_hp_gain":0.0,"max_hp_loss":0.0,"gold_gain":0.0,"event_name":"Back to Basics","player_choice":"Elegance","floor":21.0,"gold_loss":0.0,"damage_taken":0.0},{"damage_healed":0.0,"max_hp_gain":0.0,"max_hp_loss":0.0,"gold_gain":100.0,"event_name":"Golden Shrine","player_choice":"Pray","floor":24.0,"gold_loss":0.0,"damage_taken":0.0}],"is_beta":false,"boss_relics":[{"not_picked":["Ring of the Serpent","White Beast Statue"],"picked":"Sozu"},{"not_picked":["Runic Dome","Busted Crown"],"picked":"Cursed Key"}],"items_purged_floors":[30,38],"is_endless":false,"potions_floor_spawned":[1,4,11,13,16,18,29,31,33,36,37,39],"killed_by":"Nemesis","ascension_level":6}