{"gold_per_floor":[118,137,13,13,30,30,57,71,71,71,100,126,126,144,144,223,223,236,255,62,62,82,82,94,129,205,205,205,221,239,239,239,316,316,332,332,52,116,134,134,150,150,150,184,30,30],"floor_reached":46,"playtime":2201,"items_purged":["Strike_B"],"score":816,"play_id":"28099448-68eb-4366-86f6-cf116e46397f","local_time":"20190526185305","is_ascension_mode":true,"campfire_choices":[{"data":"Gash","floor":6,"key":"SMITH"},{"data":"Ball Lightning","floor":13,"key":"SMITH"},{"data":"Strike_B","floor":15,"key":"SMITH"},{"data":"Mayhem","floor":23,"key":"SMITH"},{"data":"Buffer","floor":27,"key":"SMITH"},{"floor":32,"key":"REST"},{"data":"Loop","floor":40,"key":"SMITH"},{"data":"Defend_B","floor":42,"key":"SMITH"}],"neow_cost":"NONE","seed_source_timestamp":779506656616927,"circlet_count":0,"master_deck":["AscendersBane","Strike_B","Strike_B+1","Defend_B+1","Defend_B","Defend_B","Defend_B","Zap+1","Dualcast","Ball Lightning+1","Self Repair","Gash+1","Echo Form","Buffer+1","Cold Snap","Mayhem+1","Gash","Conserve Battery","Writhe","Electrodynamics","Loop+1","Gash"],"relics":["FrozenCore","FossilizedHelix","Incense Burner","Odd Mushroom","Gremlin Horn","Symbiotic Virus","Tiny Chest","Ginger","Blue Candle","Cursed Key","SsserpentHead","OrangePellets","Lantern","Vajra"],"potions_floor_usage":[11,11,19,25,46],"damage_taken":[{"damage":6,"enemies":"2 Louse","floor":1,"turns":2},{"damage":7,"enemies":"Jaw Worm","floor":2,"turns":3},{"damage":0,"enemies":"Small Slimes","floor":5,"turns":3},{"damage":21,"enemies":"Gremlin Nob","floor":7,"turns":4},{"damage":0,"enemies":"Blue Slaver","floor":8,"turns":2},{"damage":5,"enemies":"The Mushroom Lair","floor":11,"turns":4},{"damage":10,"enemies":"3 Sentries","floor":12,"turns":6},{"damage":10,"enemies":"Lots of Slimes","floor":14,"turns":3},{"damage":1,"enemies":"Slime Boss","floor":16,"turns":8},{"damage":0,"enemies":"Chosen","floor":18,"turns":6},{"damage":3,"enemies":"Shell Parasite","floor":19,"turns":6},{"damage":0,"enemies":"Snecko","floor":22,"turns":6},{"damage":18,"enemies":"Chosen and Byrds","floor":24,"turns":9},{"damage":43,"enemies":"Book of Stabbing","floor":25,"turns":6},{"damage":6,"enemies":"Cultist and Chosen","floor":29,"turns":6},{"damage":22,"enemies":"Shelled Parasite and Fungi","floor":30,"turns":7},{"damage":41,"enemies":"Automaton","floor":33,"turns":12},{"damage":30,"enemies":"3 Darklings","floor":35,"turns":6},{"damage":5,"enemies":"Orb Walker","floor":38,"turns":4},{"damage":20,"enemies":"Writhing Mass","floor":39,"turns":9},{"damage":0,"enemies":"Maw","floor":41,"turns":8},{"damage":25,"enemies":"Giant Head","floor":44,"turns":9},{"damage":33,"enemies":"3 Darklings","floor":46,"turns":4}],"seed_played":"-2024042633775044357","potions_obtained":[{"floor":5,"key":"Ancient Potion"},{"floor":8,"key":"SpeedPotion"},{"floor":12,"key":"PowerPotion"},{"floor":14,"key":"SkillPotion"},{"floor":21,"key":"FairyPotion"},{"floor":25,"key":"GamblersBrew"},{"floor":33,"key":"EssenceOfSteel"}],"is_trial":false,"path_per_floor":["M","M","$","?","M","R","E","M","T","?","?","E","R","M","R","B",null,"M","M","$","?","M","R","M","E","T","R","?","M","M","?","R","B",null,"M","?","$","M","M","R","M","R","T","E","$","M"],"character_chosen":"DEFECT","items_purchased":["Gash","Mayhem","Loop","OrangePellets","Vajra"],"campfire_rested":1,"item_purchase_floors":[3,20,37,37,45],"current_hp_per_floor":[58,51,51,56,63,63,49,49,49,42,44,48,48,45,45,51,70,76,73,73,73,76,76,72,36,36,36,36,44,29,29,51,17,61,45,45,45,47,34,34,41,41,41,23,23,0],"gold":30,"neow_bonus":"UPGRADE_CARD","is_prod":false,"is_daily":false,"chose_seed":false,"campfire_upgraded":7,"win_rate":0,"timestamp":1558889585,"path_taken":["M","M","$","?","M","R","E","M","T","?","?","E","R","M","R","BOSS","M","M","$","?","?","R","M","E","T","R","?","?","M","?","R","BOSS","M","?","$","?","M","R","M","R","T","E","$","M"],"build_version":"2019-01-23","purchased_purges":1,"victory":false,"max_hp_per_floor":[71,71,71,76,76,76,76,76,76,76,76,76,76,76,76,76,76,76,76,76,76,76,76,76,76,76,76,76,76,76,76,76,76,76,76,76,76,76,76,76,76,76,76,76,76,76],"card_choices":[{"not_picked":["Cold Snap","Hologram"],"picked":"Ball Lightning","floor":1},{"not_picked":["Turbo","Compile Driver"],"picked":"Self Repair","floor":2},{"not_picked":["Self Repair","Chaos","Blizzard"],"picked":"SKIP","floor":5},{"not_picked":["Sweeping Beam","Conserve Battery"],"picked":"Echo Form","floor":7},{"not_picked":["Force Field","Steam","Turbo"],"picked":"SKIP","floor":8},{"not_picked":["Force Field","Consume","Hello World"],"picked":"SKIP","floor":12},{"not_picked":["Aggregate","Redo","Steam"],"picked":"SKIP","floor":14},{"not_picked":["Fission","Multi-Cast"],"picked":"Buffer","floor":16},{"not_picked":["Beam Cell","Compile Driver"],"picked":"Cold Snap","floor":18},{"not_picked":["Cold Snap","Barrage","Darkness"],"picked":"SKIP","floor":19},{"not_picked":["Turbo","Lockon","Steam"],"picked":"SKIP","floor":22},{"not_picked":["Cold Snap+1","Rebound"],"picked":"Gash","floor":24},{"not_picked":["Static Discharge","Chill"],"picked":"Conserve Battery","floor":25},{"not_picked":["Stack","Beam Cell","Tempest"],"picked":"SKIP","floor":29},{"not_picked":["Blizzard","Skim","Static Discharge"],"picked":"SKIP","floor":30},{"not_picked":["Meteor Strike","Buffer"],"picked":"Electrodynamics","floor":33},{"not_picked":["Compile Driver+1","Barrage","Go for the Eyes"],"picked":"SKIP","floor":35},{"not_picked":["Static Discharge","Ball Lightning","Go for the Eyes"],"picked":"SKIP","floor":38},{"not_picked":["Ball Lightning","Go for the Eyes+1","Storm"],"picked":"SKIP","floor":39},{"not_picked":["Loop","Hyperbeam","Coolheaded"],"picked":"SKIP","floor":41},{"not_picked":["Barrage","BootSequence"],"picked":"Gash","floor":44}],"player_experience":423224,"relics_obtained":[{"floor":7,"key":"FossilizedHelix"},{"floor":9,"key":"Incense Burner"},{"floor":11,"key":"Odd Mushroom"},{"floor":12,"key":"Gremlin Horn"},{"floor":25,"key":"Symbiotic Virus"},{"floor":26,"key":"Tiny Chest"},{"floor":44,"key":"Lantern"}],"event_choices":[{"damage_healed":0,"gold_gain":0,"player_choice":"Donut","damage_taken":0,"max_hp_gain":5,"max_hp_loss":0,"event_name":"Big Fish","floor":4,"gold_loss":0},{"cards_removed":["Strike_B"],"damage_healed":0,"gold_gain":0,"player_choice":"Card Removal","damage_taken":7,"max_hp_gain":0,"max_hp_loss":0,"event_name":"Golden Wing","floor":10,"gold_loss":0},{"damage_healed":0,"gold_gain":0,"player_choice":"Fought Mushrooms","damage_taken":0,"max_hp_gain":0,"max_hp_loss":0,"event_name":"Mushrooms","floor":11,"gold_loss":0},{"damage_healed":0,"gold_gain":0,"player_choice":"Got Potions","damage_taken":0,"max_hp_gain":0,"max_hp_loss":0,"event_name":"Lab","floor":21,"gold_loss":0},{"damage_healed":0,"gold_gain":0,"player_choice":"Gave Potion","damage_taken":0,"relics_obtained":["Ginger"],"max_hp_gain":0,"max_hp_loss":0,"event_name":"WeMeetAgain","floor":28,"gold_loss":0},{"damage_healed":0,"gold_gain":0,"player_choice":"Opened","damage_taken":0,"relics_obtained":["Blue Candle"],"max_hp_gain":0,"max_hp_loss":0,"event_name":"The Mausoleum","floor":31,"gold_loss":0,"cards_obtained":["Writhe"]},{"damage_healed":0,"gold_gain":0,"player_choice":"Trade","damage_taken":0,"relics_obtained":["SsserpentHead"],"max_hp_gain":0,"max_hp_loss":0,"event_name":"FaceTrader","floor":36,"gold_loss":0}],"is_beta":false,"boss_relics":[{"not_picked":["Runic Pyramid","Pandora\u0027s Box"],"picked":"FrozenCore"},{"not_picked":["White Beast Statue","Eternal Feather"],"picked":"Cursed Key"}],"items_purged_floors":[3],"is_endless":false,"potions_floor_spawned":[5,8,12,14,18,25,33,35,38],"killed_by":"3 Darklings","ascension_level":14}