{"gold_per_floor":[209,223,223,16,35,35,65,65,111,140,169,184,459,68,68,142,142,157,32,32,50,64,90,40,40,40,55,55,68,101,26,26,100,100,120,120,120,220,139,171,171,204,230,257,95,95,120,133,133,133,133],"floor_reached":51,"playtime":2123,"items_purged":["Strike_R","Strike_R","Regret"],"score":1589,"play_id":"8cad93c5-5c30-49a0-a57b-ebb180584af2","local_time":"20190626152014","is_ascension_mode":true,"campfire_choices":[{"data":"Limit Break","floor":6.0,"key":"SMITH"},{"data":"Bash","floor":8.0,"key":"SMITH"},{"data":"Sword Boomerang","floor":15.0,"key":"SMITH"},{"floor":25.0,"key":"REST"},{"floor":32.0,"key":"REST"},{"data":"Inflame","floor":41.0,"key":"SMITH"},{"floor":46.0,"key":"REST"},{"floor":49.0,"key":"RECALL"}],"neow_cost":"NONE","seed_source_timestamp":83116151026796,"circlet_count":0,"master_deck":["AscendersBane","Strike_R","Strike_R","Defend_R","Defend_R","Defend_R","Defend_R","Bash+1","Inflame+1","True Grit","Cleave","Feel No Pain","Limit Break+1","Pommel Strike","Sword Boomerang+1","Battle Trance","Pummel","Fiend Fire","Shrug It Off","Sentinel+1","Shame","Shrug It Off","Reaper","Writhe","Master of Strategy","Violence","Burning Pact","Feel No Pain","Injury","True Grit+1"],"special_seed":0,"relics":["Burning Blood","Red Skull","Happy Flower","Dream Catcher","Odd Mushroom","Anchor","Cursed Key","Du-Vu Doll","Self Forming Clay","WingedGreaves","Philosopher\u0027s Stone","StoneCalendar","Bag of Preparation","Magic Flower","Nunchaku","Pen Nib","Kunai"],"potions_floor_usage":[51],"damage_taken":[{"damage":7.0,"enemies":"Jaw Worm","floor":1.0,"turns":3.0},{"damage":2.0,"enemies":"2 Louse","floor":2.0,"turns":4.0},{"damage":1.0,"enemies":"Cultist","floor":5.0,"turns":4.0},{"damage":20.0,"enemies":"3 Sentries","floor":7.0,"turns":13.0},{"damage":15.0,"enemies":"Lagavulin","floor":10.0,"turns":7.0},{"damage":14.0,"enemies":"The Mushroom Lair","floor":11.0,"turns":4.0},{"damage":14.0,"enemies":"Red Slaver","floor":12.0,"turns":2.0},{"damage":25.0,"enemies":"Hexaghost","floor":16.0,"turns":6.0},{"damage":16.0,"enemies":"Shell Parasite","floor":18.0,"turns":3.0},{"damage":14.0,"enemies":"3 Byrds","floor":21.0,"turns":5.0},{"damage":25.0,"enemies":"Sentry and Sphere","floor":22.0,"turns":4.0},{"damage":21.0,"enemies":"Book of Stabbing","floor":23.0,"turns":3.0},{"damage":0.0,"enemies":"3 Cultists","floor":27.0,"turns":3.0},{"damage":1.0,"enemies":"Snake Plant","floor":29.0,"turns":2.0},{"damage":18.0,"enemies":"Gremlin Leader","floor":30.0,"turns":6.0},{"damage":24.0,"enemies":"Collector","floor":33.0,"turns":6.0},{"damage":17.0,"enemies":"Orb Walker","floor":35.0,"turns":3.0},{"damage":0.0,"enemies":"Mind Bloom Boss Battle","floor":38.0,"turns":3.0},{"damage":39.0,"enemies":"Reptomancer","floor":40.0,"turns":5.0},{"damage":27.0,"enemies":"Nemesis","floor":42.0,"turns":5.0},{"damage":33.0,"enemies":"Giant Head","floor":44.0,"turns":5.0},{"damage":59.0,"enemies":"Nemesis","floor":47.0,"turns":7.0},{"damage":18.0,"enemies":"3 Darklings","floor":48.0,"turns":3.0},{"damage":74.0,"enemies":"Donu and Deca","floor":50.0,"turns":8.0},{"damage":75,"enemies":"Awakened One","floor":51,"turns":6}],"seed_played":"1306532485184662026","potions_obtained":[{"floor":1.0,"key":"PowerPotion"},{"floor":10.0,"key":"LiquidBronze"},{"floor":11.0,"key":"FairyPotion"},{"floor":16.0,"key":"SkillPotion"},{"floor":18.0,"key":"LiquidBronze"},{"floor":27.0,"key":"FearPotion"},{"floor":33.0,"key":"Energy Potion"},{"floor":42.0,"key":"SteroidPotion"},{"floor":44.0,"key":"FairyPotion"}],"is_trial":false,"path_per_floor":["M","M","?","$","M","R","E","R","T","E","?","M","?","$","R","B",null,"M","$","$","M","M","E","?","R","T","M","$","M","E","?","R","B",null,"M","?","?","?","$","E","R","E","T","E","$","R","E","M","R","B","B"],"character_chosen":"IRONCLAD","items_purchased":["Cleave","Feel No Pain","Battle Trance","Anchor","Pummel","Feel No Pain","Pen Nib"],"campfire_rested":3,"item_purchase_floors":[4,4,14,14,14,39,45],"current_hp_per_floor":[67,71,76,76,80,80,66,66,66,57,49,41,41,41,41,22,66,56,56,56,48,29,14,14,38,38,44,44,49,37,37,61,43,71,60,76,71,77,77,74,74,53,53,29,29,53,44,71,71,65,0],"gold":133,"neow_bonus":"HUNDRED_GOLD","is_prod":false,"is_daily":false,"chose_seed":false,"campfire_upgraded":4,"win_rate":0,"timestamp":1561555214,"path_taken":["M","M","?","$","M","R","E","R","T","E","?","M","?","$","R","BOSS","M","?","$","M","?","E","?","R","T","?","$","M","E","?","R","BOSS","M","?","?","?","?","E","R","E","T","E","$","R","E","M","R","BOSS","BOSS"],"build_version":"2019-01-23","purchased_purges":3,"victory":false,"max_hp_per_floor":[75,75,80,80,80,80,80,80,80,80,80,80,80,80,80,80,80,80,80,80,80,80,80,80,80,80,80,80,80,80,80,80,80,80,80,80,80,80,80,80,80,80,80,80,80,80,80,80,80,80,80],"card_choices":[{"not_picked":["Battle Trance","Headbutt"],"picked":"Inflame","floor":1.0},{"not_picked":["Body Slam","Thunderclap"],"picked":"True Grit","floor":2.0},{"not_picked":["Spot Weakness","Clash"],"picked":"Limit Break","floor":5.0},{"not_picked":["Clothesline","Havoc"],"picked":"Pommel Strike","floor":7.0},{"not_picked":["Rage","Warcry","Searing Blow"],"picked":"SKIP","floor":10.0},{"not_picked":["Twin Strike","Bludgeon"],"picked":"Sword Boomerang","floor":11.0},{"not_picked":["Warcry","Twin Strike","Cleave"],"picked":"SKIP","floor":12.0},{"not_picked":["Juggernaut","Exhume"],"picked":"Fiend Fire","floor":16.0},{"not_picked":["Inflame","Iron Wave","Anger"],"picked":"SKIP","floor":18.0},{"not_picked":["Fire Breathing","Perfected Strike","Entrench"],"picked":"SKIP","floor":21.0},{"not_picked":["Sword Boomerang","Anger"],"picked":"Shrug It Off","floor":22.0},{"not_picked":["Wild Strike","Headbutt","Infernal Blade"],"picked":"SKIP","floor":23.0},{"not_picked":["Anger","Warcry"],"picked":"Sentinel+1","floor":25.0},{"not_picked":["Warcry","Perfected Strike","Flex"],"picked":"SKIP","floor":27.0},{"not_picked":["Warcry","Perfected Strike","Flex"],"picked":"SKIP","floor":27.0},{"not_picked":["Iron Wave","Combust","Blood for Blood"],"picked":"SKIP","floor":29.0},{"not_picked":["Shockwave","Armaments"],"picked":"Shrug It Off","floor":30.0},{"not_picked":["Exhume","Double Tap"],"picked":"Reaper","floor":33.0},{"not_picked":["Cleave+1","Power Through","Carnage+1"],"picked":"SKIP","floor":35.0},{"not_picked":["Chrysalis","Thinking Ahead"],"picked":"Master of Strategy","floor":37.0},{"not_picked":["Madness","Discovery"],"picked":"Violence","floor":37.0},{"not_picked":["Uppercut","Body Slam+1"],"picked":"Burning Pact","floor":38.0},{"not_picked":["Twin Strike","Evolve","Clothesline"],"picked":"SKIP","floor":40.0},{"not_picked":["Corruption","Demon Form","Thunderclap"],"picked":"SKIP","floor":42.0},{"not_picked":["Infernal Blade","Havoc","Metallicize"],"picked":"SKIP","floor":44.0},{"not_picked":["Inflame+1","Dropkick","Fiend Fire"],"picked":"SKIP","floor":47.0},{"not_picked":["Anger","Pummel"],"picked":"True Grit+1","floor":48.0}],"player_experience":663054,"relics_obtained":[{"floor":7.0,"key":"Red Skull"},{"floor":9.0,"key":"Happy Flower"},{"floor":10.0,"key":"Dream Catcher"},{"floor":11.0,"key":"Odd Mushroom"},{"floor":23.0,"key":"Du-Vu Doll"},{"floor":26.0,"key":"Self Forming Clay"},{"floor":30.0,"key":"WingedGreaves"},{"floor":38.0,"key":"StoneCalendar"},{"floor":40.0,"key":"Bag of Preparation"},{"floor":42.0,"key":"Magic Flower"},{"floor":44.0,"key":"Nunchaku"},{"floor":47.0,"key":"Kunai"}],"event_choices":[{"damage_healed":0.0,"max_hp_gain":5.0,"max_hp_loss":0.0,"gold_gain":0.0,"event_name":"Big Fish","player_choice":"Donut","floor":3.0,"gold_loss":0.0,"damage_taken":0.0},{"damage_healed":0.0,"max_hp_gain":0.0,"max_hp_loss":0.0,"gold_gain":0.0,"event_name":"Mushrooms","player_choice":"Fought Mushrooms","floor":11.0,"gold_loss":0.0,"damage_taken":0.0},{"damage_healed":0.0,"max_hp_gain":0.0,"max_hp_loss":0.0,"gold_gain":275.0,"event_name":"Golden Shrine","player_choice":"Desecrate","floor":13.0,"gold_loss":0.0,"damage_taken":0.0,"cards_obtained":["Regret"]},{"damage_healed":0.0,"max_hp_gain":0.0,"max_hp_loss":0.0,"gold_gain":0.0,"event_name":"The Joust","player_choice":"Bet on Owner","floor":24.0,"gold_loss":50.0,"damage_taken":0.0},{"cards_removed":["Strike_R"],"damage_healed":0.0,"max_hp_gain":0.0,"max_hp_loss":0.0,"gold_gain":0.0,"event_name":"Beggar","player_choice":"Gave Gold","floor":31.0,"gold_loss":75.0,"damage_taken":0.0},{"damage_healed":16.0,"max_hp_gain":0.0,"max_hp_loss":0.0,"gold_gain":0.0,"event_name":"Winding Halls","player_choice":"Writhe","floor":36.0,"gold_loss":0.0,"damage_taken":0.0,"cards_obtained":["Writhe"]},{"damage_healed":0.0,"max_hp_gain":0.0,"max_hp_loss":0.0,"gold_gain":0.0,"event_name":"SensoryStone","player_choice":"Memory 2","floor":37.0,"gold_loss":0.0,"damage_taken":5.0},{"damage_healed":0.0,"max_hp_gain":0.0,"max_hp_loss":0.0,"gold_gain":0.0,"event_name":"MindBloom","player_choice":"Fight","floor":38.0,"gold_loss":0.0,"damage_taken":0.0}],"is_beta":false,"boss_relics":[{"not_picked":["Snecko Eye","Runic Dome"],"picked":"Cursed Key"},{"not_picked":["Calling Bell","Runic Cube"],"picked":"Philosopher\u0027s Stone"}],"items_purged_floors":[4,14,19],"is_endless":false,"potions_floor_spawned":[1,10,11,16,18,22,27,33,42,44],"killed_by":"Awakened One","ascension_level":20}