{"gold_per_floor":[119,44,4,4,17,46,46,73,73,149,149,162,193,213,213,289,289,300,312,262,281,292,321,339,339,384,3,3,3,29,44,44,116,116,129,129,54,73,93,127,138,165,190,190,208,208,238,257,257,257,257,257,46,73,73],"floor_reached":55,"playtime":2110,"items_purged":["Strike_R"],"score":1604,"play_id":"c7ea97ae-179e-4f94-af88-386764e2ba2d","local_time":"20190523201223","is_ascension_mode":true,"campfire_choices":[{"data":"Whirlwind","floor":7.0,"key":"SMITH"},{"data":"1","floor":15.0,"key":"LIFT"},{"data":"2","floor":25.0,"key":"LIFT"},{"data":"3","floor":28.0,"key":"LIFT"},{"data":"Inflame","floor":32.0,"key":"SMITH"},{"floor":44.0,"key":"RECALL"},{"data":"Flame Barrier","floor":49.0,"key":"SMITH"},{"data":"Disarm","floor":52,"key":"SMITH"}],"neow_cost":"NONE","seed_source_timestamp":525095220982784,"circlet_count":0,"master_deck":["AscendersBane","Strike_R","Strike_R","Strike_R","Strike_R+1","Defend_R","Defend_R","Bash","Shrug It Off","Uppercut+1","Battle Trance","Whirlwind+1","Twin Strike+1","Flame Barrier+1","Shockwave","Flex+1","Flame Barrier+1","Inflame+1","Berserk+1","Disarm+1"],"special_seed":0,"relics":["Burning Blood","NeowsBlessing","FossilizedHelix","Girya","Incense Burner","Pantograph","Bag of Marbles","Coffee Dripper","Art of War","Blood Vial","TheAbacus","Happy Flower","MutagenicStrength","StoneCalendar","Busted Crown","Singing Bowl","Ancient Tea Set","Sundial","Medical Kit","Vajra"],"potions_floor_usage":[50,50,55],"damage_taken":[{"damage":0.0,"enemies":"Small Slimes","floor":1.0,"turns":1.0},{"damage":0.0,"enemies":"Jaw Worm","floor":5.0,"turns":1.0},{"damage":0.0,"enemies":"Gremlin Nob","floor":6.0,"turns":1.0},{"damage":7.0,"enemies":"3 Sentries","floor":8.0,"turns":5.0},{"damage":0.0,"enemies":"Cultist","floor":12.0,"turns":3.0},{"damage":32.0,"enemies":"Gremlin Nob","floor":13.0,"turns":6.0},{"damage":0.0,"enemies":"Exordium Wildlife","floor":14.0,"turns":4.0},{"damage":51.0,"enemies":"Hexaghost","floor":16.0,"turns":12.0},{"damage":7.0,"enemies":"Spheric Guardian","floor":18.0,"turns":4.0},{"damage":0.0,"enemies":"Chosen","floor":19.0,"turns":3.0},{"damage":0.0,"enemies":"Snecko","floor":21.0,"turns":3.0},{"damage":5.0,"enemies":"Shelled Parasite and Fungi","floor":22.0,"turns":3.0},{"damage":14.0,"enemies":"Slavers","floor":23.0,"turns":5.0},{"damage":0.0,"enemies":"Cultist and Chosen","floor":24.0,"turns":2.0},{"damage":0.0,"enemies":"Gremlin Leader","floor":30.0,"turns":5.0},{"damage":0.0,"enemies":"Sentry and Sphere","floor":31.0,"turns":1.0},{"damage":40.0,"enemies":"Champ","floor":33.0,"turns":7.0},{"damage":0.0,"enemies":"Orb Walker","floor":35.0,"turns":3.0},{"damage":14.0,"enemies":"3 Darklings","floor":38.0,"turns":3.0},{"damage":0.0,"enemies":"Jaw Worm Horde","floor":39.0,"turns":2.0},{"damage":0.0,"enemies":"Giant Head","floor":40.0,"turns":6.0},{"damage":0.0,"enemies":"Transient","floor":41.0,"turns":6.0},{"damage":4.0,"enemies":"Nemesis","floor":42.0,"turns":5.0},{"damage":0.0,"enemies":"Maw","floor":45.0,"turns":4.0},{"damage":0.0,"enemies":"Giant Head","floor":47.0,"turns":6.0},{"damage":2.0,"enemies":"Writhing Mass","floor":48.0,"turns":4.0},{"damage":41,"enemies":"Awakened One","floor":50,"turns":11},{"damage":33,"enemies":"Shield and Spear","floor":54,"turns":5},{"damage":78,"enemies":"The Heart","floor":55,"turns":6}],"seed_played":"-1650730043387072624","potions_obtained":[{"floor":5.0,"key":"Fire Potion"},{"floor":12.0,"key":"Fire Potion"},{"floor":13.0,"key":"Strength Potion"},{"floor":22.0,"key":"Explosive Potion"},{"floor":23.0,"key":"Dexterity Potion"},{"floor":33.0,"key":"EssenceOfSteel"},{"floor":40.0,"key":"FearPotion"},{"floor":54,"key":"Explosive Potion"}],"is_trial":false,"path_per_floor":["M","?","$","?","M","E","R","E","T","T","?","M","E","M","R","B",null,"M","M","?","M","M","E","M","R","T","$","R","?","E","M","R","B",null,"M","?","$","M","M","E","M","E","T","R","M","?","E","M","R","B",null,"R","$","E","B"],"character_chosen":"IRONCLAD","items_purchased":["Uppercut","TheAbacus","Happy Flower","Medical Kit"],"campfire_rested":0,"item_purchase_floors":[3,27,27,53],"current_hp_per_floor":[74,74,74,74,75,75,75,74,74,74,51,57,31,37,37,17,61,60,66,66,72,73,65,71,71,71,71,71,71,75,75,75,41,67,75,75,75,67,75,77,79,81,81,81,83,79,81,83,83,48,74,74,74,51,0],"gold":73,"neow_bonus":"THREE_ENEMY_KILL","is_prod":false,"is_daily":false,"chose_seed":false,"campfire_upgraded":4,"win_rate":0,"timestamp":1558635143,"path_taken":["M","?","$","?","?","E","R","E","T","?","?","M","E","M","R","BOSS","M","M","?","M","?","E","M","R","T","$","R","?","E","M","R","BOSS","M","?","$","?","M","E","?","E","T","R","M","?","E","M","R","BOSS","R","$","E","BOSS"],"build_version":"2019-01-23","purchased_purges":1,"victory":false,"max_hp_per_floor":[75,75,75,75,75,75,75,75,75,75,75,75,75,75,75,75,75,75,75,75,75,75,75,75,75,75,75,75,75,75,75,75,75,75,75,75,75,75,75,77,79,81,81,81,83,79,81,83,83,83,83,83,83,85,85],"card_choices":[{"not_picked":["True Grit","Twin Strike"],"picked":"Shrug It Off","floor":1.0},{"not_picked":["Twin Strike","Dark Embrace"],"picked":"Whirlwind","floor":5.0},{"not_picked":["Havoc","Brutality"],"picked":"Twin Strike","floor":6.0},{"not_picked":["Heavy Blade","True Grit"],"picked":"Flame Barrier","floor":8.0},{"not_picked":["Heavy Blade","Cleave"],"picked":"Shockwave","floor":12.0},{"not_picked":["Shockwave","Uppercut","Corruption"],"picked":"SKIP","floor":13.0},{"not_picked":["True Grit","Thunderclap","Clash"],"picked":"SKIP","floor":14.0},{"not_picked":["Anger","Body Slam"],"picked":"Flex+1","floor":18.0},{"not_picked":["Searing Blow","Fire Breathing","Blood for Blood"],"picked":"SKIP","floor":19.0},{"not_picked":["Thunderclap","True Grit","Twin Strike"],"picked":"SKIP","floor":21.0},{"not_picked":["Headbutt","Twin Strike","Body Slam"],"picked":"SKIP","floor":22.0},{"not_picked":["Headbutt","Twin Strike","Body Slam"],"picked":"SKIP","floor":22.0},{"not_picked":["Metallicize","Armaments","Heavy Blade"],"picked":"SKIP","floor":23.0},{"not_picked":["Heavy Blade","Entrench+1","Intimidate"],"picked":"SKIP","floor":24.0},{"not_picked":["Uppercut","Flex"],"picked":"Flame Barrier","floor":30.0},{"not_picked":["Uppercut","Flex"],"picked":"Inflame","floor":31.0},{"not_picked":["Fiend Fire","Brutality"],"picked":"Berserk","floor":33.0},{"not_picked":["Fire Breathing+1"],"picked":"SKIP","floor":35.0},{"not_picked":["Heavy Blade"],"picked":"SKIP","floor":38.0},{"not_picked":[],"picked":"Disarm","floor":39.0},{"not_picked":["Thunderclap"],"picked":"Singing Bowl","floor":40.0},{"not_picked":["Flame Barrier+1"],"picked":"Singing Bowl","floor":41.0},{"not_picked":["Wild Strike"],"picked":"Singing Bowl","floor":42.0},{"not_picked":["Whirlwind"],"picked":"Singing Bowl","floor":45.0},{"not_picked":["Perfected Strike"],"picked":"Singing Bowl","floor":47.0},{"not_picked":["Clothesline"],"picked":"Singing Bowl","floor":48.0},{"not_picked":["Infernal Blade"],"picked":"Singing Bowl","floor":54}],"player_experience":364494,"relics_obtained":[{"floor":6.0,"key":"FossilizedHelix"},{"floor":8.0,"key":"Girya"},{"floor":9.0,"key":"Incense Burner"},{"floor":10.0,"key":"Pantograph"},{"floor":13.0,"key":"Bag of Marbles"},{"floor":23.0,"key":"Art of War"},{"floor":26.0,"key":"Blood Vial"},{"floor":30.0,"key":"StoneCalendar"},{"floor":40.0,"key":"Singing Bowl"},{"floor":42.0,"key":"Ancient Tea Set"},{"floor":47.0,"key":"Sundial"},{"floor":54,"key":"Vajra"}],"event_choices":[{"cards_removed":["Defend_R"],"damage_healed":0.0,"max_hp_gain":0.0,"max_hp_loss":0.0,"gold_gain":0.0,"event_name":"The Cleric","player_choice":"Card Removal","floor":2.0,"gold_loss":75.0,"damage_taken":0.0},{"damage_healed":0.0,"max_hp_gain":0.0,"max_hp_loss":0.0,"gold_gain":0.0,"cards_transformed":["Defend_R"],"event_name":"Transmorgrifier","player_choice":"Transformed","floor":4.0,"gold_loss":0.0,"damage_taken":0.0,"cards_obtained":["Battle Trance"]},{"damage_healed":0.0,"max_hp_gain":0.0,"max_hp_loss":0.0,"gold_gain":0.0,"event_name":"Shining Light","player_choice":"Entered Light","floor":11.0,"gold_loss":0.0,"damage_taken":23.0,"cards_upgraded":["Flame Barrier","Uppercut"]},{"damage_healed":0.0,"max_hp_gain":0.0,"max_hp_loss":0.0,"gold_gain":0.0,"event_name":"Designer","player_choice":"Upgraded Two","floor":20.0,"gold_loss":50.0,"damage_taken":0.0,"cards_upgraded":["Strike_R","Twin Strike"]},{"damage_healed":0.0,"max_hp_gain":0.0,"max_hp_loss":0.0,"gold_gain":0.0,"event_name":"Drug Dealer","player_choice":"Inject Mutagens","floor":29.0,"gold_loss":0.0,"damage_taken":0.0,"relics_obtained":["MutagenicStrength"]},{"damage_healed":0.0,"max_hp_gain":0.0,"max_hp_loss":0.0,"gold_gain":0.0,"event_name":"Accursed Blacksmith","player_choice":"Forge","floor":36.0,"gold_loss":0.0,"damage_taken":0.0,"cards_upgraded":["Berserk"]},{"damage_healed":0.0,"max_hp_gain":0.0,"max_hp_loss":4.0,"gold_gain":0.0,"event_name":"Winding Halls","player_choice":"Max HP","floor":46.0,"gold_loss":0.0,"damage_taken":0.0}],"is_beta":false,"boss_relics":[{"not_picked":["Empty Cage","Philosopher\u0027s Stone"],"picked":"Coffee Dripper"},{"not_picked":["Eternal Feather","Mark of Pain"],"picked":"Busted Crown"}],"items_purged_floors":[37],"is_endless":false,"potions_floor_spawned":[5,12,13,14,16,18,22,23,33,38,39,40,45,54],"killed_by":"The Heart","ascension_level":17}