{"gold_per_floor":[112,128,128,138,127,127,159,159,159,191,204,204,204,217,217,217],"floor_reached":16,"playtime":1072,"items_purged":[],"score":112,"play_id":"4fab64d4-614d-448a-9881-477df42ad236","local_time":"20190306163530","is_ascension_mode":false,"campfire_choices":[{"data":"Searing Blow","floor":6,"key":"SMITH"},{"data":"Searing Blow+1","floor":8,"key":"SMITH"},{"data":"Flame Barrier","floor":13,"key":"SMITH"},{"data":"Searing Blow+2","floor":15,"key":"SMITH"}],"neow_cost":"","seed_source_timestamp":0,"circlet_count":0,"master_deck":["Strike_R","Strike_R","Strike_R","Strike_R","Strike_R","Defend_R","Defend_R","Defend_R","Defend_R","Bash","Pommel Strike","Clothesline","Searing Blow+3","Headbutt","Flame Barrier+1","Shrug It Off","Iron Wave"],"special_seed":0,"relics":["Burning Blood","Anchor","Darkstone Periapt","WingedGreaves"],"potions_floor_usage":[16],"damage_taken":[{"damage":5.0,"enemies":"Small Slimes","floor":1.0,"turns":3.0},{"damage":6,"enemies":"Cultist","floor":2,"turns":3},{"damage":5,"enemies":"2 Louse","floor":4,"turns":3},{"damage":20,"enemies":"Exordium Thugs","floor":5,"turns":4},{"damage":19,"enemies":"Gremlin Nob","floor":7,"turns":4},{"damage":34,"enemies":"3 Sentries","floor":10,"turns":8},{"damage":1,"enemies":"Lots of Slimes","floor":11,"turns":5},{"damage":6,"enemies":"Large Slime","floor":14,"turns":5},{"damage":43,"enemies":"The Guardian","floor":16,"turns":12}],"seed_played":"-2787371028906080287","potions_obtained":[{"floor":4,"key":"Block Potion"}],"is_trial":false,"path_per_floor":["M","M","?","M","M","R","E","R","T","E","M","?","R","M","R","B"],"character_chosen":"IRONCLAD","items_purchased":[],"campfire_rested":0,"item_purchase_floors":[],"current_hp_per_floor":[80,80,80,80,66,66,53,53,53,25,30,30,30,30,30,0],"gold":217,"neow_bonus":"","is_prod":false,"is_daily":false,"chose_seed":false,"campfire_upgraded":4,"win_rate":0.0,"timestamp":1551886530,"path_taken":["M","M","?","?","?","R","E","R","T","E","?","?","R","M","R","BOSS"],"build_version":"2019-01-23","purchased_purges":0,"victory":false,"max_hp_per_floor":[80,80,80,80,80,80,80,80,80,80,80,80,80,80,80,80],"card_choices":[{"not_picked":["Flex","Corruption"],"picked":"Pommel Strike","floor":1.0},{"not_picked":["True Grit","Dual Wield"],"picked":"Clothesline","floor":2},{"not_picked":["Shockwave","Headbutt"],"picked":"Searing Blow","floor":4},{"not_picked":["Dual Wield","Body Slam"],"picked":"Headbutt","floor":5},{"not_picked":["Rampage","Perfected Strike"],"picked":"Flame Barrier","floor":7},{"not_picked":["Headbutt","Cleave","Demon Form"],"picked":"SKIP","floor":10},{"not_picked":["Flex","Twin Strike"],"picked":"Shrug It Off","floor":11},{"not_picked":["Sever Soul","Clothesline"],"picked":"Iron Wave","floor":14}],"player_experience":0,"relics_obtained":[{"floor":7,"key":"Anchor"},{"floor":9,"key":"Darkstone Periapt"},{"floor":10,"key":"WingedGreaves"}],"event_choices":[{"damage_healed":0,"gold_gain":0,"player_choice":"Ignored","damage_taken":0,"max_hp_gain":0,"max_hp_loss":0,"event_name":"WeMeetAgain","floor":3,"gold_loss":0},{"damage_healed":0,"gold_gain":0,"player_choice":"0 cards matched","damage_taken":0,"max_hp_gain":0,"max_hp_loss":0,"event_name":"Match and Keep!","floor":12,"gold_loss":0,"cards_obtained":[]}],"is_beta":false,"boss_relics":[],"items_purged_floors":[],"is_endless":false,"potions_floor_spawned":[4],"killed_by":"The Guardian","ascension_level":0}