{"gold_per_floor":[112,129,5,17,30,57,75,131,131,165,165,26,87,162,162,261,261,278,278,278,1,18,43,43,70,70,86,121,121,134,134,134,231,231,251,296,296,309,324,324,359,359,359,390,390,406,437,97,97,97,97,97,21,48,48],"floor_reached":56,"playtime":2042,"items_purged":["Strike_B","Strike_B"],"score":1544,"play_id":"9ec2da33-42ae-46a9-9230-7995968515c2","local_time":"20190602055845","is_ascension_mode":true,"campfire_choices":[{"data":"Zap","floor":11.0,"key":"SMITH"},{"data":"Defragment","floor":15.0,"key":"SMITH"},{"data":"Coolheaded","floor":24.0,"key":"SMITH"},{"data":"Machine Learning","floor":32.0,"key":"SMITH"},{"data":"Dualcast","floor":40.0,"key":"SMITH"},{"floor":42.0,"key":"RECALL"},{"floor":49.0,"key":"REST"},{"data":"Ball Lightning","floor":52,"key":"SMITH"}],"neow_cost":"TEN_PERCENT_HP_LOSS","seed_source_timestamp":9007139531220,"circlet_count":0,"master_deck":["Defend_B","Defend_B","Zap+1","Dualcast+1","Cold Snap","Ball Lightning+1","Ball Lightning","Machine Learning+1","Cold Snap","Defragment+1","Loop+1","Buffer+1","Glacier","Glacier","Coolheaded+1","Compile Driver","Coolheaded+1","Meteor Strike+1","Cold Snap+1","Reinforced Body+1","Echo Form+1","Defragment+1","Static Discharge+1"],"special_seed":0,"relics":["Cracked Core","Anchor","Tiny Chest","Meat on the Bone","Blue Candle","Frozen Egg 2","Philosopher\u0027s Stone","Enchiridion","OrangePellets","Omamori","Pantograph","Molten Egg 2","Prayer Wheel","MutagenicStrength","Velvet Choker","Mango","Juzu Bracelet","Pear","Bag of Preparation","ClockworkSouvenir","Vajra","Mercury Hourglass"],"potions_floor_usage":[55,55,55],"damage_taken":[{"damage":6.0,"enemies":"Jaw Worm","floor":1.0,"turns":2.0},{"damage":1.0,"enemies":"2 Louse","floor":2.0,"turns":2.0},{"damage":2.0,"enemies":"Small Slimes","floor":4.0,"turns":3.0},{"damage":6.0,"enemies":"2 Fungi Beasts","floor":5.0,"turns":3.0},{"damage":11.0,"enemies":"Lagavulin","floor":6.0,"turns":5.0},{"damage":0.0,"enemies":"Gremlin Gang","floor":7.0,"turns":4.0},{"damage":9.0,"enemies":"Gremlin Nob","floor":8.0,"turns":3.0},{"damage":15.0,"enemies":"Lagavulin","floor":10.0,"turns":6.0},{"damage":13.0,"enemies":"Gremlin Nob","floor":13.0,"turns":3.0},{"damage":0.0,"enemies":"Slime Boss","floor":16.0,"turns":4.0},{"damage":0.0,"enemies":"3 Byrds","floor":18.0,"turns":2.0},{"damage":0.0,"enemies":"Shell Parasite","floor":22.0,"turns":5.0},{"damage":0.0,"enemies":"Slavers","floor":23.0,"turns":6.0},{"damage":0.0,"enemies":"Book of Stabbing","floor":25.0,"turns":6.0},{"damage":0.0,"enemies":"Chosen and Byrds","floor":27.0,"turns":5.0},{"damage":33.0,"enemies":"Gremlin Leader","floor":28.0,"turns":8.0},{"damage":2.0,"enemies":"Centurion and Healer","floor":30.0,"turns":3.0},{"damage":4.0,"enemies":"Automaton","floor":33.0,"turns":9.0},{"damage":12.0,"enemies":"3 Shapes","floor":35.0,"turns":4.0},{"damage":10.0,"enemies":"2 Orb Walkers","floor":36.0,"turns":6.0},{"damage":9.0,"enemies":"3 Darklings","floor":38.0,"turns":9.0},{"damage":0.0,"enemies":"Transient","floor":39.0,"turns":5.0},{"damage":0.0,"enemies":"Giant Head","floor":41.0,"turns":8.0},{"damage":0.0,"enemies":"Nemesis","floor":44.0,"turns":7.0},{"damage":12.0,"enemies":"Sphere and 2 Shapes","floor":46.0,"turns":5.0},{"damage":0.0,"enemies":"Giant Head","floor":47.0,"turns":10.0},{"damage":14,"enemies":"Donu and Deca","floor":50,"turns":12},{"damage":32,"enemies":"Shield and Spear","floor":54,"turns":7},{"damage":82,"enemies":"The Heart","floor":55,"turns":12}],"seed_played":"8646320968552317128","potions_obtained":[{"floor":1.0,"key":"Dexterity Potion"},{"floor":2.0,"key":"SteroidPotion"},{"floor":4.0,"key":"LiquidBronze"},{"floor":10.0,"key":"Fire Potion"},{"floor":13.0,"key":"Fire Potion"},{"floor":16.0,"key":"AttackPotion"},{"floor":23.0,"key":"Explosive Potion"},{"floor":27.0,"key":"GamblersBrew"},{"floor":30.0,"key":"Swift Potion"}],"is_trial":false,"path_per_floor":["M","M","$","M","M","E","M","E","T","E","R","$","?","?","R","B",null,"M","?","?","$","M","E","R","E","T","M","E","?","M","?","R","B",null,"M","?","?","M","M","R","E","R","T","E","?","M","E","$","R","B",null,"R","$","E","B",null],"character_chosen":"DEFECT","items_purchased":["Ball Lightning","Defragment","OrangePellets","Glacier","ClockworkSouvenir","Vajra","Static Discharge+1"],"campfire_rested":1,"item_purchase_floors":[3,12,21,21,48,48,53],"current_hp_per_floor":[62,61,61,59,53,42,42,33,33,30,30,30,29,18,18,30,68,68,52,52,52,52,52,52,52,52,52,31,31,41,41,41,62,68,56,60,60,51,51,51,51,51,51,61,61,49,49,49,76,78,92,92,92,60,15],"gold":48,"neow_bonus":"REMOVE_TWO","is_prod":false,"is_daily":false,"chose_seed":false,"campfire_upgraded":6,"win_rate":0,"timestamp":1559447925,"path_taken":["M","M","$","M","M","E","M","E","T","E","R","$","?","?","R","BOSS","M","?","?","$","M","E","R","E","T","M","E","?","M","?","R","BOSS","M","?","?","?","M","R","E","R","T","E","?","M","E","$","R","BOSS","R","$","E","BOSS"],"build_version":"2019-05-31","purchased_purges":2,"victory":true,"max_hp_per_floor":[68,68,68,68,68,68,68,68,68,68,68,68,68,68,68,68,68,68,68,68,68,68,68,68,68,68,68,68,68,68,68,68,68,68,68,82,82,82,82,82,82,82,82,92,92,92,92,92,92,92,92,92,92,92,92],"card_choices":[{"not_picked":["Lockon","Stack"],"picked":"Cold Snap","floor":1.0},{"not_picked":["Steam","Beam Cell","Leap"],"picked":"SKIP","floor":2.0},{"not_picked":["Rebound","Consume","Reprogram"],"picked":"SKIP","floor":4.0},{"not_picked":["Double Energy","Recycle","Gash"],"picked":"SKIP","floor":5.0},{"not_picked":["Beam Cell","Stack","Recycle"],"picked":"SKIP","floor":6.0},{"not_picked":["Rebound","Reprogram"],"picked":"Ball Lightning","floor":7.0},{"not_picked":["Leap","Static Discharge"],"picked":"Machine Learning","floor":8.0},{"not_picked":["Hologram","Recycle"],"picked":"Cold Snap","floor":10.0},{"not_picked":["Rebound","Stack"],"picked":"Loop","floor":13.0},{"not_picked":["Seek","Fission"],"picked":"Buffer+1","floor":16.0},{"not_picked":["Reinforced Body","Hologram"],"picked":"Glacier","floor":18.0},{"not_picked":["Leap","Barrage+1","Beam Cell+1"],"picked":"SKIP","floor":22.0},{"not_picked":["Static Discharge+1","Genetic Algorithm"],"picked":"Coolheaded","floor":23.0},{"not_picked":["Turbo","Coolheaded"],"picked":"Compile Driver","floor":25.0},{"not_picked":["White Noise","Darkness","Coolheaded"],"picked":"SKIP","floor":27.0},{"not_picked":["Ball Lightning+1","Reprogram","Recycle"],"picked":"SKIP","floor":28.0},{"not_picked":["Steam","Chill"],"picked":"Coolheaded+1","floor":30.0},{"not_picked":["Lockon+1","Gash+1","Chaos"],"picked":"SKIP","floor":30.0},{"not_picked":["Multi-Cast","Hyperbeam+1"],"picked":"Meteor Strike+1","floor":33.0},{"not_picked":["Leap+1","Steam Power+1","Go for the Eyes+1"],"picked":"SKIP","floor":35.0},{"not_picked":["White Noise+1","Auto Shields","Glacier"],"picked":"SKIP","floor":35.0},{"not_picked":["Barrage+1","Stack+1"],"picked":"Reinforced Body+1","floor":38.0},{"not_picked":["Gash+1","Hologram+1","Cold Snap+1"],"picked":"SKIP","floor":38.0},{"not_picked":["Beam Cell+1","Steam Power","Melter+1"],"picked":"SKIP","floor":39.0},{"not_picked":["Rebound+1","Coolheaded+1","Barrage+1"],"picked":"SKIP","floor":39.0},{"not_picked":["Defragment+1","Turbo+1"],"picked":"Echo Form+1","floor":41.0},{"not_picked":["Hologram+1","Chaos","Coolheaded"],"picked":"SKIP","floor":44.0},{"not_picked":["Beam Cell+1","Compile Driver+1","Streamline+1"],"picked":"SKIP","floor":46.0},{"not_picked":["Scrape+1","Hologram+1","Go for the Eyes+1"],"picked":"SKIP","floor":46.0},{"not_picked":["Darkness+1","Barrage+1"],"picked":"Defragment+1","floor":47.0},{"not_picked":["Steam+1","White Noise","Streamline+1"],"picked":"SKIP","floor":54}],"player_experience":1656441,"relics_obtained":[{"floor":6.0,"key":"Anchor"},{"floor":8.0,"key":"Tiny Chest"},{"floor":9.0,"key":"Meat on the Bone"},{"floor":10.0,"key":"Blue Candle"},{"floor":13.0,"key":"Frozen Egg 2"},{"floor":19.0,"key":"Enchiridion"},{"floor":23.0,"key":"Omamori"},{"floor":25.0,"key":"Pantograph"},{"floor":26.0,"key":"Molten Egg 2"},{"floor":28.0,"key":"Prayer Wheel"},{"floor":36.0,"key":"Mango"},{"floor":41.0,"key":"Juzu Bracelet"},{"floor":44.0,"key":"Pear"},{"floor":47.0,"key":"Bag of Preparation"},{"floor":54,"key":"Mercury Hourglass"}],"event_choices":[{"damage_healed":0.0,"max_hp_gain":0.0,"max_hp_loss":0.0,"gold_gain":0.0,"event_name":"Dead Adventurer","player_choice":"Searched \u00271\u0027 times","floor":13.0,"gold_loss":0.0,"damage_taken":0.0},{"damage_healed":0.0,"max_hp_gain":0.0,"max_hp_loss":0.0,"gold_gain":75.0,"event_name":"World of Goop","player_choice":"Gather Gold","floor":14.0,"gold_loss":0.0,"damage_taken":11.0},{"damage_healed":0.0,"max_hp_gain":0.0,"max_hp_loss":0.0,"gold_gain":0.0,"event_name":"Cursed Tome","player_choice":"Obtained Book","floor":19.0,"gold_loss":0.0,"damage_taken":16.0},{"cards_removed":["Strike_B"],"damage_healed":0.0,"max_hp_gain":0.0,"max_hp_loss":0.0,"gold_gain":0.0,"event_name":"Back to Basics","player_choice":"Elegance","floor":20.0,"gold_loss":0.0,"damage_taken":0.0},{"damage_healed":0.0,"max_hp_gain":0.0,"max_hp_loss":0.0,"gold_gain":0.0,"event_name":"Drug Dealer","player_choice":"Inject Mutagens","floor":29.0,"gold_loss":0.0,"damage_taken":0.0,"relics_obtained":["MutagenicStrength"]},{"damage_healed":0.0,"max_hp_gain":0.0,"max_hp_loss":0.0,"gold_gain":0.0,"event_name":"Vampires","player_choice":"Ignored","floor":31.0,"gold_loss":0.0,"damage_taken":0.0},{"damage_healed":0.0,"max_hp_gain":0.0,"max_hp_loss":0.0,"gold_gain":0.0,"event_name":"Mysterious Sphere","player_choice":"Fight","floor":36.0,"gold_loss":0.0,"damage_taken":0.0},{"damage_healed":0.0,"max_hp_gain":0.0,"max_hp_loss":0.0,"gold_gain":0.0,"cards_transformed":["Defend_B"],"event_name":"Transmorgrifier","player_choice":"Transformed","floor":37.0,"gold_loss":0.0,"damage_taken":0.0,"cards_obtained":["Cold Snap"]},{"damage_healed":0.0,"max_hp_gain":0.0,"max_hp_loss":0.0,"gold_gain":0.0,"event_name":"SensoryStone","player_choice":"Memory 1","floor":45.0,"gold_loss":0.0,"damage_taken":0.0}],"is_beta":true,"boss_relics":[{"not_picked":["Runic Dome","Eternal Feather"],"picked":"Philosopher\u0027s Stone"},{"not_picked":["FrozenCore","Fusion Hammer"],"picked":"Velvet Choker"}],"items_purged_floors":[3,12],"is_endless":false,"potions_floor_spawned":[1,2,4,10,13,16,23,27,30,33,36,38,41,46],"ascension_level":1}