{"gold_per_floor":[111,121,136,136,154,154,171,171,198,198,226,176,189,201,201,273,273,288,303,330,180,192,192],"floor_reached":23,"playtime":1049,"items_purged":["Strike_G"],"score":315,"play_id":"ab2c045e-191a-4009-b515-fc827832d3f9","local_time":"20190516223830","is_ascension_mode":true,"campfire_choices":[{"data":"Sucker Punch","floor":6.0,"key":"SMITH"},{"data":"Neutralize","floor":8.0,"key":"SMITH"},{"floor":15,"key":"REST"}],"neow_cost":"NONE","seed_source_timestamp":111044488776415,"circlet_count":0,"master_deck":["AscendersBane","Defend_G","Defend_G","Defend_G","Defend_G","Defend_G","Strike_G","Strike_G","Strike_G","Survivor","Neutralize+1","Sucker Punch+1","Predator","Heel Hook","Heel Hook","Backflip","Adrenaline"],"special_seed":0,"relics":["Ring of the Snake","NeowsBlessing","Bag of Preparation","Anchor","Odd Mushroom","Philosopher\u0027s Stone","Red Mask"],"potions_floor_usage":[16,20,20,22,23,23],"damage_taken":[{"damage":0.0,"enemies":"Small Slimes","floor":1.0,"turns":1.0},{"damage":0.0,"enemies":"2 Louse","floor":2.0,"turns":1.0},{"damage":0.0,"enemies":"Cultist","floor":3.0,"turns":1.0},{"damage":10.0,"enemies":"3 Louse","floor":5.0,"turns":3.0},{"damage":2.0,"enemies":"2 Fungi Beasts","floor":7.0,"turns":7.0},{"damage":0.0,"enemies":"The Mushroom Lair","floor":11.0,"turns":3.0},{"damage":6,"enemies":"Large Slime","floor":13,"turns":7},{"damage":0,"enemies":"Blue Slaver","floor":14,"turns":3},{"damage":30,"enemies":"The Guardian","floor":16,"turns":16},{"damage":0,"enemies":"2 Thieves","floor":18,"turns":4},{"damage":12,"enemies":"Shell Parasite","floor":19,"turns":5},{"damage":20,"enemies":"Masked Bandits","floor":20,"turns":5},{"damage":18,"enemies":"Shelled Parasite and Fungi","floor":22,"turns":7},{"damage":28,"enemies":"Gremlin Leader","floor":23,"turns":4}],"seed_played":"-1873402463548655299","potions_obtained":[{"floor":3.0,"key":"SkillPotion"},{"floor":5.0,"key":"Fire Potion"},{"floor":16,"key":"Weak Potion"},{"floor":18,"key":"SkillPotion"},{"floor":20,"key":"Weak Potion"},{"floor":22,"key":"EssenceOfSteel"}],"is_trial":false,"path_per_floor":["M","M","M","?","M","R","M","R","T","?","?","?","M","M","R","B",null,"M","M","?","$","M","E"],"character_chosen":"THE_SILENT","items_purchased":["Regen Potion"],"campfire_rested":1,"item_purchase_floors":[21],"current_hp_per_floor":[59,59,59,64,54,54,52,52,52,45,45,45,39,39,60,30,61,61,49,29,29,26,0],"gold":192,"neow_bonus":"THREE_ENEMY_KILL","is_prod":false,"is_daily":false,"chose_seed":false,"campfire_upgraded":2,"win_rate":0,"timestamp":1558039110,"path_taken":["M","M","M","?","M","R","M","R","T","?","?","?","M","M","R","BOSS","M","M","?","$","M","E"],"build_version":"2019-01-23","purchased_purges":1,"victory":false,"max_hp_per_floor":[66,66,66,71,71,71,71,71,71,71,71,71,71,71,71,71,71,71,71,71,71,71,71],"card_choices":[{"not_picked":["Dagger Throw","Setup"],"picked":"Sucker Punch","floor":1.0},{"not_picked":["Cloak And Dagger","Prepared","Accuracy"],"picked":"SKIP","floor":2.0},{"not_picked":["Endless Agony","Dodge and Roll"],"picked":"Predator","floor":3.0},{"not_picked":["Dagger Throw","Slice"],"picked":"Heel Hook","floor":5.0},{"not_picked":["Calculated Gamble","Deadly Poison"],"picked":"Heel Hook","floor":7.0},{"not_picked":["Poisoned Stab","Dagger Throw"],"picked":"Backflip","floor":13},{"not_picked":["Quick Slash","Infinite Blades","Outmaneuver"],"picked":"SKIP","floor":14},{"not_picked":["Corpse Explosion","Tools of the Trade"],"picked":"Adrenaline","floor":16},{"not_picked":["Concentrate","Flying Knee","PiercingWail"],"picked":"SKIP","floor":18},{"not_picked":["Slice+1","Escape Plan+1","Heel Hook"],"picked":"SKIP","floor":19},{"not_picked":["Concentrate","Setup","Cloak And Dagger"],"picked":"SKIP","floor":22}],"player_experience":338868,"relics_obtained":[{"floor":9.0,"key":"Bag of Preparation"},{"floor":11.0,"key":"Odd Mushroom"},{"floor":20,"key":"Red Mask"}],"event_choices":[{"damage_healed":0.0,"max_hp_gain":5.0,"max_hp_loss":0.0,"gold_gain":0.0,"event_name":"Big Fish","player_choice":"Donut","floor":4.0,"gold_loss":0.0,"damage_taken":0.0},{"damage_healed":0.0,"max_hp_gain":0.0,"max_hp_loss":0.0,"gold_gain":0.0,"event_name":"Scrap Ooze","player_choice":"Success","floor":10.0,"gold_loss":0.0,"damage_taken":7.0,"relics_obtained":["Anchor"]},{"damage_healed":0.0,"max_hp_gain":0.0,"max_hp_loss":0.0,"gold_gain":0.0,"event_name":"Mushrooms","player_choice":"Fought Mushrooms","floor":11.0,"gold_loss":0.0,"damage_taken":0.0},{"cards_removed":["Strike_G"],"damage_healed":0.0,"max_hp_gain":0.0,"max_hp_loss":0.0,"gold_gain":0.0,"event_name":"The Cleric","player_choice":"Card Removal","floor":12.0,"gold_loss":50.0,"damage_taken":0.0},{"damage_healed":0,"gold_gain":0,"player_choice":"Fought Bandits","damage_taken":0,"max_hp_gain":0,"max_hp_loss":0,"event_name":"Masked Bandits","floor":20,"gold_loss":0}],"is_beta":false,"boss_relics":[{"not_picked":["Orrery","HoveringKite"],"picked":"Philosopher\u0027s Stone"}],"items_purged_floors":[21],"is_endless":false,"potions_floor_spawned":[3,5,7,16,18,20,22],"killed_by":"Gremlin Leader","ascension_level":14}