{"gold_per_floor":[113,132,147,4,79,113,113,113,113,146,3,3,16,16,16,118,118,129,4,18,18,33,66,66,98,174,174,187,187,215,226,226,323,323,339,353,421,124,135,167,167,195,220,253,253,278,278,298,298,298,298,298,27,56,56],"floor_reached":56,"playtime":2755,"items_purged":["Shame","True Grit","Dramatic Entrance"],"score":1965,"play_id":"e94fff9c-2c7f-431d-9453-8c63c746a6de","local_time":"20190322200616","is_ascension_mode":true,"campfire_choices":[{"data":"Perfected Strike","floor":7.0,"key":"SMITH"},{"data":"Disarm","floor":12.0,"key":"SMITH"},{"data":"Double Tap","floor":15.0,"key":"SMITH"},{"data":"Perfected Strike","floor":24.0,"key":"SMITH"},{"data":"Inflame","floor":27.0,"key":"SMITH"},{"data":"Heavy Blade","floor":29.0,"key":"SMITH"},{"data":"Flame Barrier","floor":32,"key":"SMITH"},{"floor":41,"key":"RECALL"},{"data":"Bash","floor":45,"key":"SMITH"},{"data":"Impervious","floor":47,"key":"SMITH"},{"data":"Impervious","floor":49,"key":"SMITH"},{"floor":52,"key":"REST"}],"neow_cost":"CURSE","seed_source_timestamp":151757538247711,"circlet_count":0,"master_deck":["Strike_R","Strike_R","Strike_R","Strike_R","Strike_R","Defend_R+1","Defend_R","Defend_R","Defend_R","Bash+1","Twin Strike","Shrug It Off+1","Perfected Strike+1","Disarm+1","Infernal Blade","Double Tap+1","Impervious+1","Clothesline+1","Perfected Strike+1","Flame Barrier+1","Heavy Blade+1","Inflame+1","Flame Barrier+1","Impervious+1","Perfected Strike+1","Perfected Strike+1","Pommel Strike+1","Carnage+1","Perfected Strike+1"],"special_seed":0,"relics":["Burning Blood","FossilizedHelix","Pocketwatch","Gremlin Horn","Darkstone Periapt","Anchor","Snecko Eye","SsserpentHead","Mummified Hand","Centennial Puzzle","Kunai","War Paint","Runic Dome","Vajra","PreservedInsect","Ornamental Fan","Smiling Mask","Dream Catcher","Calipers","Pen Nib","Bag of Marbles"],"potions_floor_usage":[55,55,55],"damage_taken":[{"damage":0.0,"enemies":"Small Slimes","floor":1.0,"turns":3.0},{"damage":0.0,"enemies":"Jaw Worm","floor":2.0,"turns":2.0},{"damage":4.0,"enemies":"Cultist","floor":3.0,"turns":4.0},{"damage":43.0,"enemies":"Lagavulin","floor":6.0,"turns":10.0},{"damage":0.0,"enemies":"3 Sentries","floor":10.0,"turns":4.0},{"damage":0.0,"enemies":"2 Fungi Beasts","floor":13.0,"turns":2.0},{"damage":0.0,"enemies":"The Guardian","floor":16.0,"turns":14.0},{"damage":0.0,"enemies":"Spheric Guardian","floor":18.0,"turns":3.0},{"damage":0.0,"enemies":"Shell Parasite","floor":20.0,"turns":3.0},{"damage":6.0,"enemies":"Snake Plant","floor":22.0,"turns":4.0},{"damage":0.0,"enemies":"Slavers","floor":23.0,"turns":3.0},{"damage":0.0,"enemies":"Gremlin Leader","floor":25.0,"turns":3.0},{"damage":0.0,"enemies":"Shelled Parasite and Fungi","floor":28.0,"turns":2.0},{"damage":8.0,"enemies":"Book of Stabbing","floor":30.0,"turns":4.0},{"damage":0,"enemies":"3 Cultists","floor":31,"turns":4},{"damage":62,"enemies":"Automaton","floor":33,"turns":8},{"damage":0,"enemies":"Orb Walker","floor":35,"turns":3},{"damage":0,"enemies":"3 Shapes","floor":36,"turns":3},{"damage":0,"enemies":"Maw","floor":37,"turns":4},{"damage":0,"enemies":"4 Shapes","floor":39,"turns":4},{"damage":0,"enemies":"Giant Head","floor":40,"turns":4},{"damage":10,"enemies":"Nemesis","floor":42,"turns":5},{"damage":0,"enemies":"Giant Head","floor":44,"turns":3},{"damage":0,"enemies":"Nemesis","floor":46,"turns":5},{"damage":0,"enemies":"Jaw Worm Horde","floor":48,"turns":2},{"damage":23,"enemies":"Awakened One","floor":50,"turns":7},{"damage":0,"enemies":"Shield and Spear","floor":54,"turns":3},{"damage":85,"enemies":"The Heart","floor":55,"turns":7}],"seed_played":"-4742984083812741268","potions_obtained":[{"floor":3.0,"key":"EssenceOfSteel"},{"floor":6.0,"key":"Fire Potion"},{"floor":10.0,"key":"Swift Potion"},{"floor":16.0,"key":"Dexterity Potion"},{"floor":18.0,"key":"BloodPotion"},{"floor":25.0,"key":"Poison Potion"},{"floor":31,"key":"BloodPotion"},{"floor":35,"key":"LiquidBronze"},{"floor":42,"key":"Strength Potion"}],"is_trial":false,"path_per_floor":["M","M","M","$","?","E","R","?","T","E","$","R","M","?","R","B",null,"M","$","M","?","M","E","R","E","T","R","M","R","E","M","R","B",null,"M","M","M","$","M","E","R","E","T","E","R","E","R","M","R","B",null,"R","$","E","B",null],"character_chosen":"IRONCLAD","items_purchased":["Disarm","Anchor","Perfected Strike","Vajra","PreservedInsect","Pen Nib","LiquidBronze"],"campfire_rested":1,"item_purchase_floors":[4,11,19,38,38,53,53],"current_hp_per_floor":[78,80,80,80,69,32,32,32,32,38,38,38,44,44,44,50,73,79,79,80,80,80,80,80,80,80,80,80,80,78,80,80,24,66,72,78,80,80,80,80,80,76,76,80,80,80,80,80,80,63,76,80,80,80,9],"gold":56,"neow_bonus":"ONE_RARE_RELIC","is_prod":false,"is_daily":false,"chose_seed":false,"campfire_upgraded":10,"win_rate":0,"timestamp":1553281576,"path_taken":["M","M","M","$","?","E","R","?","T","E","$","R","?","?","R","BOSS","M","$","M","?","M","E","R","E","T","R","M","R","E","M","R","BOSS","M","M","?","$","M","E","R","E","T","E","R","E","R","M","R","BOSS","R","$","E","BOSS"],"build_version":"2019-01-23","purchased_purges":3,"victory":true,"max_hp_per_floor":[80,80,80,80,80,80,80,80,80,80,80,80,80,80,80,80,80,80,80,80,80,80,80,80,80,80,80,80,80,80,80,80,80,80,80,80,80,80,80,80,80,80,80,80,80,80,80,80,80,80,80,80,80,80,80],"card_choices":[{"not_picked":["Pommel Strike","Wild Strike"],"picked":"Twin Strike","floor":1.0},{"not_picked":["Thunderclap","Headbutt"],"picked":"Shrug It Off","floor":2.0},{"not_picked":["Thunderclap","Wild Strike"],"picked":"Perfected Strike","floor":3.0},{"not_picked":["Fiend Fire","Battle Trance"],"picked":"Infernal Blade","floor":6.0},{"not_picked":["Disarm","Dropkick"],"picked":"True Grit","floor":10.0},{"not_picked":["Flex","Second Wind","Dropkick"],"picked":"SKIP","floor":13.0},{"not_picked":["Brutality","Fiend Fire"],"picked":"Impervious","floor":16.0},{"not_picked":["Seeing Red","Pommel Strike"],"picked":"Clothesline+1","floor":18.0},{"not_picked":["Warcry","Shrug It Off"],"picked":"Flame Barrier","floor":20.0},{"not_picked":["Anger","Thunderclap"],"picked":"Heavy Blade","floor":22.0},{"not_picked":["Limit Break","Sentinel+1"],"picked":"Inflame","floor":23.0},{"not_picked":["Rupture+1","Dual Wield","Anger"],"picked":"SKIP","floor":25.0},{"not_picked":["Intimidate","Sword Boomerang"],"picked":"Flame Barrier+1","floor":28.0},{"not_picked":["Intimidate","Dropkick","Clash+1"],"picked":"SKIP","floor":30.0},{"not_picked":["True Grit","Disarm","Corruption"],"picked":"SKIP","floor":31},{"not_picked":["Exhume","Feed"],"picked":"Impervious","floor":33},{"not_picked":["Sword Boomerang+1","Wild Strike+1","Feel No Pain"],"picked":"SKIP","floor":35},{"not_picked":["Pummel","Power Through","Burning Pact"],"picked":"SKIP","floor":36},{"not_picked":["Flex+1","Headbutt+1"],"picked":"Perfected Strike+1","floor":37},{"not_picked":["Sever Soul","Metallicize+1"],"picked":"Perfected Strike+1","floor":39},{"not_picked":["Dual Wield","Burning Pact+1","Heavy Blade+1"],"picked":"SKIP","floor":40},{"not_picked":["Flex","Warcry"],"picked":"Pommel Strike+1","floor":42},{"not_picked":["Seeing Red","Thunderclap+1","Fire Breathing+1"],"picked":"SKIP","floor":44},{"not_picked":["Wild Strike+1","Seeing Red","Blood for Blood+1"],"picked":"SKIP","floor":46},{"not_picked":["Wild Strike+1","Seeing Red","Blood for Blood+1"],"picked":"SKIP","floor":46},{"not_picked":["Havoc+1","Evolve","Infernal Blade+1"],"picked":"SKIP","floor":48},{"not_picked":["Havoc+1","Evolve","Infernal Blade+1"],"picked":"SKIP","floor":48},{"not_picked":["Whirlwind+1","Double Tap"],"picked":"Carnage+1","floor":52},{"not_picked":["Thunderclap+1","Double Tap"],"picked":"Perfected Strike+1","floor":54}],"player_experience":124224,"relics_obtained":[{"floor":6.0,"key":"Pocketwatch"},{"floor":9.0,"key":"Gremlin Horn"},{"floor":10.0,"key":"Darkstone Periapt"},{"floor":23.0,"key":"Mummified Hand"},{"floor":25.0,"key":"Centennial Puzzle"},{"floor":26.0,"key":"Kunai"},{"floor":30.0,"key":"War Paint"},{"floor":40,"key":"Ornamental Fan"},{"floor":42,"key":"Smiling Mask"},{"floor":44,"key":"Dream Catcher"},{"floor":46,"key":"Calipers"},{"floor":54,"key":"Bag of Marbles"}],"event_choices":[{"damage_healed":0.0,"max_hp_gain":0.0,"max_hp_loss":0.0,"gold_gain":75.0,"event_name":"World of Goop","player_choice":"Gather Gold","floor":5.0,"gold_loss":0.0,"damage_taken":11.0},{"damage_healed":0.0,"max_hp_gain":0.0,"max_hp_loss":0.0,"gold_gain":0.0,"event_name":"Match and Keep!","player_choice":"2 cards matched","floor":8.0,"gold_loss":0.0,"damage_taken":0.0,"cards_obtained":["Dramatic Entrance","Double Tap"]},{"damage_healed":0.0,"max_hp_gain":0.0,"max_hp_loss":0.0,"gold_gain":0.0,"event_name":"The Cleric","player_choice":"Leave","floor":14.0,"gold_loss":0.0,"damage_taken":0.0},{"damage_healed":0.0,"max_hp_gain":0.0,"max_hp_loss":0.0,"gold_gain":0.0,"event_name":"FaceTrader","player_choice":"Trade","floor":21.0,"gold_loss":0.0,"damage_taken":0.0,"relics_obtained":["SsserpentHead"]}],"is_beta":false,"boss_relics":[{"not_picked":["Coffee Dripper","Runic Cube"],"picked":"Snecko Eye"},{"not_picked":["Runic Pyramid","Eternal Feather"],"picked":"Runic Dome"}],"items_purged_floors":[4,19,53],"is_endless":false,"potions_floor_spawned":[3,6,10,16,18,22,25,31,33,35,40,42,48],"ascension_level":7}