{"gold_per_floor":[215,227,1,1,17,50,50,82,127,146,146,174,174,186,186,282,282,294,294,304,148,158,183,201,201,201,215,243,258,276,276,276,380,380,394,394,407,421,177,206,220,251,299,310,310,323,323,338,338,338,338,338,55,82,82],"floor_reached":56,"playtime":4275,"items_purged":["Strike_B","Defend_B","Strike_B"],"score":1455,"play_id":"aa3d35c9-d7c0-482f-93bb-8cdf004751be","local_time":"20190310210705","is_ascension_mode":true,"campfire_choices":[{"data":"Defragment","floor":7.0,"key":"SMITH"},{"data":"Echo Form","floor":11.0,"key":"SMITH"},{"data":"Ball Lightning","floor":15.0,"key":"SMITH"},{"floor":25.0,"key":"REST"},{"floor":32.0,"key":"REST"},{"floor":45.0,"key":"REST"},{"floor":49.0,"key":"RECALL"},{"floor":52.0,"key":"REST"}],"neow_cost":"NONE","seed_source_timestamp":766002428867854,"circlet_count":0,"master_deck":["Strike_B","Defend_B+1","Defend_B","Defend_B","Zap+1","Dualcast","Barrage","Ball Lightning+1","Defragment+1","Cold Snap","Glacier","Reinforced Body","Echo Form+1","Tempest","Echo Form","Capacitor","Barrage+1","Capacitor","Coolheaded+1","Core Surge","Conserve Battery+1","Buffer+1","Defragment","Seek","Blizzard","Defragment"],"special_seed":0,"relics":["Cracked Core","WarpedTongs","Mercury Hourglass","Bag of Preparation","Bottled Flame","Philosopher\u0027s Stone","Lantern","Orichalcum","Anchor","Fusion Hammer","War Paint","Question Card","Darkstone Periapt","Centennial Puzzle","Vajra"],"potions_floor_usage":[54,54,54,54,54,55],"damage_taken":[{"damage":0.0,"enemies":"Jaw Worm","floor":1.0,"turns":3.0},{"damage":0.0,"enemies":"Cultist","floor":2.0,"turns":3.0},{"damage":0.0,"enemies":"2 Louse","floor":5.0,"turns":2.0},{"damage":25.0,"enemies":"Lagavulin","floor":6.0,"turns":9.0},{"damage":11.0,"enemies":"3 Sentries","floor":8.0,"turns":5.0},{"damage":3.0,"enemies":"Blue Slaver","floor":10.0,"turns":2.0},{"damage":1.0,"enemies":"Lagavulin","floor":12.0,"turns":5.0},{"damage":5.0,"enemies":"Lots of Slimes","floor":14.0,"turns":2.0},{"damage":3.0,"enemies":"Slime Boss","floor":16.0,"turns":6.0},{"damage":6.0,"enemies":"Shell Parasite","floor":18.0,"turns":5.0},{"damage":0.0,"enemies":"Spheric Guardian","floor":20.0,"turns":4.0},{"damage":7.0,"enemies":"Centurion and Healer","floor":22.0,"turns":5.0},{"damage":33.0,"enemies":"Slavers","floor":23.0,"turns":5.0},{"damage":20.0,"enemies":"Snake Plant","floor":24.0,"turns":4.0},{"damage":8.0,"enemies":"3 Cultists","floor":27.0,"turns":4.0},{"damage":12.0,"enemies":"Gremlin Leader","floor":28.0,"turns":4.0},{"damage":10.0,"enemies":"Snecko","floor":29.0,"turns":4.0},{"damage":0.0,"enemies":"Sentry and Sphere","floor":30.0,"turns":5.0},{"damage":0.0,"enemies":"Colosseum Slavers","floor":31.0,"turns":4.0},{"damage":9.0,"enemies":"Collector","floor":33.0,"turns":7.0},{"damage":1.0,"enemies":"3 Shapes","floor":35.0,"turns":5.0},{"damage":0.0,"enemies":"Orb Walker","floor":37.0,"turns":3.0},{"damage":22.0,"enemies":"Spire Growth","floor":38.0,"turns":5.0},{"damage":0.0,"enemies":"Giant Head","floor":40.0,"turns":6.0},{"damage":0.0,"enemies":"Transient","floor":41.0,"turns":5.0},{"damage":31.0,"enemies":"Reptomancer","floor":42.0,"turns":5.0},{"damage":6.0,"enemies":"Writhing Mass","floor":44.0,"turns":5.0},{"damage":17.0,"enemies":"Jaw Worm Horde","floor":46.0,"turns":3.0},{"damage":0.0,"enemies":"Sphere and 2 Shapes","floor":48.0,"turns":4.0},{"damage":0.0,"enemies":"Time Eater","floor":50.0,"turns":7.0},{"damage":36,"enemies":"Shield and Spear","floor":54,"turns":8},{"damage":27,"enemies":"The Heart","floor":55,"turns":10}],"seed_played":"-7944738911141957408","potions_obtained":[{"floor":5.0,"key":"EntropicBrew"},{"floor":6.0,"key":"SpeedPotion"},{"floor":10.0,"key":"Swift Potion"},{"floor":22.0,"key":"SkillPotion"},{"floor":24.0,"key":"Regen Potion"},{"floor":30.0,"key":"Strength Potion"},{"floor":33.0,"key":"FearPotion"},{"floor":42.0,"key":"Weak Potion"},{"floor":46.0,"key":"Swift Potion"},{"floor":54,"key":"Strength Potion"}],"is_trial":false,"path_per_floor":["M","M","$","?","M","E","R","E","T","M","R","E","?","M","R","B",null,"M","?","M","$","M","E","M","R","T","M","E","M","M","?","R","B",null,"M","?","M","M","$","E","M","E","T","M","R","M","?","M","R","B",null,"R","$","E","B",null],"character_chosen":"DEFECT","items_purchased":["Defragment","Cold Snap","Glacier","Reinforced Body","Capacitor","War Paint","Blizzard","FearPotion","Defragment"],"campfire_rested":4,"item_purchase_floors":[3,3,3,3,21,39,53,53,53],"current_hp_per_floor":[75,75,75,75,75,50,50,39,39,36,36,35,35,30,30,27,75,69,69,69,69,62,29,9,31,31,35,23,13,13,13,35,26,75,74,74,74,52,52,52,52,21,21,15,37,20,20,20,20,20,75,75,75,51,24],"gold":82,"neow_bonus":"HUNDRED_GOLD","is_prod":false,"is_daily":false,"chose_seed":false,"campfire_upgraded":3,"win_rate":0,"timestamp":1552248425,"path_taken":["M","M","$","?","?","E","R","E","T","M","R","E","?","M","R","BOSS","M","?","M","$","M","E","M","R","T","?","E","M","M","?","R","BOSS","M","?","?","M","$","E","M","E","T","M","R","M","?","M","R","BOSS","R","$","E","BOSS"],"build_version":"2019-01-23","purchased_purges":3,"victory":true,"max_hp_per_floor":[75,75,75,75,75,75,75,75,75,75,75,75,75,75,75,75,75,75,75,75,75,75,75,75,75,75,75,75,75,75,75,75,75,75,75,75,75,75,75,75,75,75,75,75,75,75,75,75,75,75,75,75,75,75,75],"card_choices":[{"not_picked":["Gash","Steam"],"picked":"Barrage","floor":1.0},{"not_picked":["Compile Driver","Beam Cell"],"picked":"Ball Lightning","floor":2.0},{"not_picked":["Skim","Gash"],"picked":"Echo Form","floor":5.0},{"not_picked":["BootSequence","Force Field","Leap"],"picked":"SKIP","floor":6.0},{"not_picked":["Stack","Reinforced Body","Doom and Gloom"],"picked":"SKIP","floor":8.0},{"not_picked":["Double Energy","Turbo","Beam Cell"],"picked":"SKIP","floor":10.0},{"not_picked":["Cold Snap","Leap"],"picked":"Tempest","floor":12.0},{"not_picked":["Compile Driver","Turbo","Sunder"],"picked":"SKIP","floor":14.0},{"not_picked":["Multi-Cast","Meteor Strike"],"picked":"Echo Form","floor":16.0},{"not_picked":["Redo","Gash","Hello World"],"picked":"SKIP","floor":18.0},{"not_picked":["Doom and Gloom","Go for the Eyes+1"],"picked":"Barrage+1","floor":20.0},{"not_picked":["Storm","Steam"],"picked":"Coolheaded+1","floor":22.0},{"not_picked":["Capacitor","Rebound"],"picked":"Core Surge","floor":23.0},{"not_picked":["Rebound","Storm+1"],"picked":"Conserve Battery+1","floor":24.0},{"not_picked":["Cold Snap","Steam","Reinforced Body"],"picked":"SKIP","floor":27.0},{"not_picked":["Creative AI","Rebound","Skim+1"],"picked":"SKIP","floor":28.0},{"not_picked":["Go for the Eyes","Hologram","Cold Snap"],"picked":"SKIP","floor":29.0},{"not_picked":["Scrape","Reinforced Body","Turbo"],"picked":"SKIP","floor":30.0},{"not_picked":["Rainbow","Core Surge"],"picked":"Buffer","floor":33.0},{"not_picked":["Conserve Battery+1","Beam Cell+1"],"picked":"Defragment","floor":35.0},{"not_picked":["Barrage+1","Steam","Heatsinks+1"],"picked":"SKIP","floor":37.0},{"not_picked":["Force Field","Rip and Tear","Turbo+1"],"picked":"SKIP","floor":38.0},{"not_picked":["Conserve Battery+1","Capacitor"],"picked":"Seek","floor":40.0},{"not_picked":["Stack+1","Hologram","Sunder+1","Redo+1"],"picked":"SKIP","floor":41.0},{"not_picked":["Turbo+1","Capacitor","Stack","Chaos"],"picked":"SKIP","floor":42.0},{"not_picked":["Melter","Turbo","Aggregate+1","Gash"],"picked":"SKIP","floor":44.0},{"not_picked":["Beam Cell+1","Undo","Double Energy","Melter"],"picked":"SKIP","floor":46.0},{"not_picked":["Aggregate","Rip and Tear","Sweeping Beam+1","Gash+1"],"picked":"SKIP","floor":48.0},{"not_picked":["FTL+1","Skim","Leap+1","Aggregate"],"picked":"SKIP","floor":54}],"player_experience":54564,"relics_obtained":[{"floor":6.0,"key":"Mercury Hourglass"},{"floor":8.0,"key":"Bag of Preparation"},{"floor":12.0,"key":"Bottled Flame"},{"floor":23.0,"key":"Lantern"},{"floor":26.0,"key":"Orichalcum"},{"floor":28.0,"key":"Anchor"},{"floor":40.0,"key":"Question Card"},{"floor":42.0,"key":"Darkstone Periapt"},{"floor":43.0,"key":"Centennial Puzzle"},{"floor":54,"key":"Vajra"}],"event_choices":[{"damage_healed":0.0,"max_hp_gain":0.0,"max_hp_loss":0.0,"gold_gain":0.0,"event_name":"Accursed Blacksmith","player_choice":"Rummage","floor":4.0,"gold_loss":0.0,"damage_taken":0.0,"relics_obtained":["WarpedTongs"],"cards_obtained":["Pain"]},{"cards_removed":["Pain"],"damage_healed":0.0,"max_hp_gain":0.0,"max_hp_loss":0.0,"gold_gain":0.0,"event_name":"Living Wall","player_choice":"Forget","floor":13.0,"gold_loss":0.0,"damage_taken":0.0},{"damage_healed":0.0,"max_hp_gain":0.0,"max_hp_loss":0.0,"gold_gain":0.0,"cards_transformed":["Strike_B"],"event_name":"Transmorgrifier","player_choice":"Transformed","floor":19.0,"gold_loss":0.0,"damage_taken":0.0,"cards_obtained":["Capacitor"]},{"damage_healed":0.0,"max_hp_gain":0.0,"max_hp_loss":0.0,"gold_gain":0.0,"event_name":"Colosseum","player_choice":"Fight","floor":31.0,"gold_loss":0.0,"damage_taken":0.0},{"damage_healed":0.0,"max_hp_gain":0.0,"max_hp_loss":0.0,"gold_gain":0.0,"event_name":"Colosseum","player_choice":"Fled From Nobs","floor":31.0,"gold_loss":0.0,"damage_taken":0.0},{"damage_healed":0.0,"max_hp_gain":0.0,"max_hp_loss":0.0,"gold_gain":0.0,"event_name":"Upgrade Shrine","player_choice":"Upgraded","floor":36.0,"gold_loss":0.0,"damage_taken":0.0,"cards_upgraded":["Buffer"]},{"damage_healed":0.0,"max_hp_gain":0.0,"max_hp_loss":0.0,"gold_gain":0.0,"event_name":"SensoryStone","player_choice":"Memory 1","floor":47.0,"gold_loss":0.0,"damage_taken":0.0}],"is_beta":false,"boss_relics":[{"not_picked":["Pandora\u0027s Box","Runic Dome"],"picked":"Philosopher\u0027s Stone"},{"not_picked":["Coffee Dripper","White Beast Statue"],"picked":"Fusion Hammer"}],"items_purged_floors":[21,39,53],"is_endless":false,"potions_floor_spawned":[5,6,10,14,22,23,24,30,33,37,38,40,42,46,54],"ascension_level":3}