{"gold_per_floor":[109,34,53,53,53,53,87,87,87,87,106,125,125,165,165,256,256,270,270,288,313,331,331,375,388,388,388,388,17,17,57,57,150,150,169,0,13,71,89,89,89,122,122,122,122,157,157,24,24,24,24],"floor_reached":52,"playtime":1937,"items_purged":["Strike_G","Doubt"],"score":2058,"play_id":"c1bcc385-2fef-4098-94f2-abf5fd257dfb","local_time":"20190617193107","is_ascension_mode":true,"campfire_choices":[{"data":"Blade Dance","floor":6.0,"key":"SMITH"},{"data":"Neutralize","floor":8.0,"key":"SMITH"},{"floor":15.0,"key":"REST"},{"floor":23.0,"key":"REST"},{"floor":27.0,"key":"REST"},{"data":"Cloak And Dagger","floor":30.0,"key":"SMITH"},{"data":"A Thousand Cuts","floor":32.0,"key":"SMITH"},{"floor":40.0,"key":"REST"},{"data":"After Image","floor":41.0,"key":"SMITH"},{"floor":44.0,"key":"REST"},{"floor":47.0,"key":"REST"},{"data":"Cloak And Dagger","floor":49.0,"key":"SMITH"}],"neow_cost":"NONE","seed_source_timestamp":270748343912081,"circlet_count":0,"master_deck":["AscendersBane","Defend_G","Defend_G","Defend_G","Defend_G","Defend_G","Strike_G","Strike_G","Survivor","Neutralize+1","Blade Dance+1","Leg Sweep","Blur","All Out Attack","Backstab","Slice","Tools of the Trade","Infinite Blades","Corpse Explosion","Blade Dance+1","Backflip","Cloak And Dagger+1","Infinite Blades","Backstab","PiercingWail","A Thousand Cuts+1","After Image+1","Backstab","Slice","Parasite","Cloak And Dagger+1","Bullet Time"],"special_seed":0,"relics":["Ring of the Snake","NeowsBlessing","Golden Idol","Matryoshka","Anchor","Shuriken","Bag of Marbles","Turnip","Dream Catcher","Bronze Scales","WristBlade","StoneCalendar","Smiling Mask","MutagenicStrength","Du-Vu Doll","WingedGreaves","Lizard Tail","Red Mask","Nunchaku","Incense Burner","Lantern"],"potions_floor_usage":[],"damage_taken":[{"damage":0.0,"enemies":"2 Louse","floor":1.0,"turns":1.0},{"damage":0.0,"enemies":"Jaw Worm","floor":3.0,"turns":1.0},{"damage":0.0,"enemies":"Gremlin Nob","floor":7.0,"turns":1.0},{"damage":0.0,"enemies":"Cultist","floor":11.0,"turns":3.0},{"damage":0.0,"enemies":"Exordium Wildlife","floor":12.0,"turns":3.0},{"damage":23.0,"enemies":"Lagavulin","floor":14.0,"turns":7.0},{"damage":10.0,"enemies":"Slime Boss","floor":16.0,"turns":6.0},{"damage":14.0,"enemies":"Spheric Guardian","floor":18.0,"turns":5.0},{"damage":20.0,"enemies":"Chosen","floor":20.0,"turns":4.0},{"damage":0.0,"enemies":"Snecko","floor":21.0,"turns":2.0},{"damage":8.0,"enemies":"Cultist and Chosen","floor":22.0,"turns":5.0},{"damage":0.0,"enemies":"Slavers","floor":24.0,"turns":2.0},{"damage":0.0,"enemies":"Snake Plant","floor":25.0,"turns":3.0},{"damage":0.0,"enemies":"Gremlin Leader","floor":31.0,"turns":3.0},{"damage":31.0,"enemies":"Collector","floor":33.0,"turns":7.0},{"damage":0.0,"enemies":"Orb Walker","floor":35.0,"turns":1.0},{"damage":24.0,"enemies":"3 Darklings","floor":37.0,"turns":3.0},{"damage":0.0,"enemies":"2 Orb Walkers","floor":38.0,"turns":1.0},{"damage":26.0,"enemies":"Writhing Mass","floor":39.0,"turns":6.0},{"damage":18.0,"enemies":"Nemesis","floor":42.0,"turns":5.0},{"damage":31.0,"enemies":"Giant Head","floor":46.0,"turns":6.0},{"damage":23.0,"enemies":"Time Eater","floor":50.0,"turns":7.0},{"damage":72,"enemies":"Awakened One","floor":51,"turns":13}],"seed_played":"795935630081661319","potions_obtained":[{"floor":1.0,"key":"Fire Potion"},{"floor":11.0,"key":"Strength Potion"},{"floor":12.0,"key":"Dexterity Potion"},{"floor":20.0,"key":"GhostInAJar"},{"floor":21.0,"key":"GamblersBrew"},{"floor":31.0,"key":"Strength Potion"},{"floor":37.0,"key":"Fire Potion"},{"floor":39.0,"key":"GhostInAJar"},{"floor":46.0,"key":"Explosive Potion"}],"is_trial":false,"path_per_floor":["M","?","M","$","?","R","E","R","T","T","M","M","?","E","R","B",null,"M","?","M","M","M","R","E","M","T","R","?","$","R","E","R","B",null,"M","?","M","?","M","R","R","E","T","R","?","E","R","$","R","B","B",null],"character_chosen":"THE_SILENT","items_purchased":["Du-Vu Doll","Regen Potion"],"campfire_rested":6,"item_purchase_floors":[29,48],"current_hp_per_floor":[59,59,59,59,36,36,36,36,36,36,36,36,25,2,21,11,52,38,38,18,18,10,29,29,29,29,48,48,48,48,48,48,17,54,54,54,30,30,4,23,23,5,5,24,66,35,54,54,54,46,13],"gold":24,"neow_bonus":"THREE_ENEMY_KILL","is_prod":false,"is_daily":false,"chose_seed":false,"campfire_upgraded":6,"win_rate":0,"timestamp":1560792667,"path_taken":["M","?","M","$","?","R","E","R","T","?","?","M","?","E","R","BOSS","M","?","?","M","M","R","E","M","T","R","?","$","R","E","R","BOSS","M","?","M","?","M","R","R","E","T","R","?","E","R","$","R","BOSS","BOSS"],"build_version":"2019-01-23","purchased_purges":2,"victory":true,"max_hp_per_floor":[66,66,66,66,66,66,66,66,66,66,66,66,66,66,66,66,66,66,66,66,66,66,66,66,66,66,66,66,66,66,66,66,66,66,66,66,66,66,66,66,66,66,66,66,66,66,66,66,66,66,66],"card_choices":[{"not_picked":["Reflex","Dagger Throw"],"picked":"Blade Dance","floor":1.0},{"not_picked":["Blade Dance","Bane"],"picked":"Leg Sweep","floor":3.0},{"not_picked":["Eviscerate","Dagger Throw"],"picked":"Blur","floor":7.0},{"not_picked":["Quick Slash","Dodge and Roll"],"picked":"All Out Attack","floor":11.0},{"not_picked":["Storm of Steel","Outmaneuver"],"picked":"Backstab","floor":12.0},{"not_picked":["Deflect","Leg Sweep","Distraction"],"picked":"SKIP","floor":14.0},{"not_picked":["Deadly Poison","Dagger Throw"],"picked":"Slice","floor":15.0},{"not_picked":["Malaise","Grand Finale"],"picked":"Tools of the Trade","floor":16.0},{"not_picked":["Deadly Poison","PiercingWail"],"picked":"Infinite Blades","floor":18.0},{"not_picked":["Eviscerate","Accuracy"],"picked":"Blade Dance+1","floor":20.0},{"not_picked":["Outmaneuver","Masterful Stab"],"picked":"Backflip","floor":21.0},{"not_picked":["Catalyst","Acrobatics"],"picked":"Cloak And Dagger","floor":22.0},{"not_picked":["Choke","Prepared"],"picked":"Infinite Blades","floor":23.0},{"not_picked":["Distraction","Blade Dance","Eviscerate"],"picked":"SKIP","floor":24.0},{"not_picked":["Sucker Punch","Flying Knee"],"picked":"Backstab","floor":25.0},{"not_picked":["Blade Dance","Dash"],"picked":"PiercingWail","floor":27.0},{"not_picked":["Dagger Spray","Poisoned Stab"],"picked":"A Thousand Cuts","floor":31.0},{"not_picked":["Night Terror","Venomology"],"picked":"After Image","floor":33.0},{"not_picked":["Acrobatics","Dodge and Roll"],"picked":"Backstab","floor":35.0},{"not_picked":["Dash","Predator","Slice"],"picked":"SKIP","floor":37.0},{"not_picked":["Dash","Predator"],"picked":"Slice","floor":37.0},{"not_picked":["Bouncing Flask","PiercingWail"],"picked":"Cloak And Dagger","floor":39.0},{"not_picked":["Underhanded Strike","Unload"],"picked":"Bullet Time","floor":42.0},{"not_picked":["Sucker Punch+1","Predator","Blade Dance"],"picked":"SKIP","floor":46.0}],"player_experience":590119,"relics_obtained":[{"floor":7.0,"key":"Matryoshka"},{"floor":9.0,"key":"Anchor"},{"floor":9.0,"key":"Shuriken"},{"floor":10.0,"key":"Bag of Marbles"},{"floor":10.0,"key":"Turnip"},{"floor":14.0,"key":"Bronze Scales"},{"floor":24.0,"key":"StoneCalendar"},{"floor":26.0,"key":"Smiling Mask"},{"floor":31.0,"key":"WingedGreaves"},{"floor":38.0,"key":"Nunchaku"},{"floor":42.0,"key":"Incense Burner"},{"floor":46.0,"key":"Lantern"}],"event_choices":[{"cards_removed":["Strike_G"],"damage_healed":0.0,"max_hp_gain":0.0,"max_hp_loss":0.0,"gold_gain":0.0,"event_name":"The Cleric","player_choice":"Card Removal","floor":2.0,"gold_loss":75.0,"damage_taken":0.0},{"damage_healed":0.0,"max_hp_gain":0.0,"max_hp_loss":0.0,"gold_gain":0.0,"event_name":"Golden Idol","player_choice":"Take Damage","floor":5.0,"gold_loss":0.0,"damage_taken":23.0,"relics_obtained":["Golden Idol"]},{"damage_healed":0.0,"max_hp_gain":0.0,"max_hp_loss":0.0,"gold_gain":0.0,"event_name":"Scrap Ooze","player_choice":"Success","floor":13.0,"gold_loss":0.0,"damage_taken":11.0,"relics_obtained":["Dream Catcher"]},{"damage_healed":0.0,"max_hp_gain":0.0,"max_hp_loss":0.0,"gold_gain":0.0,"cards_transformed":["Strike_G"],"event_name":"Transmorgrifier","player_choice":"Transformed","floor":19.0,"gold_loss":0.0,"damage_taken":0.0,"cards_obtained":["Corpse Explosion"]},{"damage_healed":0.0,"max_hp_gain":0.0,"max_hp_loss":0.0,"gold_gain":0.0,"event_name":"Drug Dealer","player_choice":"Inject Mutagens","floor":28.0,"gold_loss":0.0,"damage_taken":0.0,"relics_obtained":["MutagenicStrength"]},{"damage_healed":0.0,"max_hp_gain":0.0,"max_hp_loss":0.0,"gold_gain":0.0,"event_name":"Tomb of Lord Red Mask","player_choice":"Paid","floor":36.0,"gold_loss":169.0,"damage_taken":0.0,"relics_obtained":["Red Mask"]},{"damage_healed":0.0,"max_hp_gain":0.0,"max_hp_loss":0.0,"gold_gain":0.0,"event_name":"Mysterious Sphere","player_choice":"Fight","floor":38.0,"gold_loss":0.0,"damage_taken":0.0},{"damage_healed":42.0,"max_hp_gain":0.0,"max_hp_loss":0.0,"gold_gain":0.0,"event_name":"MindBloom","player_choice":"Heal","floor":45.0,"gold_loss":0.0,"damage_taken":0.0,"cards_obtained":["Doubt"]}],"is_beta":false,"boss_relics":[{"not_picked":["Pandora\u0027s Box","Eternal Feather"],"picked":"WristBlade"},{"not_picked":["Snecko Eye","Runic Pyramid"],"picked":"Lizard Tail"}],"items_purged_floors":[29,48],"is_endless":false,"potions_floor_spawned":[1,11,12,20,21,31,37,39,46],"ascension_level":20}