{"gold_per_floor":[167,39,59,9,9,9,27,54,77,96,122,135,135,148,148,245,245,259,55,69,87,12,41,41,76,99,126,126,142,142,92,92,190,190,210,110,110,124,141,170,186,202,202,218,253,269,301,311,311,311],"floor_reached":50,"playtime":2472,"items_purged":["Strike_B","Strike_B"],"score":911,"play_id":"0468f2ba-4316-4b43-9740-d2fd3e05a221","local_time":"20190322233052","is_ascension_mode":true,"campfire_choices":[{"data":"Scrape","floor":6.0,"key":"SMITH"},{"data":"Zap","floor":13.0,"key":"SMITH"},{"data":"Dualcast","floor":15.0,"key":"SMITH"},{"floor":24.0,"key":"REST"},{"floor":28.0,"key":"REST"},{"data":"All For One","floor":30.0,"key":"SMITH"},{"data":"Reinforced Body","floor":32.0,"key":"SMITH"},{"data":"Reinforced Body","floor":49.0,"key":"SMITH"}],"neow_cost":"NONE","seed_source_timestamp":164352772912447,"circlet_count":0,"master_deck":["Defend_B+1","Defend_B","Defend_B+1","Defend_B","Zap+1","Dualcast+1","Glacier","Gash+1","Gash","Scrape+1","Genetic Algorithm+1","Ball Lightning","Reinforced Body+1","Echo Form","Gash+1","All For One+1","Sweeping Beam+1","Go for the Eyes+1","Machine Learning","Reinforced Body+1","Gash+1","Go for the Eyes+1","Hologram+1"],"special_seed":0,"relics":["Tiny House","Blood Vial","Centennial Puzzle","Oddly Smooth Stone","Black Star","Chemical X","Cables","Molten Egg 2","Bag of Marbles","Orichalcum","War Paint","Kunai","Boot","Coffee Dripper","Torii","Bottled Flame","Pen Nib","Symbiotic Virus","Omamori","Gambling Chip","Whetstone"],"potions_floor_usage":[50],"damage_taken":[{"damage":0.0,"enemies":"2 Louse","floor":1.0,"turns":2.0},{"damage":0.0,"enemies":"Cultist","floor":3.0,"turns":3.0},{"damage":0.0,"enemies":"Small Slimes","floor":7.0,"turns":4.0},{"damage":0.0,"enemies":"Lagavulin","floor":8.0,"turns":6.0},{"damage":1.0,"enemies":"Looter","floor":10.0,"turns":3.0},{"damage":9.0,"enemies":"3 Sentries","floor":11.0,"turns":7.0},{"damage":1.0,"enemies":"Red Slaver","floor":12.0,"turns":4.0},{"damage":9.0,"enemies":"Exordium Thugs","floor":14.0,"turns":4.0},{"damage":25.0,"enemies":"Slime Boss","floor":16.0,"turns":8.0},{"damage":5.0,"enemies":"2 Thieves","floor":18.0,"turns":4.0},{"damage":18.0,"enemies":"3 Byrds","floor":20.0,"turns":5.0},{"damage":11.0,"enemies":"Centurion and Healer","floor":21.0,"turns":7.0},{"damage":4.0,"enemies":"Gremlin Leader","floor":23.0,"turns":4.0},{"damage":21.0,"enemies":"Book of Stabbing","floor":25.0,"turns":6.0},{"damage":24.0,"enemies":"Slavers","floor":27.0,"turns":4.0},{"damage":2.0,"enemies":"Snake Plant","floor":29.0,"turns":3.0},{"damage":7.0,"enemies":"Collector","floor":33.0,"turns":7.0},{"damage":0.0,"enemies":"Orb Walker","floor":35.0,"turns":4.0},{"damage":0.0,"enemies":"3 Shapes","floor":38.0,"turns":4.0},{"damage":16.0,"enemies":"3 Darklings","floor":39.0,"turns":4.0},{"damage":12.0,"enemies":"Nemesis","floor":40.0,"turns":6.0},{"damage":41.0,"enemies":"4 Shapes","floor":41.0,"turns":6.0},{"damage":1.0,"enemies":"Jaw Worm Horde","floor":42.0,"turns":4.0},{"damage":7.0,"enemies":"Writhing Mass","floor":44.0,"turns":5.0},{"damage":0.0,"enemies":"Reptomancer","floor":45.0,"turns":4.0},{"damage":1.0,"enemies":"Transient","floor":46.0,"turns":5.0},{"damage":1.0,"enemies":"Nemesis","floor":47.0,"turns":8.0},{"damage":1.0,"enemies":"Sphere and 2 Shapes","floor":48.0,"turns":3.0},{"damage":21,"enemies":"Time Eater","floor":50,"turns":5}],"seed_played":"4070468219196218174","potions_obtained":[{"floor":0.0,"key":"AttackPotion"},{"floor":3.0,"key":"SkillPotion"},{"floor":7.0,"key":"SkillPotion"},{"floor":8.0,"key":"Ancient Potion"},{"floor":11.0,"key":"Poison Potion"},{"floor":12.0,"key":"SteroidPotion"},{"floor":20.0,"key":"Poison Potion"},{"floor":23.0,"key":"Block Potion"},{"floor":29.0,"key":"Energy Potion"},{"floor":38.0,"key":"Fire Potion"},{"floor":39.0,"key":"LiquidBronze"},{"floor":42.0,"key":"Strength Potion"},{"floor":44.0,"key":"PowerPotion"}],"is_trial":false,"path_per_floor":["M","$","M","?","?","R","M","E","T","M","E","M","R","M","R","B",null,"M","$","M","M","$","E","R","E","T","E","R","M","R","?","R","B",null,"M","$","?","M","M","E","M","M","T","M","E","M","E","M","R","B"],"character_chosen":"DEFECT","items_purchased":["Gash","Scrape","Chemical X"],"campfire_rested":2,"item_purchase_floors":[2,2,19],"current_hp_per_floor":[73,73,73,73,73,73,73,73,73,74,67,68,68,61,61,38,70,67,67,51,42,42,40,64,45,45,23,47,47,47,47,47,42,71,73,73,73,75,61,51,12,13,13,8,10,11,12,13,13,0],"gold":311,"neow_bonus":"BOSS_RELIC","is_prod":false,"is_daily":false,"chose_seed":false,"campfire_upgraded":6,"win_rate":0,"timestamp":1553293852,"path_taken":["M","$","M","?","?","R","M","E","T","M","E","M","R","M","R","BOSS","M","$","M","M","?","E","R","E","T","E","R","M","R","?","R","BOSS","M","?","?","?","M","E","M","M","T","M","E","M","E","M","R","BOSS"],"build_version":"2019-01-23","purchased_purges":2,"victory":false,"max_hp_per_floor":[80,80,80,80,80,80,80,80,80,80,80,80,80,80,80,80,80,80,80,80,80,80,80,80,80,80,80,80,80,80,80,80,80,80,80,80,80,80,80,80,80,80,80,80,80,80,80,80,80,80],"card_choices":[{"not_picked":["Redo","Hologram"],"picked":"Glacier","floor":0.0},{"not_picked":["Blizzard","Hologram"],"picked":"Gash","floor":1.0},{"not_picked":["Coolheaded","Hologram"],"picked":"Genetic Algorithm","floor":3.0},{"not_picked":["Sunder","Aggregate","Ball Lightning"],"picked":"SKIP","floor":7.0},{"not_picked":["Consume","Auto Shields"],"picked":"Reinforced Body","floor":8.0},{"not_picked":["Cold Snap","Compile Driver","Lockon"],"picked":"SKIP","floor":10.0},{"not_picked":["Ball Lightning","Lockon","Defragment"],"picked":"SKIP","floor":11.0},{"not_picked":["Stack","Consume"],"picked":"Echo Form","floor":12.0},{"not_picked":["Hologram","Chaos"],"picked":"Gash","floor":14.0},{"not_picked":["Multi-Cast","Machine Learning"],"picked":"All For One","floor":16.0},{"not_picked":["Aggregate","Recycle+1","Leap"],"picked":"SKIP","floor":18.0},{"not_picked":["Force Field","Compile Driver+1","Double Energy"],"picked":"SKIP","floor":20.0},{"not_picked":["Force Field","Compile Driver+1","Double Energy"],"picked":"SKIP","floor":20.0},{"not_picked":["Compile Driver+1","Stack"],"picked":"Sweeping Beam+1","floor":21.0},{"not_picked":["Capacitor+1","Beam Cell"],"picked":"Go for the Eyes+1","floor":23.0},{"not_picked":["Force Field","Stack+1","Cold Snap+1"],"picked":"SKIP","floor":25.0},{"not_picked":["Steam","Recycle+1","Leap"],"picked":"SKIP","floor":27.0},{"not_picked":["Chaos","Fusion","Turbo+1"],"picked":"SKIP","floor":29.0},{"not_picked":["Hyperbeam+1","Echo Form"],"picked":"Machine Learning","floor":33.0},{"not_picked":["Leap","Gash+1"],"picked":"Reinforced Body","floor":35.0},{"not_picked":["Stack+1","Barrage+1"],"picked":"Go for the Eyes+1","floor":38.0},{"not_picked":["Sweeping Beam+1","Barrage+1","Storm+1"],"picked":"SKIP","floor":39.0},{"not_picked":["Coolheaded","Cold Snap+1","Go for the Eyes+1"],"picked":"SKIP","floor":40.0},{"not_picked":["Chaos","Redo","Undo"],"picked":"SKIP","floor":41.0},{"not_picked":["Leap","Coolheaded+1","Barrage+1"],"picked":"SKIP","floor":42.0},{"not_picked":["White Noise","Aggregate+1","Fusion+1"],"picked":"SKIP","floor":44.0},{"not_picked":["Double Energy","Chaos+1","Melter+1"],"picked":"SKIP","floor":45.0},{"not_picked":["Aggregate","Leap","Rebound+1"],"picked":"SKIP","floor":46.0},{"not_picked":["Sunder+1","Defragment+1","Multi-Cast"],"picked":"SKIP","floor":47.0},{"not_picked":["Barrage+1","Skim+1"],"picked":"Hologram+1","floor":48.0}],"player_experience":134868,"relics_obtained":[{"floor":8.0,"key":"Blood Vial"},{"floor":9.0,"key":"Centennial Puzzle"},{"floor":11.0,"key":"Oddly Smooth Stone"},{"floor":23.0,"key":"Cables"},{"floor":23.0,"key":"Molten Egg 2"},{"floor":25.0,"key":"Bag of Marbles"},{"floor":25.0,"key":"Orichalcum"},{"floor":26.0,"key":"War Paint"},{"floor":27.0,"key":"Kunai"},{"floor":27.0,"key":"Boot"},{"floor":40.0,"key":"Torii"},{"floor":40.0,"key":"Bottled Flame"},{"floor":43.0,"key":"Pen Nib"},{"floor":45.0,"key":"Symbiotic Virus"},{"floor":45.0,"key":"Omamori"},{"floor":47.0,"key":"Gambling Chip"},{"floor":47.0,"key":"Whetstone"}],"event_choices":[{"cards_removed":["Strike_B"],"damage_healed":0.0,"max_hp_gain":0.0,"max_hp_loss":0.0,"gold_gain":0.0,"event_name":"The Cleric","player_choice":"Card Removal","floor":4.0,"gold_loss":50.0,"damage_taken":0.0},{"damage_healed":0.0,"max_hp_gain":0.0,"max_hp_loss":0.0,"gold_gain":0.0,"cards_transformed":["Strike_B"],"event_name":"Transmorgrifier","player_choice":"Transformed","floor":5.0,"gold_loss":0.0,"damage_taken":0.0,"cards_obtained":["Ball Lightning"]},{"damage_healed":0.0,"max_hp_gain":0.0,"max_hp_loss":0.0,"gold_gain":0.0,"event_name":"The Joust","player_choice":"Bet on Murderer","floor":31.0,"gold_loss":50.0,"damage_taken":0.0},{"damage_healed":0.0,"max_hp_gain":0.0,"max_hp_loss":0.0,"gold_gain":0.0,"event_name":"Duplicator","player_choice":"Copied","floor":37.0,"gold_loss":0.0,"damage_taken":0.0,"cards_obtained":["Gash"]}],"is_beta":false,"boss_relics":[{"not_picked":["Busted Crown","Calling Bell"],"picked":"Black Star"},{"not_picked":["Nuclear Battery","Astrolabe"],"picked":"Coffee Dripper"}],"items_purged_floors":[22,36],"is_endless":false,"potions_floor_spawned":[3,7,8,11,12,20,23,29,38,39,41,42,44],"killed_by":"Time Eater","ascension_level":7}