{"gold_per_floor":[112,112,130,110,130,156,167,192,192,192,220,234,250,275,275,380,380,391,401,416,430,199,231,231,258,281,281,57,7,7,23,23,119,119,138,150,170,570,670,702,716,716],"floor_reached":42,"playtime":3201,"items_purged":["Strike_R"],"score":675,"play_id":"fa223750-b67a-4ee3-9d6c-78b24f4eb8d1","local_time":"20190311145301","is_ascension_mode":true,"campfire_choices":[{"data":"Flame Barrier","floor":10.0,"key":"SMITH"},{"floor":15.0,"key":"REST"},{"floor":24.0,"key":"REST"},{"data":"True Grit","floor":27.0,"key":"SMITH"},{"floor":30.0,"key":"REST"},{"data":"Evolve","floor":32.0,"key":"SMITH"}],"neow_cost":"NONE","seed_source_timestamp":831283491063310,"circlet_count":0,"master_deck":["Strike_R","Strike_R","Strike_R","Strike_R","Defend_R","Defend_R","Defend_R","Defend_R","Bash+1","Evolve+1","Flame Barrier+1","Blood for Blood","Feed+1","Combust","Clothesline","Shrug It Off","Shrug It Off","Iron Wave","Reaper","Spot Weakness","Wild Strike","True Grit+1","Rupture","Wild Strike+1","Fiend Fire","Second Wind+1","Power Through+1","Sentinel+1"],"special_seed":0,"relics":["Burning Blood","NeowsBlessing","Bronze Scales","Whetstone","Question Card","Charon\u0027s Ashes","Art of War","Sozu","Centennial Puzzle","Ancient Tea Set","Regal Pillow","Anchor","Dream Catcher","Mark of Pain","Old Coin","Juzu Bracelet"],"potions_floor_usage":[],"damage_taken":[{"damage":0.0,"enemies":"2 Louse","floor":1.0,"turns":1.0},{"damage":0.0,"enemies":"Cultist","floor":3.0,"turns":1.0},{"damage":0.0,"enemies":"Small Slimes","floor":5.0,"turns":1.0},{"damage":36.0,"enemies":"Gremlin Nob","floor":6.0,"turns":4.0},{"damage":26.0,"enemies":"Exordium Wildlife","floor":7.0,"turns":5.0},{"damage":19.0,"enemies":"Lagavulin","floor":8.0,"turns":7.0},{"damage":16.0,"enemies":"Gremlin Nob","floor":11.0,"turns":3.0},{"damage":4.0,"enemies":"Exordium Thugs","floor":12.0,"turns":3.0},{"damage":14.0,"enemies":"Gremlin Gang","floor":13.0,"turns":4.0},{"damage":15.0,"enemies":"Lagavulin","floor":14.0,"turns":7.0},{"damage":32.0,"enemies":"Slime Boss","floor":16.0,"turns":9.0},{"damage":27.0,"enemies":"Spheric Guardian","floor":18.0,"turns":5.0},{"damage":3.0,"enemies":"Chosen","floor":19.0,"turns":4.0},{"damage":30.0,"enemies":"Centurion and Healer","floor":20.0,"turns":7.0},{"damage":28.0,"enemies":"Sentry and Sphere","floor":21.0,"turns":5.0},{"damage":57.0,"enemies":"Slavers","floor":23.0,"turns":4.0},{"damage":25.0,"enemies":"Gremlin Leader","floor":25.0,"turns":6.0},{"damage":15.0,"enemies":"Snake Plant","floor":31.0,"turns":4.0},{"damage":57.0,"enemies":"Champ","floor":33.0,"turns":11.0},{"damage":25.0,"enemies":"3 Darklings","floor":35.0,"turns":6.0},{"damage":17.0,"enemies":"3 Shapes","floor":36.0,"turns":3.0},{"damage":26.0,"enemies":"Writhing Mass","floor":37.0,"turns":6.0},{"damage":17.0,"enemies":"Mind Bloom Boss Battle","floor":38.0,"turns":8.0},{"damage":56.0,"enemies":"Nemesis","floor":40.0,"turns":9.0},{"damage":33,"enemies":"Maw","floor":41,"turns":8},{"damage":41,"enemies":"3 Darklings","floor":42,"turns":5}],"seed_played":"86153723470434733","potions_obtained":[{"floor":3.0,"key":"SpeedPotion"},{"floor":4.0,"key":"Strength Potion"},{"floor":5.0,"key":"SpeedPotion"},{"floor":8.0,"key":"Fire Potion"},{"floor":11.0,"key":"AttackPotion"},{"floor":13.0,"key":"Strength Potion"},{"floor":14.0,"key":"Swift Potion"}],"is_trial":false,"path_per_floor":["M","?","M","?","M","E","M","E","T","R","E","M","M","E","R","B",null,"M","M","M","M","$","E","R","E","T","R","$","?","R","M","R","B",null,"M","M","M","?","?","E","M","M"],"character_chosen":"IRONCLAD","items_purchased":["Centennial Puzzle","Dream Catcher","Rupture"],"campfire_rested":3,"item_purchase_floors":[22,28,28],"current_hp_per_floor":[80,85,85,85,85,55,38,25,25,25,15,21,17,8,36,10,96,83,90,80,58,58,7,37,28,28,28,28,28,73,71,71,27,104,101,94,74,84,84,42,31,0],"gold":716,"neow_bonus":"THREE_ENEMY_KILL","is_prod":false,"is_daily":false,"chose_seed":false,"campfire_upgraded":3,"win_rate":0,"timestamp":1552312381,"path_taken":["M","?","M","?","?","E","M","E","T","R","E","M","M","E","R","BOSS","M","M","M","M","$","E","R","E","T","R","$","?","R","?","R","BOSS","M","M","M","?","?","E","M","M"],"build_version":"2019-01-23","purchased_purges":1,"victory":false,"max_hp_per_floor":[80,85,85,85,85,85,88,88,88,88,88,92,96,96,96,96,96,100,100,100,100,100,100,100,100,100,100,100,100,100,104,104,104,104,104,108,108,108,108,108,112,112],"card_choices":[{"not_picked":["Armaments","Anger"],"picked":"Evolve","floor":1.0},{"not_picked":["Havoc","Entrench"],"picked":"Flame Barrier","floor":3.0},{"not_picked":["Corruption","Bloodletting"],"picked":"Blood for Blood","floor":5.0},{"not_picked":["Bloodletting","Battle Trance"],"picked":"Feed","floor":6.0},{"not_picked":["Hemokinesis","Seeing Red"],"picked":"Combust","floor":7.0},{"not_picked":["Metallicize","Searing Blow"],"picked":"Clothesline","floor":8.0},{"not_picked":["Havoc","Offering","Clash"],"picked":"Shrug It Off","floor":11.0},{"not_picked":["Thunderclap","Twin Strike","Cleave"],"picked":"Shrug It Off","floor":12.0},{"not_picked":["Entrench","Uppercut","Twin Strike"],"picked":"Iron Wave","floor":13.0},{"not_picked":["Perfected Strike","Headbutt","Sword Boomerang","Body Slam"],"picked":"SKIP","floor":14.0},{"not_picked":["Bludgeon","Berserk","Limit Break"],"picked":"Reaper","floor":16.0},{"not_picked":["Shrug It Off+1","True Grit","Reckless Charge"],"picked":"Spot Weakness","floor":18.0},{"not_picked":["True Grit","Havoc+1","Headbutt","Carnage"],"picked":"SKIP","floor":19.0},{"not_picked":["Carnage","Warcry","Heavy Blade","Body Slam"],"picked":"SKIP","floor":20.0},{"not_picked":["Uppercut","Cleave+1","Exhume","Armaments"],"picked":"SKIP","floor":21.0},{"not_picked":["Cleave","Rampage+1","Intimidate+1"],"picked":"Wild Strike","floor":23.0},{"not_picked":["Perfected Strike+1","Ghostly Armor+1","Entrench"],"picked":"True Grit","floor":25.0},{"not_picked":["Intimidate","Iron Wave+1","Pommel Strike"],"picked":"Wild Strike+1","floor":30.0},{"not_picked":["Armaments","Twin Strike","Seeing Red","Thunderclap+1"],"picked":"SKIP","floor":31.0},{"not_picked":["Barricade","Juggernaut","Double Tap"],"picked":"Fiend Fire","floor":33.0},{"not_picked":["Perfected Strike+1","Clothesline","Spot Weakness+1"],"picked":"Second Wind+1","floor":35.0},{"not_picked":["Sentinel","Warcry","Cleave+1","Spot Weakness"],"picked":"SKIP","floor":36.0},{"not_picked":["Pommel Strike+1","Fire Breathing","Bloodletting","Flex+1"],"picked":"SKIP","floor":37.0},{"not_picked":["Pommel Strike","Wild Strike+1","Cleave+1"],"picked":"Power Through+1","floor":38.0},{"not_picked":["Perfected Strike","Corruption+1","Sword Boomerang+1"],"picked":"Sentinel+1","floor":40.0},{"not_picked":["Anger","Heavy Blade","Perfected Strike+1","Offering"],"picked":"SKIP","floor":41}],"player_experience":58839,"relics_obtained":[{"floor":6.0,"key":"Bronze Scales"},{"floor":8.0,"key":"Whetstone"},{"floor":9.0,"key":"Question Card"},{"floor":11.0,"key":"Charon\u0027s Ashes"},{"floor":14.0,"key":"Art of War"},{"floor":23.0,"key":"Ancient Tea Set"},{"floor":25.0,"key":"Regal Pillow"},{"floor":26.0,"key":"Anchor"},{"floor":38.0,"key":"Old Coin"},{"floor":40.0,"key":"Juzu Bracelet"}],"event_choices":[{"damage_healed":0.0,"max_hp_gain":5.0,"max_hp_loss":0.0,"gold_gain":0.0,"event_name":"Big Fish","player_choice":"Donut","floor":2.0,"gold_loss":0.0,"damage_taken":0.0},{"damage_healed":0.0,"max_hp_gain":0.0,"max_hp_loss":0.0,"gold_gain":0.0,"event_name":"The Woman in Blue","player_choice":"Bought 1 Potion","floor":4.0,"gold_loss":0.0,"damage_taken":0.0},{"damage_healed":0.0,"max_hp_gain":0.0,"max_hp_loss":0.0,"gold_gain":0.0,"event_name":"The Joust","player_choice":"Bet on Murderer","floor":29.0,"gold_loss":50.0,"damage_taken":0.0},{"damage_healed":0.0,"max_hp_gain":0.0,"max_hp_loss":0.0,"gold_gain":0.0,"event_name":"MindBloom","player_choice":"Fight","floor":38.0,"gold_loss":0.0,"damage_taken":0.0},{"damage_healed":0.0,"max_hp_gain":0.0,"max_hp_loss":0.0,"gold_gain":100.0,"event_name":"Golden Shrine","player_choice":"Pray","floor":39.0,"gold_loss":0.0,"damage_taken":0.0}],"is_beta":false,"boss_relics":[{"not_picked":["Philosopher\u0027s Stone","Calling Bell"],"picked":"Sozu"},{"not_picked":["Tiny House","Runic Pyramid"],"picked":"Mark of Pain"}],"items_purged_floors":[22],"is_endless":false,"potions_floor_spawned":[3,5,8,11,13,14,18,20,23,33,35,41],"killed_by":"3 Darklings","ascension_level":4}