{"gold_per_floor":[113,63,80,2,17,17,32,45,69,82,82,82,82,82,82,156,156,175,100,100,100,100,100,100],"floor_reached":24,"playtime":645,"items_purged":["Dualcast+1"],"score":313,"play_id":"b720da50-a974-4fb4-83d5-83c8d7d4745c","local_time":"20190527210206","is_ascension_mode":true,"campfire_choices":[{"data":"Zap","floor":6.0,"key":"SMITH"},{"floor":11.0,"key":"REST"},{"floor":15.0,"key":"REST"},{"floor":23,"key":"REST"}],"neow_cost":"NONE","seed_source_timestamp":875155694150455,"circlet_count":0,"master_deck":["AscendersBane","Strike_B","Defend_B","Defend_B","Defend_B","Zap+1","Hologram+1","Streamline","FTL","Redo","Sunder","Gash","All For One","Rebound","Gash","BootSequence","Gash"],"special_seed":0,"relics":["Empty Cage","Omamori","War Paint","Orrery"],"potions_floor_usage":[22],"damage_taken":[{"damage":8.0,"enemies":"Jaw Worm","floor":1.0,"turns":6.0},{"damage":8.0,"enemies":"2 Louse","floor":3.0,"turns":4.0},{"damage":0.0,"enemies":"Small Slimes","floor":5.0,"turns":3.0},{"damage":8.0,"enemies":"Blue Slaver","floor":7.0,"turns":3.0},{"damage":17.0,"enemies":"3 Louse","floor":8.0,"turns":3.0},{"damage":12.0,"enemies":"Exordium Thugs","floor":10.0,"turns":4.0},{"damage":49.0,"enemies":"The Guardian","floor":16.0,"turns":9.0},{"damage":33.0,"enemies":"2 Thieves","floor":18.0,"turns":4.0},{"damage":16,"enemies":"Colosseum Slavers","floor":22,"turns":3},{"damage":30,"enemies":"Book of Stabbing","floor":24,"turns":3}],"seed_played":"996972147186114509","potions_obtained":[{"floor":3.0,"key":"Ancient Potion"},{"floor":7.0,"key":"SteroidPotion"},{"floor":18.0,"key":"Poison Potion"}],"is_trial":false,"path_per_floor":["M","?","M","$","M","R","M","M","T","M","R","?","?","?","R","B",null,"M","$","?","?","?","R","E"],"character_chosen":"DEFECT","items_purchased":["FTL"],"campfire_rested":3,"item_purchase_floors":[4],"current_hp_per_floor":[56,56,48,48,48,48,40,23,23,11,32,20,13,30,51,2,54,21,21,21,21,5,26,0],"gold":100,"neow_bonus":"BOSS_RELIC","is_prod":false,"is_daily":false,"chose_seed":false,"campfire_upgraded":1,"win_rate":0,"timestamp":1558983726,"path_taken":["M","?","M","$","M","R","M","M","T","M","R","?","?","?","R","BOSS","M","$","?","?","?","R","E"],"build_version":"2019-01-23","purchased_purges":1,"victory":false,"max_hp_per_floor":[71,71,71,71,71,71,71,71,71,71,71,71,71,71,71,71,71,71,71,71,71,71,71,71],"card_choices":[{"not_picked":["Conserve Battery","Stack"],"picked":"Hologram","floor":1.0},{"not_picked":["Compile Driver","Blizzard"],"picked":"Streamline","floor":3.0},{"not_picked":["Doom and Gloom","Stack"],"picked":"Redo","floor":5.0},{"not_picked":["Barrage","Blizzard"],"picked":"Sunder","floor":7.0},{"not_picked":["Turbo","White Noise"],"picked":"Gash","floor":8.0},{"not_picked":["White Noise","Stack","Echo Form"],"picked":"SKIP","floor":10.0},{"not_picked":["Rainbow","Electrodynamics"],"picked":"All For One","floor":16.0},{"not_picked":["White Noise","Double Energy"],"picked":"Rebound","floor":17.0},{"not_picked":["Double Energy","Defragment"],"picked":"Gash","floor":17.0},{"not_picked":["Hologram","Core Surge"],"picked":"BootSequence","floor":17.0},{"not_picked":["Chill","Aggregate"],"picked":"Gash","floor":17.0},{"not_picked":["Compile Driver","Tempest","Rip and Tear"],"picked":"SKIP","floor":18.0}],"player_experience":437635,"relics_obtained":[{"floor":9.0,"key":"Omamori"}],"event_choices":[{"cards_removed":["Strike_B"],"damage_healed":0.0,"max_hp_gain":0.0,"max_hp_loss":0.0,"gold_gain":0.0,"event_name":"The Cleric","player_choice":"Card Removal","floor":2.0,"gold_loss":50.0,"damage_taken":0.0},{"damage_healed":0.0,"max_hp_gain":0.0,"max_hp_loss":0.0,"gold_gain":0.0,"event_name":"Scrap Ooze","player_choice":"Success","floor":12.0,"gold_loss":0.0,"damage_taken":12.0,"relics_obtained":["War Paint"]},{"cards_removed":["Strike_B"],"damage_healed":0.0,"max_hp_gain":0.0,"max_hp_loss":0.0,"gold_gain":0.0,"event_name":"Golden Wing","player_choice":"Card Removal","floor":13.0,"gold_loss":0.0,"damage_taken":7.0},{"damage_healed":17.0,"max_hp_gain":0.0,"max_hp_loss":0.0,"gold_gain":0.0,"event_name":"Mushrooms","player_choice":"Healed and dodged fight","floor":14.0,"gold_loss":0.0,"damage_taken":0.0,"cards_obtained":["Parasite"]},{"damage_healed":0.0,"max_hp_gain":0.0,"max_hp_loss":0.0,"gold_gain":0.0,"event_name":"Vampires","player_choice":"Ignored","floor":20.0,"gold_loss":0.0,"damage_taken":0.0},{"damage_healed":0.0,"max_hp_gain":0.0,"max_hp_loss":0.0,"gold_gain":0.0,"event_name":"Cursed Tome","player_choice":"Ignored","floor":21.0,"gold_loss":0.0,"damage_taken":0.0},{"damage_healed":0,"gold_gain":0,"player_choice":"Fight","damage_taken":0,"max_hp_gain":0,"max_hp_loss":0,"event_name":"Colosseum","floor":22,"gold_loss":0},{"damage_healed":0,"gold_gain":0,"player_choice":"Fled From Nobs","damage_taken":0,"max_hp_gain":0,"max_hp_loss":0,"event_name":"Colosseum","floor":22,"gold_loss":0}],"is_beta":false,"boss_relics":[{"not_picked":["Cursed Key","Philosopher\u0027s Stone"],"picked":"Orrery"}],"items_purged_floors":[19],"is_endless":false,"potions_floor_spawned":[3,7,8,18,22],"killed_by":"Book of Stabbing","ascension_level":14}