{"gold_per_floor":[116,291,291,291,307,334,334,334,334,49,49,74,129,33,33,137,137,152,2,15,15,114,114,142,142,142,142,162,162,162],"floor_reached":30,"playtime":839,"items_purged":[],"score":458,"play_id":"1f675266-ea37-4679-b2ad-88127b78d0ab","local_time":"20190315185532","is_ascension_mode":true,"campfire_choices":[{"data":"Neutralize","floor":7.0,"key":"SMITH"},{"data":"Blade Dance","floor":11.0,"key":"SMITH"},{"data":"Cloak And Dagger","floor":15.0,"key":"SMITH"},{"data":"Blade Dance","floor":23.0,"key":"SMITH"},{"data":"Corpse Explosion","floor":25,"key":"SMITH"},{"data":"Adrenaline","floor":29,"key":"SMITH"}],"neow_cost":"NONE","seed_source_timestamp":115298230844201,"circlet_count":0,"master_deck":["Defend_G","Defend_G","Defend_G","Defend_G","Strike_G","Strike_G","Strike_G","Strike_G","Survivor","Neutralize+1","Flying Knee","Doubt","Backflip","Backflip","Accuracy+1","Blade Dance+1","Leg Sweep","Cloak And Dagger+1","Noxious Fumes+1","Corpse Explosion+1","Regret","Regret","Pain","Blade Dance+1","Escape Plan","Caltrops+1","Heel Hook","Noxious Fumes+1","Dagger Spray+1","Adrenaline+1","Shame","Accuracy+1","Writhe","Cloak And Dagger+1"],"special_seed":0,"relics":["Ring of the Snake","NeowsBlessing","Du-Vu Doll","Frozen Egg 2","The Courier","Gremlin Horn","Snake Skull","Anchor","Calling Bell","Juzu Bracelet","Meat on the Bone","Prayer Wheel","Darkstone Periapt","Letter Opener","Bottled Tornado"],"potions_floor_usage":[24,24,28],"damage_taken":[{"damage":0.0,"enemies":"Jaw Worm","floor":1.0,"turns":1.0},{"damage":0.0,"enemies":"2 Louse","floor":5.0,"turns":1.0},{"damage":0.0,"enemies":"Gremlin Nob","floor":6.0,"turns":1.0},{"damage":2.0,"enemies":"3 Sentries","floor":12.0,"turns":6.0},{"damage":11.0,"enemies":"Hexaghost","floor":16.0,"turns":8.0},{"damage":15.0,"enemies":"Shell Parasite","floor":18.0,"turns":5.0},{"damage":13.0,"enemies":"3 Byrds","floor":20.0,"turns":4.0},{"damage":32,"enemies":"Book of Stabbing","floor":24,"turns":5},{"damage":3,"enemies":"Snake Plant","floor":28,"turns":3},{"damage":37,"enemies":"Slavers","floor":30,"turns":2}],"seed_played":"-1778930033868946914","potions_obtained":[{"floor":12.0,"key":"Block Potion"},{"floor":16.0,"key":"Poison Potion"},{"floor":24,"key":"Weak Potion"}],"is_trial":false,"path_per_floor":["M","?","?","?","M","E","R","?","T","$","R","E","T","$","R","B",null,"M","$","M","?","?","R","E","R","T","?","M","R","E"],"character_chosen":"THE_SILENT","items_purchased":["Accuracy+1","Blade Dance","Gremlin Horn","Cloak And Dagger","Noxious Fumes+1","Caltrops+1","Heel Hook","Noxious Fumes+1"],"campfire_rested":0,"item_purchase_floors":[10,10,10,14,14,19,19,19],"current_hp_per_floor":[63,63,63,63,63,63,63,60,60,60,60,58,58,58,58,47,64,49,49,36,42,42,42,22,22,22,28,37,37,0],"gold":162,"neow_bonus":"THREE_ENEMY_KILL","is_prod":false,"is_daily":false,"chose_seed":false,"campfire_upgraded":6,"win_rate":0,"timestamp":1552672532,"path_taken":["M","?","?","?","?","E","R","?","T","$","R","E","?","?","R","BOSS","M","?","M","?","?","R","E","R","T","?","M","R","E"],"build_version":"2019-01-23","purchased_purges":0,"victory":false,"max_hp_per_floor":[70,70,70,70,70,70,70,70,70,70,70,70,70,70,70,70,70,70,70,70,76,76,76,76,76,76,82,82,82,82],"card_choices":[{"not_picked":["Deflect","Quick Slash"],"picked":"Flying Knee","floor":1.0},{"not_picked":["Quick Slash","Dodge and Roll"],"picked":"Backflip","floor":5.0},{"not_picked":["Expertise","Underhanded Strike"],"picked":"Backflip","floor":6.0},{"not_picked":["Slice","Setup"],"picked":"Leg Sweep","floor":12.0},{"not_picked":["Bullet Time","Unload"],"picked":"Corpse Explosion","floor":16.0},{"not_picked":["Prepared","Underhanded Strike"],"picked":"Blade Dance","floor":18.0},{"not_picked":["Skewer+1","Deadly Poison+1"],"picked":"Escape Plan","floor":18.0},{"not_picked":["Dagger Throw+1","PiercingWail"],"picked":"Dagger Spray+1","floor":20.0},{"not_picked":["Bane","Expertise"],"picked":"Adrenaline","floor":20.0},{"not_picked":["Dodge and Roll+1","Concentrate+1"],"picked":"Accuracy+1","floor":24},{"not_picked":["Blade Dance","Dagger Throw"],"picked":"Cloak And Dagger+1","floor":28},{"not_picked":["Flying Knee","Calculated Gamble","Malaise"],"picked":"SKIP","floor":28}],"player_experience":101958,"relics_obtained":[{"floor":6.0,"key":"Du-Vu Doll"},{"floor":9.0,"key":"The Courier"},{"floor":12.0,"key":"Snake Skull"},{"floor":13.0,"key":"Anchor"},{"floor":17.0,"key":"Juzu Bracelet"},{"floor":17.0,"key":"Meat on the Bone"},{"floor":17.0,"key":"Prayer Wheel"},{"floor":24,"key":"Letter Opener"},{"floor":26,"key":"Bottled Tornado"}],"event_choices":[{"damage_healed":0.0,"max_hp_gain":0.0,"max_hp_loss":0.0,"gold_gain":175.0,"event_name":"Liars Game","player_choice":"AGREE","floor":2.0,"gold_loss":0.0,"damage_taken":0.0,"cards_obtained":["Doubt"]},{"cards_removed":["Strike_G"],"damage_healed":0.0,"max_hp_gain":0.0,"max_hp_loss":0.0,"gold_gain":0.0,"event_name":"Living Wall","player_choice":"Forget","floor":3.0,"gold_loss":0.0,"damage_taken":0.0},{"cards_removed":["Defend_G"],"damage_healed":0.0,"max_hp_gain":0.0,"max_hp_loss":0.0,"gold_gain":0.0,"event_name":"Purifier","player_choice":"Purged","floor":4.0,"gold_loss":0.0,"damage_taken":0.0},{"damage_healed":0.0,"max_hp_gain":0.0,"max_hp_loss":0.0,"gold_gain":0.0,"event_name":"Scrap Ooze","player_choice":"Success","floor":8.0,"gold_loss":0.0,"damage_taken":3.0,"relics_obtained":["Frozen Egg 2"]},{"damage_healed":0.0,"max_hp_gain":0.0,"max_hp_loss":0.0,"gold_gain":0.0,"event_name":"Addict","player_choice":"Stole Relic","floor":21.0,"gold_loss":0.0,"damage_taken":0.0,"relics_obtained":["Darkstone Periapt"],"cards_obtained":["Shame"]},{"damage_healed":0.0,"max_hp_gain":0.0,"max_hp_loss":0.0,"gold_gain":99.0,"event_name":"Nest","player_choice":"Stole From Cult","floor":22.0,"gold_loss":0.0,"damage_taken":0.0},{"damage_healed":0,"gold_gain":0,"player_choice":"1 cards matched","damage_taken":0,"max_hp_gain":0,"max_hp_loss":0,"event_name":"Match and Keep!","floor":27,"gold_loss":0,"cards_obtained":["Writhe"]}],"is_beta":false,"boss_relics":[{"not_picked":["Astrolabe","Coffee Dripper"],"picked":"Calling Bell"}],"items_purged_floors":[],"is_endless":false,"potions_floor_spawned":[12,16,24],"killed_by":"Slavers","ascension_level":6}