{"gold_per_floor":[110,130,10,20,36,64,64,80,80,95,95,110,126,301,301,301],"floor_reached":16,"playtime":1211,"items_purged":["Strike_R"],"score":131,"play_id":"f4582acd-0cd0-4676-bbb1-1666a08558df","local_time":"20190625120718","is_ascension_mode":false,"campfire_choices":[{"floor":11,"key":"REST"},{"floor":15,"key":"REST"}],"neow_cost":"NONE","seed_source_timestamp":1445752964139522,"circlet_count":0,"master_deck":["Strike_R","Strike_R","Strike_R","Strike_R","Defend_R","Defend_R","Defend_R","Defend_R","Bash","Rampage","Anger","Flex","Entrench","Pommel Strike","Impervious","Flame Barrier","Headbutt","Iron Wave","Thunderclap","Doubt"],"relics":["Burning Blood","Mango","Dead Branch","Shovel"],"potions_floor_usage":[5,8,16],"damage_taken":[{"damage":1,"enemies":"Cultist","floor":1,"turns":4},{"damage":10,"enemies":"Jaw Worm","floor":2,"turns":4},{"damage":2,"enemies":"2 Louse","floor":4,"turns":3},{"damage":12,"enemies":"Gremlin Gang","floor":5,"turns":3},{"damage":48,"enemies":"Lagavulin","floor":6,"turns":7},{"damage":11,"enemies":"Large Slime","floor":8,"turns":4},{"damage":10,"enemies":"Looter","floor":10,"turns":3},{"damage":4,"enemies":"2 Fungi Beasts","floor":12,"turns":4},{"damage":14,"enemies":"Blue Slaver","floor":13,"turns":4},{"damage":102,"enemies":"The Guardian","floor":16,"turns":15}],"seed_played":"-7202924852971360501","potions_obtained":[{"floor":1,"key":"Explosive Potion"},{"floor":6,"key":"SteroidPotion"},{"floor":10,"key":"Weak Potion"},{"floor":13,"key":"Poison Potion"}],"is_trial":false,"path_per_floor":["M","M","$","M","M","E","T","M","T","M","R","M","M","?","R","B"],"character_chosen":"IRONCLAD","items_purchased":["Flex"],"campfire_rested":2,"item_purchase_floors":[3],"current_hp_per_floor":[88,84,84,88,82,54,54,49,49,45,75,77,69,69,99,0],"gold":301,"neow_bonus":"TEN_PERCENT_HP_BONUS","is_prod":false,"is_daily":false,"chose_seed":false,"campfire_upgraded":0,"win_rate":0,"timestamp":1561478838,"path_taken":["M","M","?","?","?","E","?","M","T","M","R","M","?","?","R","BOSS"],"build_version":"2019-01-23","purchased_purges":1,"victory":false,"max_hp_per_floor":[88,88,88,88,88,102,102,102,102,102,102,102,102,102,102,102],"card_choices":[{"not_picked":["Whirlwind","True Grit"],"picked":"Rampage","floor":1},{"not_picked":["Perfected Strike","Warcry"],"picked":"Anger","floor":2},{"not_picked":["Feel No Pain","Thunderclap"],"picked":"Entrench","floor":4},{"not_picked":["Sword Boomerang","Perfected Strike"],"picked":"Pommel Strike","floor":5},{"not_picked":["Armaments","Cleave"],"picked":"Impervious","floor":6},{"not_picked":["Clothesline","Power Through"],"picked":"Flame Barrier","floor":8},{"not_picked":["Pommel Strike","Clothesline"],"picked":"Headbutt","floor":10},{"not_picked":["Juggernaut","Whirlwind"],"picked":"Iron Wave","floor":12},{"not_picked":["Feel No Pain","Iron Wave"],"picked":"Thunderclap","floor":13}],"player_experience":1220790,"relics_obtained":[{"floor":6,"key":"Mango"},{"floor":7,"key":"Dead Branch"},{"floor":9,"key":"Shovel"}],"event_choices":[{"damage_healed":0,"gold_gain":175,"player_choice":"AGREE","damage_taken":0,"max_hp_gain":0,"max_hp_loss":0,"event_name":"Liars Game","floor":14,"gold_loss":0,"cards_obtained":["Doubt"]}],"is_beta":false,"boss_relics":[],"items_purged_floors":[3],"is_endless":false,"potions_floor_spawned":[1,6,10,13],"killed_by":"The Guardian","ascension_level":0}