{"gold_per_floor":[116,146,146,146,25,59,75,90,90,101,121,21,21,21,21,125,125,125,105,105,105,105],"floor_reached":22,"playtime":84393,"items_purged":["Regret","Strike_B"],"score":211,"play_id":"f046e2c0-d20a-49ea-a5ba-d67c895120dd","local_time":"20190516215851","is_ascension_mode":false,"campfire_choices":[{"data":"Capacitor","floor":13,"key":"SMITH"},{"floor":15,"key":"REST"}],"neow_cost":"NONE","seed_source_timestamp":1579201123757425,"circlet_count":0,"master_deck":["Strike_B","Strike_B","Strike_B","Defend_B","Defend_B","Defend_B","Defend_B","Zap","Dualcast","Steam","Leap","Lockon","Blizzard","Ball Lightning","Capacitor+1","Electrodynamics","Loop","Cold Snap"],"relics":["Cracked Core","NeowsBlessing","Tiny Chest","Singing Bowl","FaceOfCleric","PreservedInsect","Blue Candle","Ectoplasm"],"potions_floor_usage":[],"damage_taken":[{"damage":0,"enemies":"Jaw Worm","floor":1,"turns":1},{"damage":0,"enemies":"3 Sentries","floor":6,"turns":1},{"damage":0,"enemies":"2 Louse","floor":7,"turns":1},{"damage":2,"enemies":"Small Slimes","floor":8,"turns":3},{"damage":5,"enemies":"Red Slaver","floor":10,"turns":3},{"damage":0,"enemies":"Exordium Wildlife","floor":11,"turns":3},{"damage":34,"enemies":"Slime Boss","floor":16,"turns":13},{"damage":16,"enemies":"Chosen","floor":18,"turns":5},{"damage":26,"enemies":"Spheric Guardian","floor":20,"turns":4},{"damage":29,"enemies":"3 Cultists","floor":21,"turns":5},{"damage":24,"enemies":"Centurion and Healer","floor":22,"turns":5}],"seed_played":"-215765565036474068","potions_obtained":[{"floor":7,"key":"Ancient Potion"},{"floor":10,"key":"Poison Potion"},{"floor":19,"key":"PowerPotion"}],"is_trial":false,"path_per_floor":["M","?","?","?","$","E","M","M","T","M","M","$","R","$","R","B",null,"M","?","M","M","M"],"character_chosen":"DEFECT","items_purchased":["Leap"],"campfire_rested":1,"item_purchase_floors":[5],"current_hp_per_floor":[75,57,57,57,57,58,59,58,58,54,57,57,57,57,81,48,83,70,70,45,17,0],"gold":105,"neow_bonus":"THREE_ENEMY_KILL","is_prod":false,"is_daily":false,"chose_seed":false,"campfire_upgraded":1,"win_rate":0.0,"timestamp":1558058331,"path_taken":["M","?","?","?","$","E","M","M","T","?","M","$","R","?","R","BOSS","M","?","M","?","M"],"build_version":"2019-01-23","purchased_purges":2,"victory":false,"max_hp_per_floor":[75,75,75,75,75,76,77,78,78,79,82,82,82,82,82,83,83,86,86,87,88,88],"card_choices":[{"not_picked":["Gash","Stack"],"picked":"Steam","floor":1},{"not_picked":["Go for the Eyes","Stack"],"picked":"Lockon","floor":6},{"not_picked":["Darkness","Streamline"],"picked":"Blizzard","floor":7},{"not_picked":["Compile Driver","Turbo"],"picked":"Ball Lightning","floor":8},{"not_picked":["BootSequence","Blizzard"],"picked":"Capacitor","floor":10},{"not_picked":["Rebound","Sweeping Beam","Conserve Battery"],"picked":"Singing Bowl","floor":11},{"not_picked":["Creative AI","Biased Cognition"],"picked":"Electrodynamics","floor":16},{"not_picked":["Streamline+1","Rebound","Steam Power"],"picked":"Singing Bowl","floor":18},{"not_picked":["Ball Lightning","Turbo"],"picked":"Loop","floor":20},{"not_picked":["Gash","Barrage+1"],"picked":"Cold Snap","floor":21}],"player_experience":758490,"relics_obtained":[{"floor":6,"key":"PreservedInsect"},{"floor":9,"key":"Blue Candle"}],"event_choices":[{"damage_healed":0,"gold_gain":0,"player_choice":"Success","damage_taken":18,"relics_obtained":["Tiny Chest"],"max_hp_gain":0,"max_hp_loss":0,"event_name":"Scrap Ooze","floor":2,"gold_loss":0},{"damage_healed":0,"gold_gain":0,"player_choice":"Box","damage_taken":0,"relics_obtained":["Singing Bowl"],"max_hp_gain":0,"max_hp_loss":0,"event_name":"Big Fish","floor":3,"gold_loss":0,"cards_obtained":["Regret"]},{"damage_healed":0,"gold_gain":0,"player_choice":"Trade","damage_taken":0,"relics_obtained":["FaceOfCleric"],"max_hp_gain":0,"max_hp_loss":0,"event_name":"FaceTrader","floor":4,"gold_loss":0},{"damage_healed":0,"gold_gain":0,"player_choice":"Bought 1 Potion","damage_taken":0,"max_hp_gain":0,"max_hp_loss":0,"event_name":"The Woman in Blue","floor":19,"gold_loss":0}],"is_beta":false,"boss_relics":[{"not_picked":["Orrery","Empty Cage"],"picked":"Ectoplasm"}],"items_purged_floors":[5,12],"is_endless":false,"potions_floor_spawned":[7,10],"killed_by":"Centurion and Healer","ascension_level":0}