{"gold_per_floor":[116,129,129,142,30,63,63,79,79,254,311,311,36,46,46,46],"floor_reached":16,"playtime":2610,"items_purged":["Strike_R","Strike_R"],"score":100,"play_id":"0f452236-ca0c-4b37-8054-6f9877e511dd","local_time":"20190422165356","is_ascension_mode":false,"campfire_choices":[{"floor":7,"key":"REST"},{"data":"Perfected Strike","floor":12,"key":"SMITH"},{"floor":15,"key":"REST"}],"neow_cost":"","seed_source_timestamp":841829219137693,"circlet_count":0,"master_deck":["Strike_R","Strike_R","Strike_R","Defend_R","Defend_R","Defend_R","Defend_R","Sword Boomerang","Perfected Strike+1","Corruption","Seeing Red","Warcry","Headbutt","Doubt","Carnage","The Bomb","Rage"],"relics":["Burning Blood","Matryoshka","PreservedInsect","Darkstone Periapt","Paper Frog"],"potions_floor_usage":[16],"damage_taken":[{"damage":5,"enemies":"Small Slimes","floor":1,"turns":4},{"damage":1,"enemies":"Cultist","floor":2,"turns":3},{"damage":14,"enemies":"Jaw Worm","floor":4,"turns":4},{"damage":50,"enemies":"3 Sentries","floor":6,"turns":11},{"damage":16,"enemies":"2 Fungi Beasts","floor":8,"turns":4},{"damage":30,"enemies":"3 Sentries","floor":11,"turns":7},{"damage":5,"enemies":"3 Louse","floor":14,"turns":3},{"damage":53,"enemies":"The Guardian","floor":16,"turns":7}],"seed_played":"2925729539533901375","potions_obtained":[{"floor":1,"key":"SteroidPotion"},{"floor":11,"key":"SteroidPotion"},{"floor":14,"key":"Fire Potion"}],"is_trial":false,"path_per_floor":["M","M","?","M","$","E","R","M","T","?","?","R","$","M","R","B"],"character_chosen":"IRONCLAD","items_purchased":["Seeing Red","The Bomb"],"campfire_rested":2,"item_purchase_floors":[5,13],"current_hp_per_floor":[80,80,80,72,72,28,52,42,42,48,24,24,24,25,50,0],"gold":46,"neow_bonus":"","is_prod":false,"is_daily":false,"chose_seed":false,"campfire_upgraded":1,"win_rate":0.0,"timestamp":1555966436,"path_taken":["M","M","?","M","$","E","R","?","T","?","?","R","$","M","R","BOSS"],"build_version":"2019-01-23","purchased_purges":2,"victory":false,"max_hp_per_floor":[80,80,80,80,80,80,80,80,80,86,86,86,86,86,86,86],"card_choices":[{"not_picked":["Infernal Blade","Fire Breathing"],"picked":"Sword Boomerang","floor":1},{"not_picked":["Flex","Metallicize"],"picked":"Perfected Strike","floor":2},{"not_picked":["Iron Wave","Flex"],"picked":"Corruption","floor":4},{"not_picked":["Intimidate","Uppercut"],"picked":"Warcry","floor":6},{"not_picked":["Perfected Strike","Barricade"],"picked":"Headbutt","floor":8},{"not_picked":["True Grit","Seeing Red"],"picked":"Carnage","floor":11},{"not_picked":["Headbutt","Entrench"],"picked":"Rage","floor":14}],"player_experience":0,"relics_obtained":[{"floor":6,"key":"Matryoshka"},{"floor":9,"key":"PreservedInsect"},{"floor":9,"key":"Darkstone Periapt"},{"floor":11,"key":"Paper Frog"}],"event_choices":[{"cards_removed":["Bash"],"damage_healed":0,"gold_gain":0,"player_choice":"Offered Basic","damage_taken":0,"max_hp_gain":0,"max_hp_loss":0,"event_name":"Bonfire Elementals","floor":3,"gold_loss":0},{"damage_healed":0,"gold_gain":175,"player_choice":"AGREE","damage_taken":0,"max_hp_gain":0,"max_hp_loss":0,"event_name":"Liars Game","floor":10,"gold_loss":0,"cards_obtained":["Doubt"]},{"damage_healed":0,"gold_gain":30,"player_choice":"Searched \u00272\u0027 times","damage_taken":0,"max_hp_gain":0,"max_hp_loss":0,"event_name":"Dead Adventurer","floor":11,"gold_loss":0}],"is_beta":false,"boss_relics":[],"items_purged_floors":[5,13],"is_endless":false,"potions_floor_spawned":[1,11,14],"killed_by":"The Guardian","ascension_level":0}