{"gold_per_floor":[110,185,205,205,224,224,257,257,305,67,67,77,92,103,103,208,208,220,320,11,30,30,30,65,82,107,133,148,20,54,54,54,153,203,214,233,252,252,252,282,282,309,380,380,380,406,419,419,419,419],"floor_reached":50,"playtime":2665,"items_purged":["Strike_R"],"score":761,"play_id":"6ea42994-07dc-442b-9098-e13016465ef7","local_time":"20190630010905","is_ascension_mode":true,"campfire_choices":[{"data":"Rampage","floor":6.0,"key":"SMITH"},{"data":"Inflame","floor":8.0,"key":"SMITH"},{"data":"Pommel Strike","floor":11.0,"key":"SMITH"},{"floor":15.0,"key":"REST"},{"data":"Iron Wave","floor":23.0,"key":"SMITH"},{"floor":32.0,"key":"REST"},{"floor":41.0,"key":"REST"},{"data":"Immolate","floor":45.0,"key":"SMITH"},{"data":"Juggernaut","floor":49.0,"key":"SMITH"}],"neow_cost":"NONE","seed_source_timestamp":1289816009562261,"circlet_count":0,"master_deck":["Strike_R","Strike_R","Strike_R","Strike_R","Defend_R","Defend_R","Defend_R","Defend_R","Bash+1","Pommel Strike+1","Rampage+1","Sword Boomerang","Inflame+1","Iron Wave+1","Cleave","Pummel","Immolate+1","True Grit+1","Armaments+1","Feed","Flame Barrier+1","Clumsy","Warcry+1","Disarm+1","Ghostly Armor+1","Headbutt+1","Shrug It Off+1","Juggernaut+1","Power Through+1","Shockwave+1","Shrug It Off+1","True Grit+1","Good Instincts+1","Decay","Flame Barrier+1","Carnage+1","Anger"],"special_seed":0,"relics":["Burning Blood","Ancient Tea Set","Orichalcum","PreservedInsect","Toxic Egg 2","Cursed Key","StoneCalendar","Sundial","Prayer Wheel","The Courier","Strawberry","Potion Belt","Centennial Puzzle","Tiny House","Self Forming Clay","Bottled Tornado","Shuriken","Boot"],"potions_floor_usage":[50,50],"damage_taken":[{"damage":12.0,"enemies":"Small Slimes","floor":1.0,"turns":3.0},{"damage":2.0,"enemies":"Jaw Worm","floor":3.0,"turns":3.0},{"damage":1.0,"enemies":"Cultist","floor":5.0,"turns":3.0},{"damage":45.0,"enemies":"3 Sentries","floor":7.0,"turns":8.0},{"damage":0.0,"enemies":"2 Fungi Beasts","floor":12.0,"turns":2.0},{"damage":9.0,"enemies":"Large Slime","floor":13.0,"turns":8.0},{"damage":10.0,"enemies":"Blue Slaver","floor":14.0,"turns":3.0},{"damage":5.0,"enemies":"Slime Boss","floor":16.0,"turns":6.0},{"damage":7.0,"enemies":"3 Byrds","floor":18.0,"turns":3.0},{"damage":7.0,"enemies":"Colosseum Slavers","floor":19.0,"turns":3.0},{"damage":4.0,"enemies":"Colosseum Nobs","floor":19.0,"turns":3.0},{"damage":5.0,"enemies":"Spheric Guardian","floor":21.0,"turns":3.0},{"damage":18.0,"enemies":"Book of Stabbing","floor":24.0,"turns":3.0},{"damage":29.0,"enemies":"Snake Plant","floor":25.0,"turns":4.0},{"damage":0.0,"enemies":"Gremlin Leader","floor":27.0,"turns":3.0},{"damage":14.0,"enemies":"Snecko","floor":28.0,"turns":5.0},{"damage":10.0,"enemies":"Book of Stabbing","floor":30.0,"turns":5.0},{"damage":56.0,"enemies":"Champ","floor":33.0,"turns":16.0},{"damage":3.0,"enemies":"3 Shapes","floor":35.0,"turns":5.0},{"damage":2.0,"enemies":"Orb Walker","floor":36.0,"turns":4.0},{"damage":30.0,"enemies":"Jaw Worm Horde","floor":37.0,"turns":5.0},{"damage":63.0,"enemies":"Giant Head","floor":40.0,"turns":9.0},{"damage":31.0,"enemies":"Nemesis","floor":42.0,"turns":7.0},{"damage":27.0,"enemies":"Giant Head","floor":46.0,"turns":7.0},{"damage":1.0,"enemies":"3 Darklings","floor":47.0,"turns":5.0},{"damage":66,"enemies":"Time Eater","floor":50,"turns":16}],"seed_played":"5893705301135909275","potions_obtained":[{"floor":3.0,"key":"FearPotion"},{"floor":7.0,"key":"Explosive Potion"},{"floor":14.0,"key":"Ancient Potion"},{"floor":16.0,"key":"Explosive Potion"},{"floor":18.0,"key":"FearPotion"},{"floor":24.0,"key":"Dexterity Potion"},{"floor":28.0,"key":"SteroidPotion"},{"floor":34.0,"key":"SteroidPotion"},{"floor":36.0,"key":"Regen Potion"},{"floor":46.0,"key":"AttackPotion"},{"floor":47.0,"key":"SpeedPotion"}],"is_trial":false,"path_per_floor":["M","?","M","T","M","R","E","R","T","$","R","M","M","M","R","B",null,"M","?","$","M","?","R","E","M","T","E","M","$","E","?","R","B",null,"M","M","M","?","?","E","R","E","T","?","R","E","M","?","R","B"],"character_chosen":"IRONCLAD","items_purchased":["Toxic Egg 2","Prayer Wheel","Ghostly Armor+1","Headbutt"],"campfire_rested":3,"item_purchase_floors":[10,20,29,29],"current_hp_per_floor":[74,63,67,67,72,72,33,33,33,33,33,39,36,32,56,57,80,79,80,80,80,80,80,71,48,55,61,53,53,49,49,76,26,95,98,98,89,89,89,32,62,37,37,88,88,67,72,72,72,6],"gold":419,"neow_bonus":"UPGRADE_CARD","is_prod":false,"is_daily":false,"chose_seed":false,"campfire_upgraded":6,"win_rate":0,"timestamp":1561882145,"path_taken":["M","?","M","?","M","R","E","R","T","$","R","M","M","M","R","BOSS","M","?","$","M","?","R","E","M","T","E","M","$","E","?","R","BOSS","M","M","M","?","?","E","R","E","T","?","R","E","?","?","R","BOSS"],"build_version":"2019-01-23","purchased_purges":1,"victory":false,"max_hp_per_floor":[80,80,80,80,80,80,80,80,80,80,80,80,80,80,80,80,80,80,80,80,80,80,80,83,83,90,90,90,90,90,90,90,90,95,98,98,101,101,101,101,101,101,101,88,88,88,88,88,88,88],"card_choices":[{"not_picked":["Pummel","Perfected Strike"],"picked":"Pommel Strike","floor":1.0},{"not_picked":["Flex","Pommel Strike"],"picked":"Rampage","floor":3.0},{"not_picked":["True Grit","Perfected Strike"],"picked":"Sword Boomerang","floor":5.0},{"not_picked":["Wild Strike","Cleave"],"picked":"Inflame","floor":7.0},{"not_picked":["Perfected Strike","Inflame"],"picked":"Iron Wave","floor":12.0},{"not_picked":["Pummel","Juggernaut"],"picked":"Cleave","floor":13.0},{"not_picked":["Reckless Charge","Evolve"],"picked":"Pummel","floor":14.0},{"not_picked":["Reaper","Berserk"],"picked":"Immolate","floor":16.0},{"not_picked":["Reckless Charge","Sword Boomerang"],"picked":"True Grit+1","floor":18.0},{"not_picked":["True Grit+1","Infernal Blade+1"],"picked":"Armaments+1","floor":19.0},{"not_picked":["Wild Strike","Entrench+1"],"picked":"Feed","floor":21.0},{"not_picked":["Bloodletting+1","Sentinel+1","Rage+1"],"picked":"SKIP","floor":21.0},{"not_picked":["Feel No Pain","Carnage","Pommel Strike"],"picked":"SKIP","floor":24.0},{"not_picked":["Spot Weakness+1","Clothesline"],"picked":"Flame Barrier+1","floor":25.0},{"not_picked":["Entrench+1","Twin Strike"],"picked":"Metallicize","floor":25.0},{"not_picked":["Sword Boomerang+1","Bludgeon","Thunderclap"],"picked":"SKIP","floor":27.0},{"not_picked":["Iron Wave","Double Tap+1"],"picked":"Warcry+1","floor":28.0},{"not_picked":["Sever Soul","Perfected Strike"],"picked":"Disarm+1","floor":28.0},{"not_picked":["Whirlwind","Juggernaut"],"picked":"Shrug It Off+1","floor":30.0},{"not_picked":["Barricade","Double Tap+1"],"picked":"Juggernaut","floor":33.0},{"not_picked":["Sword Boomerang+1","Pummel"],"picked":"Power Through+1","floor":34.0},{"not_picked":["Dropkick+1","Iron Wave+1"],"picked":"Shockwave+1","floor":35.0},{"not_picked":["Pommel Strike+1","Burning Pact+1","Twin Strike"],"picked":"SKIP","floor":35.0},{"not_picked":["Rupture","Evolve"],"picked":"Shrug It Off+1","floor":36.0},{"not_picked":["Metallicize","Heavy Blade+1","Armaments+1"],"picked":"SKIP","floor":36.0},{"not_picked":["Body Slam+1","Cleave+1"],"picked":"True Grit+1","floor":37.0},{"not_picked":["Second Wind+1","Heavy Blade","Sword Boomerang+1"],"picked":"SKIP","floor":37.0},{"not_picked":["Purity+1","Secret Weapon+1"],"picked":"Good Instincts+1","floor":38.0},{"not_picked":["Pommel Strike+1","Perfected Strike","Body Slam"],"picked":"SKIP","floor":40.0},{"not_picked":["Armaments+1","Shrug It Off+1","Burning Pact+1"],"picked":"SKIP","floor":42.0},{"not_picked":["Headbutt","Dropkick+1","Cleave+1"],"picked":"SKIP","floor":46.0},{"not_picked":["Power Through+1","Havoc+1"],"picked":"Flame Barrier+1","floor":47.0},{"not_picked":["Heavy Blade+1","Thunderclap+1"],"picked":"Carnage+1","floor":47.0}],"player_experience":522722,"relics_obtained":[{"floor":4.0,"key":"Ancient Tea Set"},{"floor":7.0,"key":"Orichalcum"},{"floor":9.0,"key":"PreservedInsect"},{"floor":19.0,"key":"StoneCalendar"},{"floor":19.0,"key":"Sundial"},{"floor":24.0,"key":"The Courier"},{"floor":26.0,"key":"Strawberry"},{"floor":27.0,"key":"Potion Belt"},{"floor":30.0,"key":"Centennial Puzzle"},{"floor":40.0,"key":"Self Forming Clay"},{"floor":42.0,"key":"Bottled Tornado"},{"floor":43.0,"key":"Shuriken"},{"floor":46.0,"key":"Boot"}],"event_choices":[{"damage_healed":0.0,"max_hp_gain":0.0,"max_hp_loss":0.0,"gold_gain":75.0,"event_name":"World of Goop","player_choice":"Gather Gold","floor":2.0,"gold_loss":0.0,"damage_taken":11.0},{"damage_healed":0.0,"max_hp_gain":0.0,"max_hp_loss":0.0,"gold_gain":0.0,"event_name":"Colosseum","player_choice":"Fight","floor":19.0,"gold_loss":0.0,"damage_taken":0.0},{"damage_healed":0.0,"max_hp_gain":0.0,"max_hp_loss":0.0,"gold_gain":0.0,"event_name":"Colosseum","player_choice":"Fought Nobs","floor":19.0,"gold_loss":0.0,"damage_taken":0.0},{"damage_healed":0.0,"max_hp_gain":0.0,"max_hp_loss":0.0,"gold_gain":0.0,"event_name":"Beggar","player_choice":"Ignored","floor":22.0,"gold_loss":0.0,"damage_taken":0.0},{"damage_healed":0.0,"max_hp_gain":0.0,"max_hp_loss":0.0,"gold_gain":0.0,"event_name":"Vampires","player_choice":"Ignored","floor":31.0,"gold_loss":0.0,"damage_taken":0.0},{"damage_healed":0.0,"max_hp_gain":0.0,"max_hp_loss":0.0,"gold_gain":0.0,"event_name":"SensoryStone","player_choice":"Memory 1","floor":38.0,"gold_loss":0.0,"damage_taken":0.0},{"cards_removed":["Metallicize"],"damage_healed":0.0,"max_hp_gain":0.0,"max_hp_loss":0.0,"gold_gain":0.0,"event_name":"Falling","player_choice":"Removed Power","floor":39.0,"gold_loss":0.0,"damage_taken":0.0},{"damage_healed":88.0,"max_hp_gain":0.0,"max_hp_loss":13.0,"gold_gain":0.0,"event_name":"The Moai Head","player_choice":"Heal","floor":44.0,"gold_loss":0.0,"damage_taken":0.0},{"damage_healed":0.0,"max_hp_gain":0.0,"max_hp_loss":0.0,"gold_gain":0.0,"event_name":"Match and Keep!","player_choice":"1 cards matched","floor":48.0,"gold_loss":0.0,"damage_taken":0.0,"cards_obtained":["Anger"]}],"is_beta":false,"boss_relics":[{"not_picked":["Runic Cube","Busted Crown"],"picked":"Cursed Key"},{"not_picked":["Runic Pyramid","Fusion Hammer"],"picked":"Tiny House"}],"items_purged_floors":[29],"is_endless":false,"potions_floor_spawned":[3,7,14,16,18,19,24,28,36,46,47],"killed_by":"Time Eater","ascension_level":4}