{"gold_per_floor":[112,131,4,20,20,20,84,84,161,161,186,198,373,392,392,488,538,550,24,24,42,60,60,60,60,83,83,83,103,103,23,23,118,118,134,146,146,421,89,89,124,144,144,161,161,261,276,81,81,81],"floor_reached":51,"playtime":4338,"items_purged":["Strike_G","Regret","Strike_G"],"score":755,"play_id":"37b912d4-b75d-4605-80f8-ac5e924e10e3","local_time":"20190630233350","is_ascension_mode":true,"campfire_choices":[{"data":"Bane","floor":6,"key":"SMITH"},{"floor":8,"key":"REST"},{"floor":10,"key":"REST"},{"data":"Deadly Poison","floor":15,"key":"SMITH"},{"data":"Crippling Poison","floor":23,"key":"SMITH"},{"floor":25,"key":"DIG"},{"floor":28,"key":"DIG"},{"floor":30,"key":"DIG"},{"floor":32,"key":"DIG"},{"data":"Noxious Fumes","floor":40,"key":"SMITH"},{"floor":45,"key":"REST"},{"data":"Noxious Fumes","floor":49,"key":"SMITH"}],"neow_cost":"NONE","seed_source_timestamp":1915781402957446,"circlet_count":0,"master_deck":["Defend_G+1","Defend_G","Defend_G","Defend_G","Strike_G","Survivor","Neutralize+1","Deadly Poison+1","Slice","Deflect","Bane+1","Regret","Crippling Poison+1","Corpse Explosion+1","Doubt","Burst+1","Backflip+1","Deadly Poison+1","Catalyst+1","Catalyst+1","PiercingWail+1","Terror+1","Bouncing Flask+1","Noxious Fumes+1","Venomology+1","Underhanded Strike+1","Doppelganger+1","Eviscerate+1","Poisoned Stab+1","Bouncing Flask+1","Noxious Fumes+1","Noxious Fumes+1"],"relics":["Ring of the Snake","Blood Vial","Ancient Tea Set","Tiny Chest","Toxic Egg 2","Lantern","Tiny House","Bronze Scales","Shovel","Vajra","Dream Catcher","Snake Skull","Bottled Lightning","Paper Crane","Astrolabe","Pear","TwistedFunnel","Gambling Chip","The Specimen","Du-Vu Doll"],"potions_floor_usage":[22,35,35,41,42,50,50],"damage_taken":[{"damage":4,"enemies":"Cultist","floor":1,"turns":5},{"damage":0,"enemies":"Small Slimes","floor":2,"turns":4},{"damage":0,"enemies":"Jaw Worm","floor":4,"turns":5},{"damage":32,"enemies":"Lagavulin","floor":7,"turns":7},{"damage":3,"enemies":"Red Slaver","floor":12,"turns":4},{"damage":15,"enemies":"Large Slime","floor":14,"turns":5},{"damage":28,"enemies":"Hexaghost","floor":16,"turns":9},{"damage":0,"enemies":"Chosen","floor":18,"turns":4},{"damage":0,"enemies":"3 Byrds","floor":21,"turns":1},{"damage":3,"enemies":"Shelled Parasite and Fungi","floor":22,"turns":3},{"damage":6,"enemies":"Snake Plant","floor":29,"turns":3},{"damage":22,"enemies":"Collector","floor":33,"turns":4},{"damage":0,"enemies":"Orb Walker","floor":35,"turns":2},{"damage":18,"enemies":"3 Shapes","floor":36,"turns":4},{"damage":11,"enemies":"Nemesis","floor":41,"turns":5},{"damage":18,"enemies":"Sphere and 2 Shapes","floor":42,"turns":4},{"damage":0,"enemies":"Maw","floor":44,"turns":1},{"damage":0,"enemies":"Mind Bloom Boss Battle","floor":46,"turns":3},{"damage":5,"enemies":"Transient","floor":47,"turns":5},{"damage":53,"enemies":"Time Eater","floor":50,"turns":4}],"seed_played":"479899517612283202","potions_obtained":[{"floor":14,"key":"Fire Potion"},{"floor":16,"key":"SteroidPotion"},{"floor":17,"key":"Swift Potion"},{"floor":33,"key":"AttackPotion"},{"floor":44,"key":"Poison Potion"}],"is_trial":false,"path_per_floor":["M","M","$","M","?","R","E","R","T","R","T","M","?","M","R","B",null,"M","$","?","M","M","R","?","R","T","?","R","M","R","$","R","B",null,"M","M","T","?","$","R","E","M","T","M","R","?","M","$","R","B",null],"character_chosen":"THE_SILENT","items_purchased":["Deflect","Catalyst+1","Bronze Scales","Shovel","Noxious Fumes","TwistedFunnel","Bouncing Flask+1","Noxious Fumes"],"campfire_rested":3,"item_purchase_floors":[3,19,19,19,31,39,39,48],"current_hp_per_floor":[66,68,68,70,70,70,38,59,59,70,70,67,67,54,54,28,75,75,75,75,75,72,72,72,72,72,72,72,68,68,68,68,48,75,75,57,67,67,67,67,70,54,54,56,81,83,80,80,80,29],"gold":81,"neow_bonus":"RANDOM_COMMON_RELIC","is_prod":false,"is_daily":false,"chose_seed":false,"campfire_upgraded":5,"win_rate":0,"timestamp":1561952030,"path_taken":["M","?","?","M","?","R","E","R","T","R","?","?","?","M","R","BOSS","M","$","?","?","M","R","?","R","T","?","R","M","R","$","R","BOSS","M","?","?","?","$","R","E","M","T","?","R","?","M","$","R","BOSS"],"build_version":"2019-01-23","purchased_purges":3,"victory":true,"max_hp_per_floor":[70,70,70,70,70,70,70,70,70,70,70,70,70,70,70,70,75,75,75,75,75,75,75,75,75,75,75,75,75,75,75,75,75,75,75,75,85,85,85,85,85,85,85,85,85,85,85,85,85,85],"card_choices":[{"not_picked":["Poisoned Stab","Dagger Spray"],"picked":"Deadly Poison","floor":1},{"not_picked":["Prepared","Setup"],"picked":"Slice","floor":2},{"not_picked":["Flechettes","Dagger Spray"],"picked":"Bane","floor":4},{"not_picked":["Calculated Gamble","Finisher"],"picked":"Crippling Poison","floor":7},{"not_picked":["Bane","Dodge and Roll+1"],"picked":"Corpse Explosion+1","floor":12},{"not_picked":["Bane","Blade Dance+1","Heel Hook"],"picked":"SKIP","floor":14},{"not_picked":["Tools of the Trade","Phantasmal Killer+1"],"picked":"Burst+1","floor":16},{"not_picked":["Skewer","Blade Dance+1"],"picked":"Backflip+1","floor":17},{"not_picked":["Escape Plan+1","Dagger Throw"],"picked":"Deadly Poison+1","floor":18},{"not_picked":["Tactician+1","Dagger Spray"],"picked":"PiercingWail+1","floor":21},{"not_picked":["Flying Knee","Dodge and Roll+1"],"picked":"Terror+1","floor":22},{"not_picked":["Sucker Punch","Tactician+1"],"picked":"Bouncing Flask+1","floor":29},{"not_picked":["Unload","Burst+1"],"picked":"Venomology+1","floor":33},{"not_picked":["Cloak And Dagger+1","Setup+1","Terror+1"],"picked":"SKIP","floor":35},{"not_picked":["Leg Sweep+1","Blade Dance+1"],"picked":"Poisoned Stab+1","floor":36},{"not_picked":["Sucker Punch","Masterful Stab+1"],"picked":"Noxious Fumes+1","floor":41},{"not_picked":["Bane","Slice","Sucker Punch+1"],"picked":"SKIP","floor":42},{"not_picked":["Dagger Throw","Bane+1","Slice"],"picked":"SKIP","floor":44},{"not_picked":["Sucker Punch+1","Quick Slash","Well Laid Plans+1"],"picked":"SKIP","floor":47}],"player_experience":1386394,"relics_obtained":[{"floor":7,"key":"Tiny Chest"},{"floor":9,"key":"Toxic Egg 2"},{"floor":11,"key":"Lantern"},{"floor":25,"key":"Vajra"},{"floor":26,"key":"Dream Catcher"},{"floor":28,"key":"Snake Skull"},{"floor":30,"key":"Bottled Lightning"},{"floor":32,"key":"Paper Crane"},{"floor":37,"key":"Pear"},{"floor":41,"key":"Gambling Chip"},{"floor":43,"key":"The Specimen"},{"floor":46,"key":"Du-Vu Doll"}],"event_choices":[{"damage_healed":0,"gold_gain":0,"player_choice":"Box","damage_taken":0,"relics_obtained":["Ancient Tea Set"],"max_hp_gain":0,"max_hp_loss":0,"event_name":"Big Fish","floor":5,"gold_loss":0,"cards_obtained":["Regret"]},{"damage_healed":0,"gold_gain":175,"player_choice":"AGREE","damage_taken":0,"max_hp_gain":0,"max_hp_loss":0,"event_name":"Liars Game","floor":13,"gold_loss":0,"cards_obtained":["Doubt"]},{"damage_healed":0,"gold_gain":0,"player_choice":"Copied","damage_taken":0,"max_hp_gain":0,"max_hp_loss":0,"event_name":"Duplicator","floor":20,"gold_loss":0,"cards_obtained":["Catalyst"]},{"damage_healed":0,"gold_gain":0,"player_choice":"Ignored","damage_taken":0,"max_hp_gain":0,"max_hp_loss":0,"event_name":"Beggar","floor":24,"gold_loss":0},{"damage_healed":0,"gold_gain":0,"player_choice":"Upgraded","damage_taken":0,"max_hp_gain":0,"max_hp_loss":0,"event_name":"Upgrade Shrine","floor":27,"gold_loss":0,"cards_upgraded":["Neutralize"]},{"damage_healed":0,"gold_gain":275,"player_choice":"Desecrate","damage_taken":0,"max_hp_gain":0,"max_hp_loss":0,"event_name":"Golden Shrine","floor":38,"gold_loss":0,"cards_obtained":["Regret"]},{"damage_healed":0,"gold_gain":0,"player_choice":"Fight","damage_taken":0,"max_hp_gain":0,"max_hp_loss":0,"event_name":"MindBloom","floor":46,"gold_loss":0}],"is_beta":false,"boss_relics":[{"not_picked":["White Beast Statue","Runic Dome"],"picked":"Tiny House"},{"not_picked":["HoveringKite","Cursed Key"],"picked":"Astrolabe"}],"items_purged_floors":[3,39,48],"is_endless":false,"potions_floor_spawned":[14,16,18,33,35,36,44,46],"ascension_level":1}