{"gold_per_floor":[114,134,151,161,175,209,209,243,243,26,42,62,80,109,109,209,209,220,73,86,86,86,86,118,118,118,131,131],"floor_reached":28,"playtime":1697,"items_purged":[],"score":421,"play_id":"1816ebe8-8d63-4f57-9e88-c9d1d661f5e7","local_time":"20190607190358","is_ascension_mode":true,"campfire_choices":[{"floor":7.0,"key":"REST"},{"data":"Blade Dance","floor":15.0,"key":"SMITH"},{"floor":23.0,"key":"REST"},{"data":"Cloak And Dagger","floor":25.0,"key":"SMITH"}],"neow_cost":"NONE","seed_source_timestamp":0,"circlet_count":0,"master_deck":["Defend_G","Defend_G","Defend_G","Defend_G","Defend_G","Strike_G","Strike_G","Strike_G","Survivor","Neutralize","Crippling Poison","Dagger Throw","Masterful Stab","Cloak And Dagger+1","Backstab","Footwork+1","Footwork+1","Panache+1","PiercingWail","Choke","Finisher","Blade Dance+1","Glass Knife","Blade Dance+1","After Image+1"],"special_seed":0,"relics":["Ring of the Snake","Frozen Egg 2","Ninja Scroll","Kunai","Paper Crane","Empty Cage","Juzu Bracelet","Enchiridion","Shuriken","Toxic Egg 2"],"potions_floor_usage":[28,28],"damage_taken":[{"damage":9.0,"enemies":"Cultist","floor":1.0,"turns":6.0},{"damage":5.0,"enemies":"Small Slimes","floor":2.0,"turns":4.0},{"damage":0.0,"enemies":"2 Louse","floor":3.0,"turns":3.0},{"damage":18.0,"enemies":"Exordium Thugs","floor":4.0,"turns":5.0},{"damage":0.0,"enemies":"3 Louse","floor":5.0,"turns":4.0},{"damage":20.0,"enemies":"Lagavulin","floor":6.0,"turns":8.0},{"damage":30.0,"enemies":"3 Sentries","floor":8.0,"turns":11.0},{"damage":0.0,"enemies":"Blue Slaver","floor":11.0,"turns":6.0},{"damage":0.0,"enemies":"Exordium Thugs","floor":12.0,"turns":4.0},{"damage":0.0,"enemies":"Looter","floor":13.0,"turns":3.0},{"damage":1.0,"enemies":"Lagavulin","floor":14.0,"turns":3.0},{"damage":0.0,"enemies":"Hexaghost","floor":16.0,"turns":11.0},{"damage":3.0,"enemies":"Shell Parasite","floor":18.0,"turns":4.0},{"damage":0.0,"enemies":"Spheric Guardian","floor":20.0,"turns":1.0},{"damage":6.0,"enemies":"Slavers","floor":24.0,"turns":8.0},{"damage":8.0,"enemies":"Centurion and Healer","floor":27.0,"turns":4.0},{"damage":50,"enemies":"Gremlin Leader","floor":28,"turns":4}],"seed_played":"-309474123499720902","potions_obtained":[{"floor":2.0,"key":"Explosive Potion"},{"floor":3.0,"key":"FearPotion"},{"floor":4.0,"key":"Explosive Potion"},{"floor":8.0,"key":"Regen Potion"},{"floor":11.0,"key":"EssenceOfSteel"},{"floor":13.0,"key":"GhostInAJar"},{"floor":27.0,"key":"EssenceOfSteel"}],"is_trial":false,"path_per_floor":["M","M","M","M","M","E","R","E","T","$","M","M","M","E","R","B",null,"M","$","M","?","?","R","E","R","T","M","E"],"character_chosen":"THE_SILENT","items_purchased":["Panache+1","PiercingWail","Juzu Bracelet"],"campfire_rested":2,"item_purchase_floors":[10,10,19],"current_hp_per_floor":[61,56,56,38,38,18,41,11,11,11,26,26,26,25,25,25,64,61,61,61,45,31,55,49,49,49,41,0],"gold":131,"neow_bonus":"TEN_PERCENT_HP_BONUS","is_prod":false,"is_daily":false,"chose_seed":false,"campfire_upgraded":2,"win_rate":0,"timestamp":1559959438,"path_taken":["M","M","M","?","?","E","R","E","T","$","M","?","M","E","R","BOSS","M","$","M","?","?","R","E","R","T","M","E"],"build_version":"2019-01-23","purchased_purges":0,"victory":false,"max_hp_per_floor":[77,77,77,77,77,77,77,77,77,77,77,77,77,77,77,77,77,77,77,77,77,82,82,82,82,82,82,82],"card_choices":[{"not_picked":["PiercingWail","All Out Attack"],"picked":"Crippling Poison","floor":1.0},{"not_picked":["Eviscerate","Outmaneuver"],"picked":"Dagger Throw","floor":2.0},{"not_picked":["Underhanded Strike","Reflex"],"picked":"Masterful Stab","floor":3.0},{"not_picked":["Sucker Punch","Calculated Gamble"],"picked":"Cloak And Dagger","floor":4.0},{"not_picked":["Catalyst","Dagger Throw"],"picked":"Backstab","floor":5.0},{"not_picked":["PiercingWail","Calculated Gamble"],"picked":"Footwork","floor":6.0},{"not_picked":["Well Laid Plans+1","Skewer"],"picked":"Footwork+1","floor":8.0},{"not_picked":["Skewer","Slice"],"picked":"Choke","floor":11.0},{"not_picked":["All Out Attack","Riddle With Holes","Sucker Punch"],"picked":"SKIP","floor":12.0},{"not_picked":["Underhanded Strike","Quick Slash"],"picked":"Finisher","floor":13.0},{"not_picked":["Eviscerate","Sucker Punch"],"picked":"Blade Dance","floor":14.0},{"not_picked":["Burst","Unload"],"picked":"Glass Knife","floor":16.0},{"not_picked":["Bane","Poisoned Stab"],"picked":"Blade Dance+1","floor":18.0},{"not_picked":["Underhanded Strike+1","Outmaneuver","Sucker Punch"],"picked":"SKIP","floor":20.0},{"not_picked":["Riddle With Holes","Deadly Poison+1"],"picked":"After Image+1","floor":24.0},{"not_picked":["Quick Slash","Bane","Setup+1"],"picked":"SKIP","floor":27.0}],"player_experience":343436,"relics_obtained":[{"floor":6.0,"key":"Frozen Egg 2"},{"floor":8.0,"key":"Ninja Scroll"},{"floor":9.0,"key":"Kunai"},{"floor":14.0,"key":"Paper Crane"},{"floor":21.0,"key":"Enchiridion"},{"floor":24.0,"key":"Shuriken"},{"floor":26.0,"key":"Toxic Egg 2"}],"event_choices":[{"damage_healed":0.0,"max_hp_gain":0.0,"max_hp_loss":0.0,"gold_gain":0.0,"event_name":"Cursed Tome","player_choice":"Obtained Book","floor":21.0,"gold_loss":0.0,"damage_taken":16.0},{"damage_healed":0.0,"max_hp_gain":5.0,"max_hp_loss":0.0,"gold_gain":0.0,"event_name":"Forgotten Altar","player_choice":"Shed Blood","floor":22.0,"gold_loss":0.0,"damage_taken":19.0}],"is_beta":false,"boss_relics":[{"not_picked":["Astrolabe","Velvet Choker"],"picked":"Empty Cage"}],"items_purged_floors":[],"is_endless":false,"potions_floor_spawned":[2,3,4,8,11,13,27],"killed_by":"Gremlin Leader","ascension_level":7}