{"gold_per_floor":[113,113,62,74,74,101,101,4,4,30,43,61,90,106,106,180,180,200,216,35,35,35,60,60,72,72,72,102,102,114,128,128,128],"floor_reached":33,"playtime":962,"items_purged":[],"score":810,"play_id":"c35f6959-4e3e-4c0d-b64d-13c84064ba26","local_time":"20190524215843","is_ascension_mode":true,"campfire_choices":[{"data":"Bash","floor":7,"key":"SMITH"},{"data":"Double Tap","floor":15,"key":"SMITH"},{"data":"Battle Trance","floor":24,"key":"SMITH"},{"data":"Immolate","floor":27,"key":"SMITH"},{"floor":32,"key":"REST"}],"neow_cost":"NONE","seed_source_timestamp":619070430889743,"circlet_count":0,"master_deck":["AscendersBane","Strike_R","Strike_R","Strike_R","Strike_R","Strike_R","Defend_R","Defend_R","Bash+1","Perfected Strike+1","Twin Strike","Wild Strike","Evolve","Twin Strike","Pommel Strike","Double Tap+1","Thunderclap","Immolate+1","Battle Trance+1","Blind","Sentinel","Dual Wield+1","Twin Strike","Purity"],"relics":["Burning Blood","NeowsBlessing","Lantern","Self Forming Clay","Torii","Matryoshka","Runic Dome","Turnip","Dream Catcher","Pen Nib","Vajra"],"potions_floor_usage":[23,33],"damage_taken":[{"damage":0,"enemies":"Cultist","floor":1,"turns":1},{"damage":0,"enemies":"2 Louse","floor":4,"turns":1},{"damage":0,"enemies":"Lagavulin","floor":6,"turns":1},{"damage":16,"enemies":"3 Sentries","floor":10,"turns":6},{"damage":1,"enemies":"Small Slimes","floor":11,"turns":2},{"damage":7,"enemies":"Exordium Thugs","floor":12,"turns":3},{"damage":6,"enemies":"Gremlin Nob","floor":13,"turns":3},{"damage":1,"enemies":"3 Louse","floor":14,"turns":3},{"damage":0,"enemies":"Slime Boss","floor":16,"turns":6},{"damage":23,"enemies":"2 Thieves","floor":18,"turns":3},{"damage":0,"enemies":"Spheric Guardian","floor":19,"turns":1},{"damage":0,"enemies":"Gremlin Leader","floor":23,"turns":6},{"damage":0,"enemies":"Centurion and Healer","floor":25,"turns":3},{"damage":38,"enemies":"Book of Stabbing","floor":28,"turns":4},{"damage":18,"enemies":"Snake Plant","floor":30,"turns":4},{"damage":0,"enemies":"Snecko","floor":31,"turns":2},{"damage":87,"enemies":"Champ","floor":33,"turns":7}],"seed_played":"-6725223089638801988","potions_obtained":[{"floor":6,"key":"Strength Potion"},{"floor":10,"key":"GamblersBrew"},{"floor":13,"key":"Ancient Potion"},{"floor":23,"key":"Swift Potion"},{"floor":25,"key":"FairyPotion"}],"is_trial":false,"path_per_floor":["M","?","$","M","?","E","R","$","T","E","M","M","E","M","R","B",null,"M","M","$","?","?","E","R","M","T","R","E","?","M","M","R","B"],"character_chosen":"IRONCLAD","items_purchased":["Twin Strike","Evolve","Twin Strike","Battle Trance","Blind"],"campfire_rested":1,"item_purchase_floors":[3,8,8,20,20],"current_hp_per_floor":[74,74,74,75,68,74,74,74,74,64,69,68,68,73,73,75,75,58,64,64,64,64,70,70,75,75,75,43,29,17,23,45,0],"gold":128,"neow_bonus":"THREE_ENEMY_KILL","is_prod":false,"is_daily":false,"chose_seed":false,"campfire_upgraded":4,"win_rate":0,"timestamp":1558727923,"path_taken":["M","?","$","?","?","E","R","$","T","E","M","M","E","M","R","BOSS","M","M","$","?","?","E","R","?","T","R","E","?","M","M","R","BOSS"],"build_version":"2019-01-23","purchased_purges":0,"victory":false,"max_hp_per_floor":[75,75,75,75,75,75,75,75,75,75,75,75,75,75,75,75,75,75,75,75,75,75,75,75,75,75,75,75,75,75,75,75,75],"card_choices":[{"not_picked":["Shrug It Off","Clash"],"picked":"Perfected Strike","floor":1},{"not_picked":["Rampage","Uppercut","Headbutt"],"picked":"SKIP","floor":4},{"not_picked":["Body Slam","Thunderclap"],"picked":"Wild Strike","floor":6},{"not_picked":["Berserk","Heavy Blade"],"picked":"Pommel Strike","floor":10},{"not_picked":["Cleave","Blood for Blood","True Grit"],"picked":"SKIP","floor":11},{"not_picked":["Twin Strike","Whirlwind"],"picked":"Double Tap","floor":12},{"not_picked":["Combust","Intimidate"],"picked":"Thunderclap","floor":13},{"not_picked":["Evolve","True Grit","Havoc"],"picked":"SKIP","floor":14},{"not_picked":["Demon Form","Feed"],"picked":"Immolate","floor":16},{"not_picked":["Heavy Blade","Warcry","True Grit"],"picked":"SKIP","floor":18},{"not_picked":["Reckless Charge","Warcry","True Grit"],"picked":"SKIP","floor":19},{"not_picked":["Infernal Blade","Iron Wave","Evolve"],"picked":"SKIP","floor":23},{"not_picked":["Headbutt","Evolve"],"picked":"Dual Wield+1","floor":25},{"not_picked":["Iron Wave","Spot Weakness"],"picked":"Twin Strike","floor":28},{"not_picked":["Armaments","Rampage","Fire Breathing"],"picked":"SKIP","floor":30},{"not_picked":["Cleave","Wild Strike","Warcry"],"picked":"SKIP","floor":31}],"player_experience":391270,"relics_obtained":[{"floor":6,"key":"Lantern"},{"floor":9,"key":"Self Forming Clay"},{"floor":10,"key":"Torii"},{"floor":13,"key":"Matryoshka"},{"floor":23,"key":"Turnip"},{"floor":26,"key":"Dream Catcher"},{"floor":26,"key":"Pen Nib"},{"floor":28,"key":"Vajra"}],"event_choices":[{"damage_healed":0,"gold_gain":0,"player_choice":"Forge","damage_taken":0,"max_hp_gain":0,"max_hp_loss":0,"event_name":"Accursed Blacksmith","floor":2,"gold_loss":0,"cards_upgraded":["Perfected Strike"]},{"cards_removed":["Defend_R"],"damage_healed":0,"gold_gain":0,"player_choice":"Card Removal","damage_taken":7,"max_hp_gain":0,"max_hp_loss":0,"event_name":"Golden Wing","floor":5,"gold_loss":0},{"damage_healed":0,"gold_gain":0,"player_choice":"Ignored","damage_taken":0,"max_hp_gain":0,"max_hp_loss":0,"event_name":"Ghosts","floor":21,"gold_loss":0},{"damage_healed":0,"gold_gain":0,"cards_transformed":["Defend_R"],"player_choice":"Transformed","damage_taken":0,"max_hp_gain":0,"max_hp_loss":0,"event_name":"Transmorgrifier","floor":22,"gold_loss":0,"cards_obtained":["Sentinel"]},{"damage_healed":0,"gold_gain":0,"player_choice":"CARD ","damage_taken":14,"max_hp_gain":0,"max_hp_loss":0,"event_name":"Knowing Skull","floor":29,"potions_obtained":[],"gold_loss":0,"cards_obtained":["Purity"]}],"is_beta":false,"boss_relics":[{"not_picked":["Empty Cage","Orrery"],"picked":"Runic Dome"}],"items_purged_floors":[],"is_endless":false,"potions_floor_spawned":[6,10,13,14,16,23,25,31],"killed_by":"Champ","ascension_level":20}