{"gold_per_floor":[110,126,201,201,23,23,23,23,23,23,37,37,65,65,65,142,142,160,435,446,465,93,93,103,116,140,140,158,158,177,177,177,251,251,268,287,162,262,274,299,299,299,322,322,339,365,365,381,381,381],"floor_reached":50,"playtime":1577,"items_purged":["Bash","Regret","Strike_R+1"],"score":1050,"play_id":"33aee97d-904d-42ce-bebe-687864d262df","local_time":"20190524223838","is_ascension_mode":true,"campfire_choices":[{"data":"Searing Blow","floor":6.0,"key":"SMITH"},{"data":"Searing Blow+1","floor":8.0,"key":"SMITH"},{"data":"Searing Blow+2","floor":10.0,"key":"SMITH"},{"data":"Searing Blow+3","floor":12.0,"key":"SMITH"},{"data":"Searing Blow+4","floor":15.0,"key":"SMITH"},{"data":"Searing Blow+5","floor":23.0,"key":"SMITH"},{"floor":27.0,"key":"REST"},{"data":"Searing Blow+6","floor":29.0,"key":"SMITH"},{"data":"Searing Blow+7","floor":32.0,"key":"SMITH"},{"data":"Searing Blow+8","floor":41,"key":"SMITH"},{"data":"Searing Blow+9","floor":44,"key":"SMITH"},{"floor":47,"key":"REST"},{"data":"Searing Blow+10","floor":49,"key":"SMITH"}],"neow_cost":"TEN_PERCENT_HP_LOSS","seed_source_timestamp":620613364166227,"circlet_count":0,"master_deck":["AscendersBane","Strike_R+1","Strike_R+1","Strike_R+1","Defend_R+1","Defend_R+1","Defend_R+1","Defend_R+1","Searing Blow+11","Trip","Flame Barrier","Impervious","Blind","Double Tap"],"special_seed":0,"relics":["Burning Blood","Gremlin Horn","Blue Candle","Strawberry","Philosopher\u0027s Stone","Oddly Smooth Stone","Boot","Busted Crown","Shovel","Paper Frog","Dream Catcher","Omamori"],"potions_floor_usage":[40,40],"damage_taken":[{"damage":11.0,"enemies":"Small Slimes","floor":1.0,"turns":3.0},{"damage":7.0,"enemies":"Jaw Worm","floor":2.0,"turns":3.0},{"damage":6.0,"enemies":"2 Louse","floor":11.0,"turns":2.0},{"damage":15.0,"enemies":"3 Sentries","floor":13.0,"turns":8.0},{"damage":28.0,"enemies":"The Guardian","floor":16.0,"turns":7.0},{"damage":0.0,"enemies":"Shell Parasite","floor":18.0,"turns":1.0},{"damage":13.0,"enemies":"3 Byrds","floor":20.0,"turns":4.0},{"damage":48.0,"enemies":"Cultist and Chosen","floor":21.0,"turns":7.0},{"damage":6.0,"enemies":"Snake Plant","floor":24.0,"turns":3.0},{"damage":9.0,"enemies":"Centurion and Healer","floor":25.0,"turns":5.0},{"damage":0.0,"enemies":"Snecko","floor":28.0,"turns":3.0},{"damage":0.0,"enemies":"Snake Plant","floor":30.0,"turns":2.0},{"damage":42.0,"enemies":"Automaton","floor":33.0,"turns":9.0},{"damage":0.0,"enemies":"3 Darklings","floor":35.0,"turns":6.0},{"damage":0.0,"enemies":"Orb Walker","floor":36.0,"turns":3.0},{"damage":0.0,"enemies":"Mind Bloom Boss Battle","floor":38.0,"turns":3.0},{"damage":9.0,"enemies":"Jaw Worm Horde","floor":39.0,"turns":5.0},{"damage":11,"enemies":"Reptomancer","floor":40,"turns":2},{"damage":22,"enemies":"3 Darklings","floor":45,"turns":7},{"damage":16,"enemies":"Nemesis","floor":46,"turns":7},{"damage":0,"enemies":"Writhing Mass","floor":48,"turns":3},{"damage":77,"enemies":"Time Eater","floor":50,"turns":7}],"seed_played":"614949510103384952","potions_obtained":[{"floor":2.0,"key":"Strength Potion"},{"floor":16.0,"key":"SneckoOil"},{"floor":21.0,"key":"Weak Potion"},{"floor":25.0,"key":"Fire Potion"},{"floor":28.0,"key":"FearPotion"},{"floor":40,"key":"Energy Potion"},{"floor":45,"key":"Fire Potion"}],"is_trial":false,"path_per_floor":["M","M","?","?","$","R","?","R","T","R","M","R","E","$","R","B",null,"M","?","M","M","$","R","M","M","T","R","M","R","M","?","R","B",null,"M","M","$","?","M","E","R","?","T","R","M","E","R","M","R","B"],"character_chosen":"IRONCLAD","items_purchased":["Trip","Blind","Oddly Smooth Stone"],"campfire_rested":2,"item_purchase_floors":[5,22,22],"current_hp_per_floor":[63,62,51,40,40,40,40,40,40,40,40,40,38,38,38,16,60,66,66,59,17,17,17,17,14,14,36,42,42,48,48,48,12,59,65,71,71,75,72,67,67,67,67,67,51,41,63,69,69,0],"gold":381,"neow_bonus":"THREE_RARE_CARDS","is_prod":false,"is_daily":false,"chose_seed":false,"campfire_upgraded":11,"win_rate":0,"timestamp":1558730318,"path_taken":["M","M","?","?","?","R","?","R","T","R","?","R","E","$","R","BOSS","M","?","?","?","$","R","M","M","T","R","?","R","?","?","R","BOSS","M","M","$","?","M","E","R","?","T","R","?","E","R","M","R","BOSS"],"build_version":"2019-01-23","purchased_purges":3,"victory":false,"max_hp_per_floor":[68,68,68,68,68,68,68,68,68,68,68,68,75,75,75,75,75,75,75,75,75,75,75,75,75,75,75,75,75,75,75,75,75,75,75,75,75,75,75,75,75,75,75,75,75,75,75,75,75,75],"card_choices":[{"not_picked":["Dark Embrace","Reaper"],"picked":"Bludgeon","floor":0.0},{"not_picked":["Anger","Havoc"],"picked":"Searing Blow","floor":1.0},{"not_picked":["Sword Boomerang","Rage","Pommel Strike"],"picked":"SKIP","floor":2.0},{"not_picked":["Perfected Strike","Reckless Charge"],"picked":"Flame Barrier","floor":11.0},{"not_picked":["Warcry","Bloodletting","Metallicize"],"picked":"SKIP","floor":13.0},{"not_picked":["Dark Embrace","Immolate"],"picked":"Impervious","floor":16.0},{"not_picked":["Clash","Corruption","Perfected Strike"],"picked":"SKIP","floor":18.0},{"not_picked":["Entrench","Feel No Pain","Spot Weakness"],"picked":"SKIP","floor":20.0},{"not_picked":["Infernal Blade","Clothesline","Pommel Strike"],"picked":"SKIP","floor":21.0},{"not_picked":["Flex","Wild Strike","Clothesline"],"picked":"SKIP","floor":24.0},{"not_picked":["Searing Blow","Pummel","Cleave+1"],"picked":"SKIP","floor":25.0},{"not_picked":["Sentinel","Pommel Strike+1","Wild Strike+1"],"picked":"SKIP","floor":28.0},{"not_picked":["Headbutt","Havoc","Evolve"],"picked":"SKIP","floor":30.0},{"not_picked":["Brutality","Impervious"],"picked":"Double Tap","floor":33.0},{"not_picked":["Evolve"],"picked":"SKIP","floor":35.0},{"not_picked":["Headbutt"],"picked":"SKIP","floor":36.0},{"not_picked":["Inflame+1"],"picked":"SKIP","floor":39.0},{"not_picked":["Sentinel"],"picked":"SKIP","floor":40},{"not_picked":["Sword Boomerang"],"picked":"SKIP","floor":45},{"not_picked":["Reckless Charge+1"],"picked":"SKIP","floor":46},{"not_picked":["Heavy Blade"],"picked":"SKIP","floor":48}],"player_experience":392751,"relics_obtained":[{"floor":9.0,"key":"Blue Candle"},{"floor":13.0,"key":"Strawberry"},{"floor":26.0,"key":"Boot"},{"floor":38.0,"key":"Shovel"},{"floor":40,"key":"Paper Frog"},{"floor":43,"key":"Dream Catcher"},{"floor":46,"key":"Omamori"}],"event_choices":[{"damage_healed":0.0,"max_hp_gain":0.0,"max_hp_loss":0.0,"gold_gain":75.0,"event_name":"World of Goop","player_choice":"Gather Gold","floor":3.0,"gold_loss":0.0,"damage_taken":11.0},{"damage_healed":0.0,"max_hp_gain":0.0,"max_hp_loss":0.0,"gold_gain":0.0,"event_name":"Scrap Ooze","player_choice":"Success","floor":4.0,"gold_loss":0.0,"damage_taken":11.0,"relics_obtained":["Gremlin Horn"]},{"cards_removed":["Strike_R"],"damage_healed":0.0,"max_hp_gain":0.0,"max_hp_loss":0.0,"gold_gain":0.0,"event_name":"Purifier","player_choice":"Purged","floor":7.0,"gold_loss":0.0,"damage_taken":0.0},{"damage_healed":0.0,"max_hp_gain":0.0,"max_hp_loss":0.0,"gold_gain":275.0,"event_name":"Golden Shrine","player_choice":"Desecrate","floor":19.0,"gold_loss":0.0,"damage_taken":0.0,"cards_obtained":["Regret"]},{"damage_healed":0.0,"max_hp_gain":0.0,"max_hp_loss":0.0,"gold_gain":0.0,"event_name":"Back to Basics","player_choice":"Simplicity","floor":31.0,"gold_loss":0.0,"damage_taken":0.0,"cards_upgraded":["Strike_R","Strike_R","Strike_R","Strike_R","Defend_R","Defend_R","Defend_R","Defend_R"]},{"damage_healed":0.0,"max_hp_gain":0.0,"max_hp_loss":0.0,"gold_gain":0.0,"event_name":"MindBloom","player_choice":"Fight","floor":38.0,"gold_loss":0.0,"damage_taken":0.0},{"cards_removed":["Bludgeon"],"damage_healed":0,"gold_gain":0,"player_choice":"Removed Attack","damage_taken":0,"max_hp_gain":0,"max_hp_loss":0,"event_name":"Falling","floor":42,"gold_loss":0}],"is_beta":false,"boss_relics":[{"not_picked":["Eternal Feather","Black Star"],"picked":"Philosopher\u0027s Stone"},{"not_picked":["White Beast Statue","Black Blood"],"picked":"Busted Crown"}],"items_purged_floors":[5,22,37],"is_endless":false,"potions_floor_spawned":[2,16,21,25,28,30,33,36,38,40,45],"killed_by":"Time Eater","ascension_level":20}