{"gold_per_floor":[119,119,43,57,132,132,149,168,192,202,202,202],"floor_reached":12,"playtime":511,"items_purged":[],"score":112,"play_id":"4a5bfdda-43d2-4958-912d-55da1a812fcc","local_time":"20190509191026","is_ascension_mode":true,"campfire_choices":[{"data":"Malaise","floor":6,"key":"SMITH"},{"data":"Crippling Poison","floor":11,"key":"SMITH"}],"neow_cost":"NONE","seed_source_timestamp":1931741316849090,"circlet_count":0,"master_deck":["AscendersBane","Defend_G","Defend_G","Defend_G","Defend_G+1","Strike_G","Strike_G+1","Strike_G","Strike_G","Strike_G","Survivor","Neutralize","Malaise+1","Dagger Throw","Prepared","Sucker Punch","Dagger Spray","Underhanded Strike","Heel Hook","Crippling Poison+1"],"relics":["Ring of the Snake","Oddly Smooth Stone"],"potions_floor_usage":[10],"damage_taken":[{"damage":4,"enemies":"2 Louse","floor":1,"turns":5},{"damage":4,"enemies":"Small Slimes","floor":4,"turns":3},{"damage":0,"enemies":"Jaw Worm","floor":7,"turns":5},{"damage":1,"enemies":"Large Slime","floor":8,"turns":7},{"damage":0,"enemies":"3 Louse","floor":10,"turns":3},{"damage":37,"enemies":"Gremlin Nob","floor":12,"turns":4}],"seed_played":"-7947262892312557765","potions_obtained":[{"floor":1,"key":"AttackPotion"}],"is_trial":false,"path_per_floor":["M","?","$","M","?","R","M","M","T","M","R","E"],"character_chosen":"THE_SILENT","items_purchased":["Prepared","Sucker Punch"],"campfire_rested":0,"item_purchase_floors":[3,3],"current_hp_per_floor":[59,45,45,41,30,30,30,29,29,29,29,0],"gold":202,"neow_bonus":"TRANSFORM_CARD","is_prod":false,"is_daily":false,"chose_seed":false,"campfire_upgraded":2,"win_rate":0,"timestamp":1557421826,"path_taken":["M","?","$","M","?","R","M","M","T","M","R","E"],"build_version":"2019-01-23","purchased_purges":0,"victory":false,"max_hp_per_floor":[70,70,70,70,70,70,70,70,70,70,70,70],"card_choices":[{"not_picked":["Flechettes","Reflex"],"picked":"Dagger Throw","floor":1},{"not_picked":["Endless Agony","PiercingWail"],"picked":"Dagger Spray","floor":4},{"not_picked":["Concentrate","Bane"],"picked":"Underhanded Strike","floor":7},{"not_picked":["All Out Attack","Sucker Punch"],"picked":"Heel Hook","floor":8},{"not_picked":["Backstab","Poisoned Stab"],"picked":"Crippling Poison","floor":10}],"player_experience":281265,"relics_obtained":[{"floor":9,"key":"Oddly Smooth Stone"}],"event_choices":[{"damage_healed":0,"gold_gain":0,"player_choice":"Entered Light","damage_taken":14,"max_hp_gain":0,"max_hp_loss":0,"event_name":"Shining Light","floor":2,"gold_loss":0,"cards_upgraded":["Defend_G","Strike_G"]},{"damage_healed":0,"gold_gain":75,"player_choice":"Gather Gold","damage_taken":11,"max_hp_gain":0,"max_hp_loss":0,"event_name":"World of Goop","floor":5,"gold_loss":0}],"is_beta":false,"boss_relics":[],"items_purged_floors":[],"is_endless":false,"potions_floor_spawned":[1],"killed_by":"Gremlin Nob","ascension_level":12}