{"gold_per_floor":[111,61,61,61,75,108,126,126,153,187,40,40,40,40,40,137,137,155,155,175,175,190,190,190],"floor_reached":24,"playtime":740,"items_purged":["Regret"],"score":318,"play_id":"797834b8-369c-4dc0-9409-79f60913a704","local_time":"20190327003619","is_ascension_mode":true,"campfire_choices":[{"data":"Skewer","floor":8.0,"key":"SMITH"},{"data":"Noxious Fumes","floor":12.0,"key":"SMITH"},{"data":"Cloak And Dagger","floor":15.0,"key":"SMITH"},{"data":"Adrenaline","floor":23,"key":"SMITH"}],"neow_cost":"NONE","seed_source_timestamp":35228868036614,"circlet_count":0,"master_deck":["Defend_G","Defend_G","Defend_G","Strike_G","Strike_G","Strike_G","Strike_G","Survivor","Neutralize","Cloak And Dagger+1","Skewer+1","Leg Sweep","Noxious Fumes+1","Adrenaline+1","Dagger Spray","Backstab","Dodge and Roll","Blade Dance+1"],"special_seed":0,"relics":["Ring of the Serpent","NeowsBlessing","Strawberry","Centennial Puzzle","Bronze Scales","Calipers"],"potions_floor_usage":[16,20],"damage_taken":[{"damage":0.0,"enemies":"2 Louse","floor":1.0,"turns":1.0},{"damage":0.0,"enemies":"Small Slimes","floor":5.0,"turns":1.0},{"damage":0.0,"enemies":"Lagavulin","floor":6.0,"turns":1.0},{"damage":6.0,"enemies":"Jaw Worm","floor":7.0,"turns":4.0},{"damage":25.0,"enemies":"3 Sentries","floor":10.0,"turns":7.0},{"damage":27,"enemies":"Slime Boss","floor":16,"turns":8},{"damage":1,"enemies":"Chosen","floor":18,"turns":4},{"damage":10,"enemies":"2 Thieves","floor":20,"turns":4},{"damage":17,"enemies":"Colosseum Slavers","floor":21,"turns":4},{"damage":8,"enemies":"Snecko","floor":22,"turns":5},{"damage":34,"enemies":"Gremlin Leader","floor":24,"turns":4}],"seed_played":"3476987938506669062","potions_obtained":[{"floor":5.0,"key":"PowerPotion"},{"floor":6.0,"key":"FearPotion"},{"floor":16,"key":"Poison Potion"}],"is_trial":false,"path_per_floor":["M","?","?","$","M","E","M","R","T","E","$","R","?","$","R","B",null,"M","?","M","?","M","R","E"],"character_chosen":"THE_SILENT","items_purchased":["Noxious Fumes"],"campfire_rested":0,"item_purchase_floors":[11],"current_hp_per_floor":[63,63,70,70,70,70,64,64,64,39,39,39,39,39,39,12,61,60,60,50,33,25,25,0],"gold":190,"neow_bonus":"THREE_ENEMY_KILL","is_prod":false,"is_daily":false,"chose_seed":false,"campfire_upgraded":4,"win_rate":0,"timestamp":1553643379,"path_taken":["M","?","?","$","M","E","M","R","T","E","$","R","?","?","R","BOSS","M","?","M","?","M","R","E"],"build_version":"2019-01-23","purchased_purges":1,"victory":false,"max_hp_per_floor":[70,70,77,77,77,77,77,77,77,77,77,77,77,77,77,77,77,77,77,77,77,77,77,77],"card_choices":[{"not_picked":["Deflect","Distraction"],"picked":"Cloak And Dagger","floor":1.0},{"not_picked":["Outmaneuver","Well Laid Plans"],"picked":"Skewer","floor":5.0},{"not_picked":["Underhanded Strike","Masterful Stab","Phantasmal Killer"],"picked":"SKIP","floor":6.0},{"not_picked":["Sucker Punch","Deflect","Outmaneuver"],"picked":"SKIP","floor":7.0},{"not_picked":["Night Terror","Outmaneuver"],"picked":"Leg Sweep","floor":10.0},{"not_picked":["Wraith Form v2","Phantasmal Killer"],"picked":"Adrenaline","floor":16},{"not_picked":["Finisher","Flying Knee"],"picked":"Dagger Spray","floor":18},{"not_picked":["Quick Slash","Bane"],"picked":"Blade Dance+1","floor":20},{"not_picked":["Sucker Punch+1","PiercingWail","Dagger Throw"],"picked":"SKIP","floor":22}],"player_experience":154982,"relics_obtained":[{"floor":6.0,"key":"Centennial Puzzle"},{"floor":9.0,"key":"Bronze Scales"},{"floor":10.0,"key":"Calipers"}],"event_choices":[{"cards_removed":["Defend_G"],"damage_healed":0.0,"max_hp_gain":0.0,"max_hp_loss":0.0,"gold_gain":0.0,"event_name":"The Cleric","player_choice":"Card Removal","floor":2.0,"gold_loss":50.0,"damage_taken":0.0},{"damage_healed":0.0,"max_hp_gain":0.0,"max_hp_loss":0.0,"gold_gain":0.0,"event_name":"Big Fish","player_choice":"Box","floor":3.0,"gold_loss":0.0,"damage_taken":0.0,"relics_obtained":["Strawberry"],"cards_obtained":["Regret"]},{"damage_healed":0.0,"max_hp_gain":0.0,"max_hp_loss":0.0,"gold_gain":0.0,"event_name":"Liars Game","player_choice":"Ignored","floor":13.0,"gold_loss":0.0,"damage_taken":0.0},{"damage_healed":0,"gold_gain":0,"cards_transformed":["Strike_G","Defend_G"],"player_choice":"Became Test Subject","damage_taken":0,"max_hp_gain":0,"max_hp_loss":0,"event_name":"Drug Dealer","floor":19,"gold_loss":0,"cards_obtained":["Backstab","Dodge and Roll"]},{"damage_healed":0,"gold_gain":0,"player_choice":"Fight","damage_taken":0,"max_hp_gain":0,"max_hp_loss":0,"event_name":"Colosseum","floor":21,"gold_loss":0},{"damage_healed":0,"gold_gain":0,"player_choice":"Fled From Nobs","damage_taken":0,"max_hp_gain":0,"max_hp_loss":0,"event_name":"Colosseum","floor":21,"gold_loss":0}],"is_beta":false,"boss_relics":[{"not_picked":["Calling Bell","Eternal Feather"],"picked":"Ring of the Serpent"}],"items_purged_floors":[11],"is_endless":false,"potions_floor_spawned":[5,6,16,21],"killed_by":"Gremlin Leader","ascension_level":8}