{"gold_per_floor":[211,211,49,49,67,67,98,98,98,98,121,162,162,185,185,281,281,262,276,276,299,314,314,314,350,350,350],"floor_reached":27,"playtime":1380,"items_purged":["Clumsy"],"score":532,"play_id":"88cf9053-6680-47b7-8b37-1695e0d92f4a","local_time":"20190616201639","is_ascension_mode":true,"campfire_choices":[{"data":"A Thousand Cuts","floor":6,"key":"SMITH"},{"data":"Cloak And Dagger","floor":10,"key":"SMITH"},{"data":"Cloak And Dagger","floor":15,"key":"SMITH"},{"floor":23,"key":"REST"}],"neow_cost":"NONE","seed_source_timestamp":188114142479523,"circlet_count":0,"master_deck":["AscendersBane","Defend_G+1","Defend_G+1","Defend_G+1","Defend_G+1","Defend_G+1","Strike_G+1","Strike_G+1","Strike_G+1","Survivor","Neutralize","Dodge and Roll","Cloak And Dagger+1","A Thousand Cuts+1","Infinite Blades","Footwork","Blur","Cloak And Dagger+1","Escape Plan","Dodge and Roll","Cloak And Dagger","Infinite Blades+1","Caltrops+1","Underhanded Strike","Footwork+1"],"relics":["Ring of the Snake","Golden Idol","Pen Nib","Anchor","Frozen Egg 2","Philosopher\u0027s Stone","Paper Crane","Smiling Mask"],"potions_floor_usage":[7,7,16,22,27],"damage_taken":[{"damage":5,"enemies":"Small Slimes","floor":1,"turns":4},{"damage":0,"enemies":"Cultist","floor":5,"turns":5},{"damage":24,"enemies":"Gremlin Nob","floor":7,"turns":4},{"damage":0,"enemies":"2 Louse","floor":11,"turns":3},{"damage":0,"enemies":"Lagavulin","floor":12,"turns":7},{"damage":0,"enemies":"Blue Slaver","floor":14,"turns":4},{"damage":27,"enemies":"Hexaghost","floor":16,"turns":11},{"damage":14,"enemies":"2 Thieves","floor":18,"turns":4},{"damage":13,"enemies":"Spheric Guardian","floor":19,"turns":5},{"damage":7,"enemies":"Chosen and Byrds","floor":21,"turns":7},{"damage":14,"enemies":"Snake Plant","floor":22,"turns":4},{"damage":12,"enemies":"Book of Stabbing","floor":25,"turns":5},{"damage":23,"enemies":"Cultist and Chosen","floor":27,"turns":3}],"seed_played":"7163750421946032499","potions_obtained":[{"floor":1,"key":"Ancient Potion"},{"floor":5,"key":"Fire Potion"},{"floor":7,"key":"Fire Potion"},{"floor":14,"key":"Ancient Potion"},{"floor":19,"key":"Block Potion"}],"is_trial":false,"path_per_floor":["M","?","$","?","M","R","E","?","T","R","M","E","?","M","R","B",null,"M","M","?","M","M","R","?","E","T","M"],"character_chosen":"THE_SILENT","items_purchased":["Infinite Blades"],"campfire_rested":1,"item_purchase_floors":[3],"current_hp_per_floor":[54,54,54,54,54,54,30,30,30,30,30,30,35,35,35,8,51,37,24,24,17,3,22,22,10,10,0],"gold":350,"neow_bonus":"HUNDRED_GOLD","is_prod":false,"is_daily":false,"chose_seed":false,"campfire_upgraded":3,"win_rate":0,"timestamp":1560708999,"path_taken":["M","?","?","?","M","R","E","?","T","R","M","E","?","?","R","BOSS","M","M","?","M","M","R","?","E","T","M"],"build_version":"2019-01-23","purchased_purges":1,"victory":false,"max_hp_per_floor":[66,66,66,60,60,60,60,60,60,60,60,60,65,65,65,65,65,65,65,65,65,65,65,65,65,65,65],"card_choices":[{"not_picked":["Expertise","Outmaneuver"],"picked":"Dodge and Roll","floor":1},{"not_picked":["Distraction","Outmaneuver","Bane"],"picked":"SKIP","floor":5},{"not_picked":["Deadly Poison","Night Terror"],"picked":"Footwork","floor":7},{"not_picked":["Endless Agony","Acrobatics","Poisoned Stab"],"picked":"SKIP","floor":11},{"not_picked":["Dagger Throw","Crippling Poison"],"picked":"Blur","floor":12},{"not_picked":["Footwork+1","Corpse Explosion"],"picked":"Cloak And Dagger","floor":14},{"not_picked":["Bane","Outmaneuver"],"picked":"Escape Plan","floor":18},{"not_picked":["Acrobatics","Bane"],"picked":"Dodge and Roll","floor":19},{"not_picked":["Dagger Spray","Bane+1"],"picked":"Cloak And Dagger","floor":21},{"not_picked":["Masterful Stab+1","Sucker Punch"],"picked":"Infinite Blades+1","floor":22},{"not_picked":["Prepared","Blade Dance"],"picked":"Footwork+1","floor":25}],"player_experience":573136,"relics_obtained":[{"floor":7,"key":"Pen Nib"},{"floor":9,"key":"Anchor"},{"floor":12,"key":"Frozen Egg 2"},{"floor":25,"key":"Paper Crane"},{"floor":26,"key":"Smiling Mask"}],"event_choices":[{"damage_healed":0,"gold_gain":0,"player_choice":"3 cards matched","damage_taken":0,"max_hp_gain":0,"max_hp_loss":0,"event_name":"Match and Keep!","floor":2,"gold_loss":0,"cards_obtained":["Clumsy","Cloak And Dagger","A Thousand Cuts"]},{"damage_healed":0,"gold_gain":0,"player_choice":"Lose Max HP","damage_taken":0,"relics_obtained":["Golden Idol"],"max_hp_gain":0,"max_hp_loss":6,"event_name":"Golden Idol","floor":4,"gold_loss":0},{"damage_healed":0,"gold_gain":0,"player_choice":"Searched \u00270\u0027 times","damage_taken":0,"max_hp_gain":0,"max_hp_loss":0,"event_name":"Dead Adventurer","floor":8,"gold_loss":0},{"damage_healed":0,"gold_gain":0,"player_choice":"Donut","damage_taken":0,"max_hp_gain":5,"max_hp_loss":0,"event_name":"Big Fish","floor":13,"gold_loss":0},{"damage_healed":0,"gold_gain":0,"player_choice":"Simplicity","damage_taken":0,"max_hp_gain":0,"max_hp_loss":0,"event_name":"Back to Basics","floor":20,"gold_loss":0,"cards_upgraded":["Defend_G","Defend_G","Defend_G","Defend_G","Defend_G","Strike_G","Strike_G","Strike_G","Strike_G","Strike_G"]},{"damage_healed":0,"gold_gain":0,"cards_transformed":["Strike_G","Strike_G"],"player_choice":"Became Test Subject","damage_taken":0,"max_hp_gain":0,"max_hp_loss":0,"event_name":"Drug Dealer","floor":24,"gold_loss":0,"cards_obtained":["Caltrops","Underhanded Strike"]}],"is_beta":false,"boss_relics":[{"not_picked":["Calling Bell","HoveringKite"],"picked":"Philosopher\u0027s Stone"}],"items_purged_floors":[3],"is_endless":false,"potions_floor_spawned":[1,5,7,14,19,21],"killed_by":"Cultist and Chosen","ascension_level":20}