{"gold_per_floor":[119,137,137,62,72,83,113,188,188,188,220,220,245,258,258,354,354,367,267,282,300,310,310,341,341,341,373,373,473,153,187,187,283,283,293,348,365,384,394,426,441,467,492,592,618,618,23,23,23,23],"floor_reached":50,"playtime":2370,"items_purged":["Strike_R","Sentinel","Rampage","Clash"],"score":845,"play_id":"0889d547-d182-4fb1-8466-90225e44b654","local_time":"20190308213907","is_ascension_mode":true,"campfire_choices":[{"data":"Rampage","floor":10.0,"key":"SMITH"},{"floor":12.0,"key":"REST"},{"data":"Bash","floor":15.0,"key":"SMITH"},{"data":"Seeing Red","floor":23.0,"key":"SMITH"},{"floor":25.0,"key":"REST"},{"floor":32.0,"key":"REST"},{"floor":46.0,"key":"RECALL"},{"floor":49.0,"key":"REST"}],"neow_cost":"PERCENT_DAMAGE","seed_source_timestamp":597239301316576,"circlet_count":0,"master_deck":["Bash+1","Cleave","Rampage+1","Thunderclap","Dropkick","Headbutt","Fire Breathing+1","Ghostly Armor+1","Clash","Seeing Red+1","Master of Strategy","Blood for Blood+1","Warcry+1","Rage+1"],"special_seed":0,"relics":["Burning Blood","Mercury Hourglass","Shuriken","Frozen Egg 2","Red Skull","Pandora\u0027s Box","Bronze Scales","Calipers","Du-Vu Doll","Gremlin Horn","Strawberry","Busted Crown","Champion Belt","Matryoshka","Smiling Mask","Juzu Bracelet","Pen Nib","Shovel","Toxic Egg 2","Sundial","Peace Pipe"],"potions_floor_usage":[],"damage_taken":[{"damage":4.0,"enemies":"Small Slimes","floor":1.0,"turns":4.0},{"damage":1.0,"enemies":"Cultist","floor":2.0,"turns":3.0},{"damage":7.0,"enemies":"2 Louse","floor":5.0,"turns":2.0},{"damage":8.0,"enemies":"Blue Slaver","floor":6.0,"turns":3.0},{"damage":25.0,"enemies":"Lagavulin","floor":7.0,"turns":7.0},{"damage":20.0,"enemies":"3 Sentries","floor":11.0,"turns":4.0},{"damage":16.0,"enemies":"Gremlin Nob","floor":13.0,"turns":3.0},{"damage":0.0,"enemies":"Large Slime","floor":14.0,"turns":2.0},{"damage":0.0,"enemies":"Slime Boss","floor":16.0,"turns":5.0},{"damage":20.0,"enemies":"3 Byrds","floor":18.0,"turns":4.0},{"damage":14.0,"enemies":"Shell Parasite","floor":20.0,"turns":2.0},{"damage":4.0,"enemies":"Centurion and Healer","floor":21.0,"turns":3.0},{"damage":6.0,"enemies":"3 Cultists","floor":22.0,"turns":3.0},{"damage":35.0,"enemies":"Book of Stabbing","floor":24.0,"turns":3.0},{"damage":36.0,"enemies":"Slavers","floor":27.0,"turns":3.0},{"damage":4.0,"enemies":"Colosseum Slavers","floor":29.0,"turns":2.0},{"damage":8.0,"enemies":"Colosseum Nobs","floor":29.0,"turns":3.0},{"damage":4.0,"enemies":"Book of Stabbing","floor":31.0,"turns":2.0},{"damage":48.0,"enemies":"Champ","floor":33.0,"turns":8.0},{"damage":10.0,"enemies":"3 Darklings","floor":35.0,"turns":2.0},{"damage":33.0,"enemies":"2 Orb Walkers","floor":36.0,"turns":3.0},{"damage":0.0,"enemies":"Orb Walker","floor":37.0,"turns":2.0},{"damage":5.0,"enemies":"Maw","floor":38.0,"turns":4.0},{"damage":0.0,"enemies":"Transient","floor":39.0,"turns":5.0},{"damage":19.0,"enemies":"Nemesis","floor":40.0,"turns":5.0},{"damage":8.0,"enemies":"Writhing Mass","floor":41.0,"turns":3.0},{"damage":0.0,"enemies":"Giant Head","floor":42.0,"turns":5.0},{"damage":5.0,"enemies":"Mind Bloom Boss Battle","floor":44.0,"turns":4.0},{"damage":35.0,"enemies":"Nemesis","floor":45.0,"turns":5.0},{"damage":73,"enemies":"Time Eater","floor":50,"turns":6}],"seed_played":"-8057721146524940142","potions_obtained":[{"floor":6.0,"key":"Energy Potion"},{"floor":13.0,"key":"LiquidBronze"},{"floor":14.0,"key":"Energy Potion"},{"floor":16.0,"key":"GamblersBrew"},{"floor":27.0,"key":"Poison Potion"},{"floor":29.0,"key":"SteroidPotion"},{"floor":33.0,"key":"GamblersBrew"},{"floor":35.0,"key":"SteroidPotion"},{"floor":41.0,"key":"Block Potion"},{"floor":42.0,"key":"Explosive Potion"},{"floor":45.0,"key":"Ancient Potion"}],"is_trial":false,"path_per_floor":["M","M","?","$","M","M","E","?","T","R","E","R","E","M","R","B",null,"M","$","M","M","M","R","E","R","T","E","?","?","$","E","R","B",null,"M","?","M","M","M","E","M","E","T","?","E","R","$","?","R","B"],"character_chosen":"IRONCLAD","items_purchased":["Master of Strategy","Sundial","Peace Pipe"],"campfire_rested":4,"item_purchase_floors":[30,47,47],"current_hp_per_floor":[58,63,63,63,62,60,41,30,30,30,16,40,30,36,36,42,80,66,66,58,60,60,60,31,55,55,25,25,25,25,34,60,18,87,83,56,62,63,69,56,54,60,60,61,32,32,32,32,58,0],"gold":23,"neow_bonus":"REMOVE_TWO","is_prod":false,"is_daily":false,"chose_seed":false,"campfire_upgraded":3,"win_rate":0,"timestamp":1552077547,"path_taken":["M","M","?","$","?","M","E","?","T","R","E","R","E","M","R","BOSS","M","$","M","M","M","R","E","R","T","E","?","?","$","E","R","BOSS","M","?","M","M","M","E","M","E","T","?","E","R","$","?","R","BOSS"],"build_version":"2019-01-23","purchased_purges":4,"victory":false,"max_hp_per_floor":[80,80,80,80,80,80,80,80,80,80,80,80,80,80,80,80,80,80,80,80,80,80,80,80,80,80,80,80,80,80,87,87,87,87,87,87,87,87,87,87,87,87,87,87,87,87,87,87,87,87],"card_choices":[{"not_picked":["Sword Boomerang","Wild Strike"],"picked":"Cleave","floor":1.0},{"not_picked":["Sword Boomerang","Cleave","Heavy Blade"],"picked":"SKIP","floor":2.0},{"not_picked":["Shockwave","Metallicize"],"picked":"Rampage","floor":5.0},{"not_picked":["Sword Boomerang","Warcry","Pummel"],"picked":"SKIP","floor":6.0},{"not_picked":["Battle Trance","Evolve"],"picked":"Thunderclap","floor":7.0},{"not_picked":["Wild Strike","Rampage","Power Through"],"picked":"SKIP","floor":11.0},{"not_picked":["Iron Wave","Body Slam"],"picked":"Dropkick","floor":13.0},{"not_picked":["Corruption+1","Wild Strike","Rupture+1"],"picked":"SKIP","floor":14.0},{"not_picked":["Searing Blow","Pommel Strike","Warcry"],"picked":"SKIP","floor":18.0},{"not_picked":["Blood for Blood+1","Shockwave"],"picked":"Clash","floor":20.0},{"not_picked":["Shrug It Off","Wild Strike","Hemokinesis"],"picked":"SKIP","floor":21.0},{"not_picked":["Clash","Sword Boomerang+1"],"picked":"Seeing Red","floor":22.0},{"not_picked":["Sword Boomerang","Anger","Brutality+1"],"picked":"SKIP","floor":24.0},{"not_picked":["Havoc","Carnage","Seeing Red+1"],"picked":"SKIP","floor":27.0},{"not_picked":["Bludgeon","Flame Barrier"],"picked":"Blood for Blood+1","floor":31.0},{"not_picked":["Thunderclap"],"picked":"SKIP","floor":35.0},{"not_picked":[],"picked":"Warcry+1","floor":37.0},{"not_picked":["Body Slam+1"],"picked":"SKIP","floor":38.0},{"not_picked":["Armaments"],"picked":"SKIP","floor":39.0},{"not_picked":[],"picked":"Rage+1","floor":40.0},{"not_picked":["Heavy Blade+1"],"picked":"SKIP","floor":41.0},{"not_picked":["Twin Strike"],"picked":"SKIP","floor":42.0},{"not_picked":["Intimidate+1"],"picked":"SKIP","floor":45.0}],"player_experience":48298,"relics_obtained":[{"floor":7.0,"key":"Mercury Hourglass"},{"floor":9.0,"key":"Shuriken"},{"floor":11.0,"key":"Frozen Egg 2"},{"floor":13.0,"key":"Red Skull"},{"floor":24.0,"key":"Bronze Scales"},{"floor":27.0,"key":"Calipers"},{"floor":29.0,"key":"Du-Vu Doll"},{"floor":29.0,"key":"Gremlin Horn"},{"floor":31.0,"key":"Strawberry"},{"floor":36.0,"key":"Champion Belt"},{"floor":40.0,"key":"Matryoshka"},{"floor":42.0,"key":"Smiling Mask"},{"floor":43.0,"key":"Juzu Bracelet"},{"floor":43.0,"key":"Pen Nib"},{"floor":44.0,"key":"Shovel"},{"floor":45.0,"key":"Toxic Egg 2"}],"event_choices":[{"damage_healed":0.0,"max_hp_gain":0.0,"max_hp_loss":0.0,"gold_gain":0.0,"event_name":"The Woman in Blue","player_choice":"Bought 0 Potions","floor":3.0,"gold_loss":0.0,"damage_taken":0.0},{"damage_healed":0.0,"max_hp_gain":0.0,"max_hp_loss":0.0,"gold_gain":75.0,"event_name":"World of Goop","player_choice":"Gather Gold","floor":8.0,"gold_loss":0.0,"damage_taken":11.0},{"damage_healed":0.0,"max_hp_gain":0.0,"max_hp_loss":0.0,"gold_gain":0.0,"event_name":"Vampires","player_choice":"Ignored","floor":28.0,"gold_loss":0.0,"damage_taken":0.0},{"damage_healed":0.0,"max_hp_gain":0.0,"max_hp_loss":0.0,"gold_gain":0.0,"event_name":"Colosseum","player_choice":"Fight","floor":29.0,"gold_loss":0.0,"damage_taken":0.0},{"damage_healed":0.0,"max_hp_gain":0.0,"max_hp_loss":0.0,"gold_gain":0.0,"event_name":"Colosseum","player_choice":"Fought Nobs","floor":29.0,"gold_loss":0.0,"damage_taken":0.0},{"damage_healed":0.0,"max_hp_gain":0.0,"max_hp_loss":0.0,"gold_gain":0.0,"event_name":"Mysterious Sphere","player_choice":"Fight","floor":36.0,"gold_loss":0.0,"damage_taken":0.0},{"damage_healed":0.0,"max_hp_gain":0.0,"max_hp_loss":0.0,"gold_gain":0.0,"event_name":"MindBloom","player_choice":"Fight","floor":44.0,"gold_loss":0.0,"damage_taken":0.0},{"damage_healed":0.0,"max_hp_gain":0.0,"max_hp_loss":0.0,"gold_gain":0.0,"event_name":"Accursed Blacksmith","player_choice":"Forge","floor":48.0,"gold_loss":0.0,"damage_taken":0.0,"cards_upgraded":["Ghostly Armor"]}],"is_beta":false,"boss_relics":[{"not_picked":["Velvet Choker","Runic Cube"],"picked":"Pandora\u0027s Box"},{"not_picked":["Snecko Eye","Tiny House"],"picked":"Busted Crown"}],"items_purged_floors":[4,19,30,47],"is_endless":false,"potions_floor_spawned":[6,13,14,16,21,22,27,29,33,35,36,39,41,42,45],"killed_by":"Time Eater","ascension_level":4}