{"gold_per_floor":[109,59,59,69,29,62,80,255,303,18,46,46,46,101,101,203,203,213,213,213,173,184,216,216,43,121,121,121,156,172,172,172,172],"floor_reached":33,"playtime":8707,"items_purged":[],"score":362,"play_id":"16d911b8-58d7-4fd1-a378-2f30f1e8d273","local_time":"20190515210743","is_ascension_mode":false,"campfire_choices":[{"data":"Defragment","floor":13,"key":"SMITH"},{"floor":15,"key":"REST"},{"floor":24,"key":"REST"},{"data":"Ghostly","floor":28,"key":"SMITH"},{"floor":32,"key":"REST"}],"neow_cost":"CURSE","seed_source_timestamp":1568086343592228,"circlet_count":0,"master_deck":["Strike_B","Strike_B","Defend_B","Defend_B","Defend_B","Zap","Dualcast","Beam Cell+1","Rip and Tear+1","Reinforced Body","Coolheaded","Defragment+1","Defragment+1","Static Discharge","Doubt","Stack","Doom and Gloom","Regret","Echo Form+1","Redo","Capacitor+1","Gash","Leap","Glacier","Loop+1","Ghostly","Ghostly","Ghostly+1","Ghostly","Ghostly+1","Aggregate","White Noise+1","Mayhem+1","Ball Lightning+1","Double Energy+1","Streamline","Capacitor+1","Fission+1"],"relics":["Cracked Core","Bronze Scales","Juzu Bracelet","Frozen Egg 2","Happy Flower","Lantern","Whetstone","Orrery","Strawberry","Anchor","Toxic Egg 2","Peace Pipe"],"potions_floor_usage":[11,33],"damage_taken":[{"damage":1,"enemies":"Small Slimes","floor":1,"turns":2},{"damage":0,"enemies":"2 Louse","floor":4,"turns":2},{"damage":6,"enemies":"Lagavulin","floor":6,"turns":6},{"damage":1,"enemies":"Jaw Worm","floor":7,"turns":3},{"damage":13,"enemies":"3 Sentries","floor":11,"turns":5},{"damage":10,"enemies":"Gremlin Nob","floor":14,"turns":4},{"damage":30,"enemies":"The Guardian","floor":16,"turns":7},{"damage":18,"enemies":"Shell Parasite","floor":18,"turns":6},{"damage":1,"enemies":"Chosen","floor":22,"turns":5},{"damage":20,"enemies":"Slavers","floor":23,"turns":6},{"damage":0,"enemies":"Book of Stabbing","floor":29,"turns":7},{"damage":22,"enemies":"Shelled Parasite and Fungi","floor":30,"turns":5},{"damage":21,"enemies":"Collector","floor":33,"turns":5}],"seed_played":"7395714333676491808","potions_obtained":[{"floor":1,"key":"FearPotion"},{"floor":6,"key":"LiquidBronze"},{"floor":23,"key":"Strength Potion"},{"floor":29,"key":"Ancient Potion"}],"is_trial":false,"path_per_floor":["M","?","?","M","$","E","M","?","T","$","E","?","R","?","R","B",null,"M","?","?","?","M","E","R","$","T","?","R","E","M","?","R","B"],"character_chosen":"DEFECT","items_purchased":["Defragment","Frozen Egg 2","Stack","Mayhem+1"],"campfire_rested":3,"item_purchase_floors":[5,10,10,25],"current_hp_per_floor":[74,74,67,67,67,61,60,60,60,60,47,47,47,37,58,28,72,54,61,39,39,38,18,29,29,29,29,29,29,7,7,18,0],"gold":172,"neow_bonus":"TRANSFORM_TWO_CARDS","is_prod":false,"is_daily":false,"chose_seed":false,"campfire_upgraded":2,"win_rate":0.0,"timestamp":1557968863,"path_taken":["M","?","?","M","$","E","M","?","T","?","E","?","R","?","R","BOSS","M","?","?","?","M","E","R","$","T","?","R","E","M","?","R","BOSS"],"build_version":"2019-01-23","purchased_purges":0,"victory":false,"max_hp_per_floor":[75,75,72,72,72,72,72,72,72,72,72,72,72,72,72,72,72,72,79,39,39,39,39,39,39,39,39,39,39,39,39,39,39],"card_choices":[{"not_picked":["Go for the Eyes","BootSequence"],"picked":"Reinforced Body","floor":1},{"not_picked":["Go for the Eyes","Redo"],"picked":"Coolheaded","floor":4},{"not_picked":["Heatsinks","Barrage"],"picked":"Defragment","floor":6},{"not_picked":["Scrape","Blizzard"],"picked":"Static Discharge","floor":7},{"not_picked":["Stack","Streamline"],"picked":"Doom and Gloom","floor":11},{"not_picked":["Biased Cognition+1","Multi-Cast"],"picked":"Echo Form+1","floor":16},{"not_picked":["Compile Driver","Chaos"],"picked":"Redo","floor":17},{"not_picked":["Chaos","Leap"],"picked":"Capacitor+1","floor":17},{"not_picked":["Compile Driver","Redo"],"picked":"Gash","floor":17},{"not_picked":["Cold Snap","Aggregate"],"picked":"Leap","floor":17},{"not_picked":["Cold Snap","Redo"],"picked":"Glacier","floor":17},{"not_picked":["FTL+1","Melter"],"picked":"Loop+1","floor":18},{"not_picked":["Doom and Gloom","Ball Lightning"],"picked":"Aggregate","floor":22},{"not_picked":["Thunder Strike","Hologram"],"picked":"White Noise+1","floor":23},{"not_picked":["Stack+1","Steam Power+1"],"picked":"Ball Lightning+1","floor":29},{"not_picked":["Genetic Algorithm+1","Loop+1"],"picked":"Double Energy+1","floor":30}],"player_experience":749783,"relics_obtained":[{"floor":6,"key":"Bronze Scales"},{"floor":9,"key":"Juzu Bracelet"},{"floor":11,"key":"Happy Flower"},{"floor":14,"key":"Whetstone"},{"floor":23,"key":"Anchor"},{"floor":26,"key":"Toxic Egg 2"},{"floor":29,"key":"Peace Pipe"}],"event_choices":[{"cards_removed":["Defend_B"],"damage_healed":0,"gold_gain":0,"player_choice":"Card Removal","damage_taken":0,"max_hp_gain":0,"max_hp_loss":0,"event_name":"The Cleric","floor":2,"gold_loss":50},{"cards_removed":["Parasite"],"damage_healed":0,"gold_gain":0,"player_choice":"Card Removal","damage_taken":7,"max_hp_gain":0,"max_hp_loss":0,"event_name":"Golden Wing","floor":3,"gold_loss":0},{"damage_healed":0,"gold_gain":175,"player_choice":"AGREE","damage_taken":0,"max_hp_gain":0,"max_hp_loss":0,"event_name":"Liars Game","floor":8,"gold_loss":0,"cards_obtained":["Doubt"]},{"damage_healed":0,"gold_gain":0,"player_choice":"Box","damage_taken":0,"relics_obtained":["Lantern"],"max_hp_gain":0,"max_hp_loss":0,"event_name":"Big Fish","floor":12,"gold_loss":0,"cards_obtained":["Regret"]},{"damage_healed":0,"gold_gain":0,"player_choice":"Searched \u00272\u0027 times","damage_taken":0,"max_hp_gain":0,"max_hp_loss":0,"event_name":"Dead Adventurer","floor":14,"gold_loss":0},{"damage_healed":0,"gold_gain":0,"player_choice":"Opened","damage_taken":0,"relics_obtained":["Strawberry"],"max_hp_gain":0,"max_hp_loss":0,"event_name":"The Mausoleum","floor":19,"gold_loss":0},{"damage_healed":0,"gold_gain":0,"player_choice":"Became a Ghost","damage_taken":0,"max_hp_gain":0,"max_hp_loss":40,"event_name":"Ghosts","floor":20,"gold_loss":0,"cards_obtained":["Ghostly","Ghostly","Ghostly","Ghostly","Ghostly"]},{"damage_healed":0,"gold_gain":0,"player_choice":"Upgraded Two","damage_taken":0,"max_hp_gain":0,"max_hp_loss":0,"event_name":"Designer","floor":21,"gold_loss":40,"cards_upgraded":["Ghostly","Defragment"]},{"damage_healed":0,"gold_gain":0,"player_choice":"Ignored","damage_taken":0,"max_hp_gain":0,"max_hp_loss":0,"event_name":"Vampires","floor":27,"gold_loss":0},{"damage_healed":0,"gold_gain":0,"player_choice":"3 cards matched","damage_taken":0,"max_hp_gain":0,"max_hp_loss":0,"event_name":"Match and Keep!","floor":31,"gold_loss":0,"cards_obtained":["Streamline","Capacitor","Fission"]}],"is_beta":false,"boss_relics":[{"not_picked":["Ectoplasm","Eternal Feather"],"picked":"Orrery"}],"items_purged_floors":[],"is_endless":false,"potions_floor_spawned":[1,6,23,29],"killed_by":"Collector","ascension_level":0}