{"gold_per_floor":[119,139,139,14,27,56,70,80,129,146,172,192,192],"floor_reached":13,"playtime":528,"items_purged":["Strike_B"],"score":104,"play_id":"7fe1659f-e5a4-4074-ae5a-29b695887f47","local_time":"20190307014407","is_ascension_mode":true,"campfire_choices":[],"neow_cost":"CURSE","seed_source_timestamp":441076127364393,"circlet_count":0,"master_deck":["Strike_B","Strike_B","Strike_B","Defend_B","Defend_B","Defend_B","Defend_B","Zap","Dualcast","All For One","Genetic Algorithm","Ball Lightning","Go for the Eyes","Go for the Eyes","Buffer","Steam","Sweeping Beam","Sweeping Beam","Gash"],"relics":["Cracked Core","Omamori","Lantern","Dodecahedron"],"potions_floor_usage":[12,12,13],"damage_taken":[{"damage":10,"enemies":"2 Louse","floor":1,"turns":2},{"damage":2,"enemies":"Cultist","floor":2,"turns":4},{"damage":2,"enemies":"Small Slimes","floor":5,"turns":3},{"damage":30,"enemies":"Lagavulin","floor":6,"turns":6},{"damage":2,"enemies":"Blue Slaver","floor":7,"turns":3},{"damage":7,"enemies":"Exordium Wildlife","floor":8,"turns":3},{"damage":13,"enemies":"Lots of Slimes","floor":10,"turns":3},{"damage":4,"enemies":"Gremlin Nob","floor":11,"turns":4},{"damage":0,"enemies":"Red Slaver","floor":12,"turns":1},{"damage":8,"enemies":"Lagavulin","floor":13,"turns":2}],"seed_played":"-8885135546986440710","potions_obtained":[{"floor":2,"key":"Poison Potion"},{"floor":6,"key":"FocusPotion"},{"floor":8,"key":"Strength Potion"}],"is_trial":false,"path_per_floor":["M","M","?","$","M","E","M","M","T","M","E","M","E"],"character_chosen":"DEFECT","items_purchased":["Go for the Eyes"],"campfire_rested":0,"item_purchase_floors":[4],"current_hp_per_floor":[65,63,63,63,61,31,29,22,22,9,5,5,0],"gold":192,"neow_bonus":"THREE_RARE_CARDS","is_prod":false,"is_daily":false,"chose_seed":false,"campfire_upgraded":0,"win_rate":0,"timestamp":1551919447,"path_taken":["M","M","?","$","M","E","M","M","T","M","E","M","E"],"build_version":"2019-01-23","purchased_purges":1,"victory":false,"max_hp_per_floor":[75,75,75,75,75,75,75,75,75,75,75,75,75],"card_choices":[{"not_picked":["Reboot","Biased Cognition"],"picked":"All For One","floor":0},{"not_picked":["Gash","Lockon"],"picked":"Genetic Algorithm","floor":1},{"not_picked":["Loop","Leap"],"picked":"Ball Lightning","floor":2},{"not_picked":["Stack","Sweeping Beam"],"picked":"Go for the Eyes","floor":5},{"not_picked":["BootSequence","Leap","Compile Driver"],"picked":"SKIP","floor":6},{"not_picked":["Leap","Conserve Battery"],"picked":"Buffer","floor":7},{"not_picked":["Reprogram","Rebound"],"picked":"Steam","floor":8},{"not_picked":["Doom and Gloom","Stack"],"picked":"Sweeping Beam","floor":10},{"not_picked":["Reboot","Tempest"],"picked":"Sweeping Beam","floor":11},{"not_picked":["Redo","Force Field"],"picked":"Gash","floor":12}],"player_experience":28200,"relics_obtained":[{"floor":6,"key":"Omamori"},{"floor":9,"key":"Lantern"},{"floor":11,"key":"Dodecahedron"}],"event_choices":[{"cards_removed":["Regret"],"damage_healed":0,"gold_gain":0,"player_choice":"Removed Curses","damage_taken":0,"max_hp_gain":0,"max_hp_loss":0,"event_name":"Fountain of Cleansing","floor":3,"gold_loss":0}],"is_beta":false,"boss_relics":[],"items_purged_floors":[4],"is_endless":false,"potions_floor_spawned":[2,6,8],"killed_by":"Lagavulin","ascension_level":1}