{"gold_per_floor":[119,131,131,131,131,131,172,172,195,226,226,55,73,73,73,167,167,186,200,200,223,239,239,270,270,294,306,341,372,111,132,132,227,227,250,263,263],"floor_reached":37,"playtime":1503,"items_purged":[],"score":718,"play_id":"65ca3a1c-6963-42d0-bf4d-62df2c163220","local_time":"20190523182102","is_ascension_mode":true,"campfire_choices":[{"data":"Combust","floor":6.0,"key":"SMITH"},{"data":"Bash","floor":8.0,"key":"SMITH"},{"data":"Power Through","floor":11.0,"key":"SMITH"},{"data":"Inflame","floor":15.0,"key":"SMITH"},{"data":"Bandage Up","floor":23,"key":"SMITH"},{"data":"True Grit","floor":25,"key":"SMITH"},{"floor":27,"key":"REST"},{"floor":32,"key":"REST"}],"neow_cost":"TEN_PERCENT_HP_LOSS","seed_source_timestamp":518989801534937,"circlet_count":0,"master_deck":["AscendersBane","Strike_R","Strike_R","Strike_R","Strike_R","Defend_R+1","Defend_R","Defend_R","Defend_R","Bash+1","Battle Trance+1","Combust+1","Power Through+1","Inflame+1","Bandage Up+1","Clothesline","Feed","Body Slam+1","Body Slam+1","Battle Trance","True Grit+1","True Grit","Limit Break","Regret","Flame Barrier","Shrug It Off"],"special_seed":0,"relics":["Burning Blood","Turnip","Golden Idol","Calipers","War Paint","Gremlin Horn","Runic Dome","Peace Pipe","Omamori","MawBank","OrangePellets","Calling Bell","Blood Vial","Question Card","Shovel"],"potions_floor_usage":[24,33,33],"damage_taken":[{"damage":13.0,"enemies":"Small Slimes","floor":1.0,"turns":5.0},{"damage":6.0,"enemies":"Jaw Worm","floor":2.0,"turns":5.0},{"damage":10.0,"enemies":"3 Sentries","floor":7.0,"turns":6.0},{"damage":30.0,"enemies":"Lagavulin","floor":10.0,"turns":7.0},{"damage":2.0,"enemies":"2 Louse","floor":13.0,"turns":2.0},{"damage":39.0,"enemies":"Slime Boss","floor":16.0,"turns":9.0},{"damage":27.0,"enemies":"2 Thieves","floor":18.0,"turns":4.0},{"damage":17.0,"enemies":"Spheric Guardian","floor":19.0,"turns":4.0},{"damage":14.0,"enemies":"Centurion and Healer","floor":21.0,"turns":6.0},{"damage":16,"enemies":"Snecko","floor":22,"turns":4},{"damage":41,"enemies":"Book of Stabbing","floor":24,"turns":5},{"damage":27,"enemies":"Shelled Parasite and Fungi","floor":28,"turns":4},{"damage":21,"enemies":"Sentry and Sphere","floor":29,"turns":5},{"damage":6,"enemies":"3 Cultists","floor":31,"turns":3},{"damage":57,"enemies":"Automaton","floor":33,"turns":10},{"damage":19,"enemies":"Orb Walker","floor":35,"turns":5},{"damage":33,"enemies":"3 Shapes","floor":36,"turns":4},{"damage":72,"enemies":"Transient","floor":37,"turns":5}],"seed_played":"-6498221229401018816","potions_obtained":[{"floor":2.0,"key":"SpeedPotion"},{"floor":7.0,"key":"Fruit Juice"},{"floor":10.0,"key":"Regen Potion"},{"floor":21.0,"key":"PowerPotion"},{"floor":24,"key":"Swift Potion"},{"floor":28,"key":"LiquidBronze"},{"floor":29,"key":"PowerPotion"},{"floor":36,"key":"Swift Potion"}],"is_trial":false,"path_per_floor":["M","M","?","?","?","R","E","R","T","E","R","$","M","?","R","B",null,"M","M","T","M","M","R","E","R","T","R","M","M","$","M","R","B",null,"M","M","M"],"character_chosen":"IRONCLAD","items_purchased":["Inflame","Bandage Up","OrangePellets","Block Potion"],"campfire_rested":2,"item_purchase_floors":[12,12,30,30],"current_hp_per_floor":[61,61,66,66,66,66,67,67,67,43,43,43,51,51,51,22,59,45,38,38,52,49,49,20,20,20,44,32,26,26,32,57,12,68,63,47,0],"gold":263,"neow_bonus":"ONE_RARE_RELIC","is_prod":false,"is_daily":false,"chose_seed":false,"campfire_upgraded":6,"win_rate":0,"timestamp":1558628462,"path_taken":["M","M","?","?","?","R","E","R","T","E","R","$","?","?","R","BOSS","M","?","?","M","?","R","E","R","T","R","M","M","$","M","R","BOSS","M","?","M"],"build_version":"2019-01-23","purchased_purges":0,"victory":false,"max_hp_per_floor":[68,68,73,66,66,66,71,71,71,71,71,71,71,71,71,71,71,74,74,74,77,80,80,80,80,80,80,83,86,86,86,86,86,86,86,89,89],"card_choices":[{"not_picked":["Headbutt","Ghostly Armor"],"picked":"Battle Trance","floor":1.0},{"not_picked":["Warcry","Metallicize"],"picked":"Combust","floor":2.0},{"not_picked":["Evolve","Dropkick"],"picked":"Power Through","floor":7.0},{"not_picked":["Pommel Strike","Havoc","Heavy Blade"],"picked":"SKIP","floor":10.0},{"not_picked":["Ghostly Armor","Armaments"],"picked":"Clothesline","floor":13.0},{"not_picked":["Juggernaut","Exhume"],"picked":"Feed","floor":16.0},{"not_picked":["Armaments","Clothesline"],"picked":"Body Slam+1","floor":18.0},{"not_picked":["Iron Wave","Pommel Strike"],"picked":"Body Slam+1","floor":19.0},{"not_picked":["Heavy Blade","Rage"],"picked":"Battle Trance","floor":21.0},{"not_picked":["Perfected Strike","Heavy Blade","Clash"],"picked":"SKIP","floor":22},{"not_picked":["Hemokinesis","Havoc"],"picked":"True Grit","floor":24},{"not_picked":["Bloodletting","Pommel Strike","Cleave"],"picked":"SKIP","floor":28},{"not_picked":["Body Slam","Carnage"],"picked":"True Grit","floor":29},{"not_picked":["Twin Strike","Anger","Headbutt"],"picked":"SKIP","floor":31},{"not_picked":["Offering","Berserk"],"picked":"Limit Break","floor":33},{"not_picked":["Rampage","Anger+1","Heavy Blade"],"picked":"Flame Barrier","floor":35},{"not_picked":["True Grit","Seeing Red+1","Wild Strike"],"picked":"Shrug It Off","floor":36}],"player_experience":358652,"relics_obtained":[{"floor":7.0,"key":"Calipers"},{"floor":9.0,"key":"War Paint"},{"floor":10.0,"key":"Gremlin Horn"},{"floor":20.0,"key":"Peace Pipe"},{"floor":24,"key":"Omamori"},{"floor":26,"key":"MawBank"},{"floor":34,"key":"Blood Vial"},{"floor":34,"key":"Question Card"},{"floor":34,"key":"Shovel"}],"event_choices":[{"damage_healed":0.0,"max_hp_gain":5.0,"max_hp_loss":0.0,"gold_gain":0.0,"event_name":"Big Fish","player_choice":"Donut","floor":3.0,"gold_loss":0.0,"damage_taken":0.0},{"damage_healed":0.0,"max_hp_gain":0.0,"max_hp_loss":7.0,"gold_gain":0.0,"event_name":"Golden Idol","player_choice":"Lose Max HP","floor":4.0,"gold_loss":0.0,"damage_taken":0.0,"relics_obtained":["Golden Idol"]},{"cards_removed":["Strike_R"],"damage_healed":0.0,"max_hp_gain":0.0,"max_hp_loss":0.0,"gold_gain":0.0,"event_name":"Bonfire Elementals","player_choice":"Offered Basic","floor":5.0,"gold_loss":0.0,"damage_taken":0.0},{"damage_healed":0.0,"max_hp_gain":0.0,"max_hp_loss":0.0,"gold_gain":0.0,"event_name":"Match and Keep!","player_choice":"0 cards matched","floor":14.0,"gold_loss":0.0,"damage_taken":0.0,"cards_obtained":[]}],"is_beta":false,"boss_relics":[{"not_picked":["Mark of Pain","Empty Cage"],"picked":"Runic Dome"},{"not_picked":["Tiny House","Runic Pyramid"],"picked":"Calling Bell"}],"items_purged_floors":[],"is_endless":false,"potions_floor_spawned":[2,7,10,21,24,28,29,36],"killed_by":"Transient","ascension_level":16}