{"gold_per_floor":[111,111,286,1,20,51,68,87,87,114,136,179,208,240,252,264],"floor_reached":16,"playtime":1852,"items_purged":["Strike_G"],"score":141,"play_id":"d13725e2-cc58-4a8b-8893-f5a6ffe5c2b7","local_time":"20190506224153","is_ascension_mode":false,"campfire_choices":[{"floor":15,"key":"REST"}],"neow_cost":"NONE","seed_source_timestamp":803008929012632,"circlet_count":0,"master_deck":["Defend_G","Defend_G","Defend_G","Defend_G","Defend_G","Strike_G","Strike_G","Strike_G+1","Strike_G","Survivor+1","Neutralize","Flying Knee","Doubt","Wraith Form v2","All Out Attack","Adrenaline","Blade Dance","Terror","Blade Dance","Deflect","Masterful Stab","Slice","Deflect"],"relics":["Ring of the Snake","NeowsBlessing","Matryoshka","MawBank","Bottled Lightning","Bottled Tornado"],"potions_floor_usage":[14,14],"damage_taken":[{"damage":0,"enemies":"2 Louse","floor":1,"turns":1},{"damage":0,"enemies":"Small Slimes","floor":5,"turns":1},{"damage":0,"enemies":"Gremlin Nob","floor":6,"turns":1},{"damage":19,"enemies":"Jaw Worm","floor":7,"turns":5},{"damage":16,"enemies":"Exordium Wildlife","floor":8,"turns":6},{"damage":0,"enemies":"Gremlin Gang","floor":10,"turns":2},{"damage":3,"enemies":"Blue Slaver","floor":11,"turns":4},{"damage":7,"enemies":"Lagavulin","floor":12,"turns":5},{"damage":3,"enemies":"Lots of Slimes","floor":13,"turns":5},{"damage":0,"enemies":"2 Fungi Beasts","floor":14,"turns":2},{"damage":34,"enemies":"Hexaghost","floor":16,"turns":9}],"seed_played":"4543681407493190155","potions_obtained":[{"floor":1,"key":"FearPotion"},{"floor":5,"key":"AttackPotion"},{"floor":6,"key":"Fire Potion"},{"floor":10,"key":"Ancient Potion"}],"is_trial":false,"path_per_floor":["M","?","?","$","M","E","M","M","T","M","M","E","M","M","R","B"],"character_chosen":"THE_SILENT","items_purchased":["Wraith Form v2","Regen Potion"],"campfire_rested":1,"item_purchase_floors":[4,4],"current_hp_per_floor":[70,56,56,56,56,56,37,21,21,21,18,11,8,13,34,0],"gold":264,"neow_bonus":"THREE_ENEMY_KILL","is_prod":false,"is_daily":false,"chose_seed":false,"campfire_upgraded":0,"win_rate":0.0,"timestamp":1557196913,"path_taken":["M","?","?","?","M","E","M","?","T","M","M","E","M","M","R","BOSS"],"build_version":"2019-01-23","purchased_purges":1,"victory":false,"max_hp_per_floor":[70,70,70,70,70,70,70,70,70,70,70,70,70,70,70,70],"card_choices":[{"not_picked":["Blur","Acrobatics"],"picked":"Flying Knee","floor":1},{"not_picked":["Blur","Acrobatics"],"picked":"All Out Attack","floor":5},{"not_picked":["Escape Plan","Unload"],"picked":"Adrenaline","floor":6},{"not_picked":["Quick Slash","Predator"],"picked":"Blade Dance","floor":7},{"not_picked":["Expertise","Calculated Gamble"],"picked":"Terror","floor":8},{"not_picked":["PiercingWail","Poisoned Stab"],"picked":"Blade Dance","floor":10},{"not_picked":["Backflip","Eviscerate"],"picked":"Deflect","floor":11},{"not_picked":["Adrenaline","Calculated Gamble"],"picked":"Masterful Stab","floor":12},{"not_picked":["Well Laid Plans","Dodge and Roll"],"picked":"Slice","floor":13},{"not_picked":["Deadly Poison","All Out Attack"],"picked":"Deflect","floor":14}],"player_experience":307602,"relics_obtained":[{"floor":6,"key":"Matryoshka"},{"floor":9,"key":"MawBank"},{"floor":9,"key":"Bottled Lightning"},{"floor":12,"key":"Bottled Tornado"}],"event_choices":[{"damage_healed":0,"gold_gain":0,"player_choice":"Entered Light","damage_taken":14,"max_hp_gain":0,"max_hp_loss":0,"event_name":"Shining Light","floor":2,"gold_loss":0,"cards_upgraded":["Survivor","Strike_G"]},{"damage_healed":0,"gold_gain":175,"player_choice":"AGREE","damage_taken":0,"max_hp_gain":0,"max_hp_loss":0,"event_name":"Liars Game","floor":3,"gold_loss":0,"cards_obtained":["Doubt"]}],"is_beta":false,"boss_relics":[],"items_purged_floors":[4],"is_endless":false,"potions_floor_spawned":[1,5,6,7,10],"killed_by":"Hexaghost","ascension_level":0}