{"gold_per_floor":[113,113,131,148,26,59,59,89,168,168,194,205,205,224,224,322,322,340,265,265,281,281,311,311,311],"floor_reached":25,"playtime":2493,"items_purged":["Strike_R"],"score":251,"play_id":"4f609d01-3ee2-460a-b073-e608da72c336","local_time":"20190623222933","is_ascension_mode":true,"campfire_choices":[{"data":"Flex","floor":7,"key":"SMITH"},{"data":"Iron Wave","floor":10,"key":"SMITH"},{"floor":13,"key":"REST"},{"floor":15,"key":"REST"},{"floor":24,"key":"REST"}],"neow_cost":"NONE","seed_source_timestamp":1309016983936023,"circlet_count":0,"master_deck":["Strike_R+1","Strike_R+1","Strike_R+1","Strike_R+1","Defend_R+1","Defend_R+1","Defend_R+1","Bash","Iron Wave+1","Clash","Bash","Spot Weakness","Flex+1","Heavy Blade","Rampage","Reckless Charge","Demon Form","Battle Trance","Clash","Demon Form","Burning Pact+1","Rupture+1"],"relics":["Velvet Choker","Calipers","Bag of Preparation","Blue Candle","Anchor","Mark of Pain","MutagenicStrength","Dream Catcher"],"potions_floor_usage":[6,14,18,23,25,25],"damage_taken":[{"damage":0,"enemies":"Cultist","floor":1,"turns":3},{"damage":0,"enemies":"Small Slimes","floor":3,"turns":3},{"damage":8,"enemies":"Jaw Worm","floor":4,"turns":3},{"damage":11,"enemies":"Lagavulin","floor":6,"turns":5},{"damage":11,"enemies":"Gremlin Nob","floor":8,"turns":3},{"damage":21,"enemies":"Lagavulin","floor":11,"turns":4},{"damage":0,"enemies":"3 Louse","floor":12,"turns":2},{"damage":0,"enemies":"Red Slaver","floor":14,"turns":2},{"damage":46,"enemies":"The Guardian","floor":16,"turns":5},{"damage":6,"enemies":"3 Byrds","floor":18,"turns":4},{"damage":0,"enemies":"Spheric Guardian","floor":21,"turns":1},{"damage":57,"enemies":"Gremlin Leader","floor":23,"turns":8},{"damage":43,"enemies":"Slavers","floor":25,"turns":3}],"seed_played":"5171155668823985506","potions_obtained":[{"floor":4,"key":"Ancient Potion"},{"floor":8,"key":"AttackPotion"},{"floor":16,"key":"LiquidBronze"},{"floor":18,"key":"Dexterity Potion"},{"floor":21,"key":"EssenceOfSteel"},{"floor":23,"key":"Swift Potion"}],"is_trial":false,"path_per_floor":["M","?","M","M","$","E","R","E","T","R","E","M","R","M","R","B",null,"M","?","?","M","?","E","R","E"],"character_chosen":"IRONCLAD","items_purchased":["Heavy Blade"],"campfire_rested":3,"item_purchase_floors":[5],"current_hp_per_floor":[80,80,80,72,72,61,61,50,50,50,29,29,53,53,77,31,80,74,74,74,74,74,17,41,0],"gold":311,"neow_bonus":"BOSS_RELIC","is_prod":false,"is_daily":false,"chose_seed":false,"campfire_upgraded":2,"win_rate":0,"timestamp":1561343373,"path_taken":["M","?","?","M","$","E","R","E","T","R","E","?","R","M","R","BOSS","M","?","?","?","?","E","R","E"],"build_version":"2019-01-23","purchased_purges":1,"victory":false,"max_hp_per_floor":[80,80,80,80,80,80,80,80,80,80,80,80,80,80,80,80,80,80,80,80,80,80,80,80,80],"card_choices":[{"not_picked":["True Grit","Clothesline"],"picked":"Iron Wave","floor":1},{"not_picked":["Fire Breathing","Clothesline"],"picked":"Spot Weakness","floor":3},{"not_picked":["True Grit","Iron Wave"],"picked":"Flex","floor":4},{"not_picked":["Warcry","Combust"],"picked":"Rampage","floor":6},{"not_picked":["Warcry","Sentinel"],"picked":"Reckless Charge","floor":8},{"not_picked":["Spot Weakness","Shrug It Off"],"picked":"Demon Form","floor":11},{"not_picked":["Pommel Strike","Infernal Blade"],"picked":"Battle Trance","floor":12},{"not_picked":["Perfected Strike","Metallicize"],"picked":"Clash","floor":14},{"not_picked":["Double Tap","Berserk"],"picked":"Demon Form","floor":16},{"not_picked":["Thunderclap","Feel No Pain"],"picked":"Burning Pact+1","floor":18},{"not_picked":["Warcry","Shrug It Off"],"picked":"Rupture+1","floor":21},{"not_picked":["Seeing Red","Headbutt","Blood for Blood"],"picked":"SKIP","floor":23}],"player_experience":1195275,"relics_obtained":[{"floor":6,"key":"Calipers"},{"floor":8,"key":"Bag of Preparation"},{"floor":9,"key":"Blue Candle"},{"floor":11,"key":"Anchor"},{"floor":23,"key":"Dream Catcher"}],"event_choices":[{"damage_healed":0,"gold_gain":0,"player_choice":"2 cards matched","damage_taken":0,"max_hp_gain":0,"max_hp_loss":0,"event_name":"Match and Keep!","floor":2,"gold_loss":0,"cards_obtained":["Clash","Bash"]},{"cards_removed":["Defend_R"],"damage_healed":0,"gold_gain":0,"player_choice":"Gave Gold","damage_taken":0,"max_hp_gain":0,"max_hp_loss":0,"event_name":"Beggar","floor":19,"gold_loss":75},{"damage_healed":0,"gold_gain":0,"player_choice":"Inject Mutagens","damage_taken":0,"relics_obtained":["MutagenicStrength"],"max_hp_gain":0,"max_hp_loss":0,"event_name":"Drug Dealer","floor":20,"gold_loss":0},{"damage_healed":0,"gold_gain":0,"player_choice":"Simplicity","damage_taken":0,"max_hp_gain":0,"max_hp_loss":0,"event_name":"Back to Basics","floor":22,"gold_loss":0,"cards_upgraded":["Strike_R","Strike_R","Strike_R","Strike_R","Defend_R","Defend_R","Defend_R"]}],"is_beta":false,"boss_relics":[{"not_picked":["Coffee Dripper","Philosopher\u0027s Stone"],"picked":"Mark of Pain"}],"items_purged_floors":[5],"is_endless":false,"potions_floor_spawned":[4,8,16,18,21,23],"killed_by":"Slavers","ascension_level":1}