{"gold_per_floor":[113,126,140,159,170,170,184,209,256,89,89,107,107,125,125,226,226,245,245,258,22,41,41,60,91,164,164,89,89,20,38,38,133,133,148,51,51,99,124,124,143,143],"floor_reached":42,"playtime":2471,"items_purged":["Strike_B"],"score":525,"play_id":"37bc1b50-d0ae-48d3-bca8-e3a464af7fca","local_time":"20190504151625","is_ascension_mode":true,"campfire_choices":[{"data":"Dualcast","floor":6,"key":"SMITH"},{"floor":13,"key":"REST"},{"floor":15,"key":"REST"},{"floor":23,"key":"REST"},{"floor":27,"key":"REST"},{"data":"Fission","floor":29,"key":"SMITH"},{"floor":32,"key":"REST"},{"floor":40,"key":"REST"}],"neow_cost":"NONE","seed_source_timestamp":44840373173800,"circlet_count":0,"master_deck":["Defend_B","Defend_B","Defend_B+1","Defend_B+1","Zap+1","Dualcast+1","Streamline+1","Doom and Gloom","Ball Lightning","Go for the Eyes+1","Steam","Chaos","Reinforced Body","Redo","Fission+1","Stack","Steam+1","Rainbow","Darkness","Panacea","Hologram","Conserve Battery","Multi-Cast","Chaos+1","Go for the Eyes","BootSequence","Shame","Loop+1"],"relics":["Cracked Core","Whetstone","War Paint","Tiny Chest","Cursed Key","PreservedInsect","Unceasing Top","Mummified Hand","Inserter","Peace Pipe","Anchor"],"potions_floor_usage":[2,4,8,18,25,33,38,42],"damage_taken":[{"damage":0,"enemies":"Cultist","floor":1,"turns":4},{"damage":7,"enemies":"Small Slimes","floor":2,"turns":2},{"damage":1,"enemies":"2 Louse","floor":3,"turns":2},{"damage":9,"enemies":"2 Fungi Beasts","floor":4,"turns":2},{"damage":19,"enemies":"Exordium Wildlife","floor":5,"turns":3},{"damage":2,"enemies":"3 Louse","floor":7,"turns":3},{"damage":25,"enemies":"Lagavulin","floor":8,"turns":5},{"damage":0,"enemies":"Blue Slaver","floor":12,"turns":4},{"damage":19,"enemies":"Exordium Wildlife","floor":14,"turns":3},{"damage":5,"enemies":"Hexaghost","floor":16,"turns":9},{"damage":5,"enemies":"3 Byrds","floor":18,"turns":4},{"damage":0,"enemies":"Spheric Guardian","floor":20,"turns":3},{"damage":22,"enemies":"Snecko","floor":22,"turns":7},{"damage":6,"enemies":"Cultist and Chosen","floor":24,"turns":6},{"damage":18,"enemies":"Book of Stabbing","floor":25,"turns":4},{"damage":16,"enemies":"Shelled Parasite and Fungi","floor":31,"turns":5},{"damage":46,"enemies":"Collector","floor":33,"turns":10},{"damage":0,"enemies":"Orb Walker","floor":35,"turns":4},{"damage":44,"enemies":"2 Orb Walkers","floor":38,"turns":8},{"damage":2,"enemies":"3 Shapes","floor":41,"turns":5},{"damage":68,"enemies":"Nemesis","floor":42,"turns":6}],"seed_played":"6897995170454544053","potions_obtained":[{"floor":1,"key":"Poison Potion"},{"floor":2,"key":"AttackPotion"},{"floor":5,"key":"Strength Potion"},{"floor":14,"key":"Explosive Potion"},{"floor":22,"key":"SteroidPotion"},{"floor":24,"key":"Explosive Potion"},{"floor":35,"key":"Explosive Potion"},{"floor":41,"key":"PowerPotion"}],"is_trial":false,"path_per_floor":["M","M","M","M","M","R","M","E","T","$","?","M","R","M","R","B",null,"M","?","M","$","M","R","M","E","T","R","?","R","$","M","R","B",null,"M","$","?","?","T","R","M","E"],"character_chosen":"DEFECT","items_purchased":["Redo","Tiny Chest","Panacea","PreservedInsect","Multi-Cast","Go for the Eyes"],"campfire_rested":6,"item_purchase_floors":[10,10,21,21,30,36],"current_hp_per_floor":[75,68,67,58,39,39,37,12,12,12,5,5,27,8,30,25,63,58,58,58,58,36,58,52,34,34,56,56,56,56,40,62,16,60,60,60,60,16,16,38,36,0],"gold":143,"neow_bonus":"UPGRADE_CARD","is_prod":false,"is_daily":false,"chose_seed":false,"campfire_upgraded":2,"win_rate":0,"timestamp":1557008185,"path_taken":["M","M","?","M","M","R","M","E","T","$","?","M","R","M","R","BOSS","M","?","M","$","M","R","M","E","T","R","?","R","$","M","R","BOSS","M","$","?","?","?","R","M","E"],"build_version":"2019-01-23","purchased_purges":1,"victory":false,"max_hp_per_floor":[75,75,75,75,75,75,75,75,75,75,75,75,75,75,75,75,75,75,75,75,75,75,75,75,75,75,75,75,75,75,75,75,75,75,75,75,75,75,75,75,75,75],"card_choices":[{"not_picked":["Melter","Conserve Battery"],"picked":"Streamline","floor":1},{"not_picked":["Streamline","Aggregate"],"picked":"Doom and Gloom","floor":2},{"not_picked":["Sweeping Beam","FTL"],"picked":"Ball Lightning","floor":3},{"not_picked":["White Noise","Compile Driver"],"picked":"Go for the Eyes","floor":4},{"not_picked":["Conserve Battery","Hologram"],"picked":"Steam","floor":5},{"not_picked":["Darkness","Hello World"],"picked":"Chaos","floor":7},{"not_picked":["Aggregate","Streamline"],"picked":"Reinforced Body","floor":8},{"not_picked":["Coolheaded","Fusion"],"picked":"Fission","floor":12},{"not_picked":["Rebound","Blizzard"],"picked":"Stack","floor":14},{"not_picked":["Gash","Beam Cell+1"],"picked":"Steam+1","floor":18},{"not_picked":["Turbo","Ball Lightning","Compile Driver"],"picked":"SKIP","floor":20},{"not_picked":["Stack+1","Cold Snap","Ball Lightning"],"picked":"SKIP","floor":22},{"not_picked":["Blizzard","Rebound+1"],"picked":"Hologram","floor":24},{"not_picked":["Coolheaded","White Noise"],"picked":"Conserve Battery","floor":25},{"not_picked":["Gash+1","Doom and Gloom"],"picked":"Chaos+1","floor":31},{"not_picked":["Sweeping Beam+1","Streamline+1","Conserve Battery+1"],"picked":"SKIP","floor":35},{"not_picked":["Rebound","Darkness+1"],"picked":"BootSequence","floor":38},{"not_picked":["Ball Lightning","Gash+1"],"picked":"Loop+1","floor":41}],"player_experience":298289,"relics_obtained":[{"floor":8,"key":"Whetstone"},{"floor":9,"key":"War Paint"},{"floor":25,"key":"Unceasing Top"},{"floor":26,"key":"Mummified Hand"},{"floor":38,"key":"Peace Pipe"},{"floor":39,"key":"Anchor"}],"event_choices":[{"damage_healed":0,"gold_gain":0,"player_choice":"Fled","damage_taken":7,"max_hp_gain":0,"max_hp_loss":0,"event_name":"Scrap Ooze","floor":11,"gold_loss":0},{"damage_healed":0,"gold_gain":0,"cards_transformed":["Strike_B","Strike_B"],"player_choice":"Became Test Subject","damage_taken":0,"max_hp_gain":0,"max_hp_loss":0,"event_name":"Drug Dealer","floor":19,"gold_loss":0,"cards_obtained":["Rainbow","Darkness"]},{"cards_removed":["Shame"],"damage_healed":0,"gold_gain":0,"player_choice":"Gave Gold","damage_taken":0,"max_hp_gain":0,"max_hp_loss":0,"event_name":"Beggar","floor":28,"gold_loss":75},{"cards_removed":["Strike_B"],"damage_healed":0,"gold_gain":0,"player_choice":"Removed Attack","damage_taken":0,"max_hp_gain":0,"max_hp_loss":0,"event_name":"Falling","floor":37,"gold_loss":0},{"damage_healed":0,"gold_gain":0,"player_choice":"Fight","damage_taken":0,"max_hp_gain":0,"max_hp_loss":0,"event_name":"Mysterious Sphere","floor":38,"gold_loss":0}],"is_beta":false,"boss_relics":[{"not_picked":["Tiny House","White Beast Statue"],"picked":"Cursed Key"},{"not_picked":["Calling Bell","Astrolabe"],"picked":"Inserter"}],"items_purged_floors":[36],"is_endless":false,"potions_floor_spawned":[1,2,5,14,22,24,35,41],"killed_by":"Nemesis","ascension_level":5}