{"gold_per_floor":[111,111,74,74,74,74,20,63,63,63,77,95,126,150,150,246,246,262,262,281,124,51,51,74,95,95,95],"floor_reached":27,"playtime":1422,"items_purged":["Injury"],"score":365,"play_id":"841cffc0-4a24-4e74-8c7c-7aea3898d2b0","local_time":"20190510204210","is_ascension_mode":true,"campfire_choices":[{"data":"Blade Dance","floor":6.0,"key":"SMITH"},{"floor":15.0,"key":"REST"},{"data":"Strike_G","floor":23,"key":"PURGE"}],"neow_cost":"TEN_PERCENT_HP_LOSS","seed_source_timestamp":2022658138277936,"circlet_count":0,"master_deck":["AscendersBane","Defend_G","Defend_G","Defend_G","Defend_G","Defend_G","Strike_G","Strike_G","Survivor","Neutralize","Blade Dance+1","Underhanded Strike","All Out Attack","Footwork","Underhanded Strike","Calculated Gamble+1","Unload","PiercingWail+1","Corpse Explosion+1","Tactician+1","Leg Sweep+1","Blur+1","Terror+1","Endless Agony"],"special_seed":0,"relics":["Ring of the Snake","Ornamental Fan","Golden Idol","Peace Pipe","Toxic Egg 2","Ninja Scroll","Potion Belt","Sozu","Shuriken","Question Card"],"potions_floor_usage":[],"damage_taken":[{"damage":0.0,"enemies":"Jaw Worm","floor":1.0,"turns":4.0},{"damage":22.0,"enemies":"3 Sentries","floor":8.0,"turns":9.0},{"damage":0.0,"enemies":"2 Louse","floor":11.0,"turns":2.0},{"damage":0.0,"enemies":"Small Slimes","floor":12.0,"turns":3.0},{"damage":6.0,"enemies":"Lagavulin","floor":13.0,"turns":10.0},{"damage":0.0,"enemies":"Blue Slaver","floor":14.0,"turns":2.0},{"damage":38.0,"enemies":"Slime Boss","floor":16.0,"turns":14.0},{"damage":0.0,"enemies":"3 Byrds","floor":18.0,"turns":2.0},{"damage":12,"enemies":"Spheric Guardian","floor":20,"turns":5},{"damage":0,"enemies":"Centurion and Healer","floor":24,"turns":5},{"damage":13,"enemies":"Sentry and Sphere","floor":25,"turns":7},{"damage":32,"enemies":"Gremlin Leader","floor":27,"turns":5}],"seed_played":"-3729453308150551304","potions_obtained":[{"floor":1.0,"key":"Explosive Potion"},{"floor":11.0,"key":"GhostInAJar"},{"floor":12.0,"key":"Regen Potion"},{"floor":14.0,"key":"Weak Potion"}],"is_trial":false,"path_per_floor":["M","?","$","?","?","R","$","E","T","?","M","M","E","M","R","B",null,"M","$","M","$","?","R","M","M","T","E"],"character_chosen":"THE_SILENT","items_purchased":["Footwork","Underhanded Strike","Blur+1"],"campfire_rested":1,"item_purchase_floors":[3,7,21],"current_hp_per_floor":[63,63,63,63,56,56,56,34,34,16,16,16,25,25,43,5,49,49,49,37,37,37,37,37,24,24,0],"gold":95,"neow_bonus":"TRANSFORM_TWO_CARDS","is_prod":false,"is_daily":false,"chose_seed":false,"campfire_upgraded":1,"win_rate":0,"timestamp":1557513730,"path_taken":["M","?","$","?","?","R","$","E","T","?","M","?","E","M","R","BOSS","M","$","M","$","?","R","?","M","T","E"],"build_version":"2019-01-23","purchased_purges":1,"victory":false,"max_hp_per_floor":[63,63,63,63,63,63,63,63,63,63,63,63,63,63,63,63,63,63,63,63,63,63,63,63,63,63,63],"card_choices":[{"not_picked":["Slice","PiercingWail"],"picked":"All Out Attack","floor":1.0},{"not_picked":["Slice","Bouncing Flask","Choke"],"picked":"SKIP","floor":8.0},{"not_picked":["Flying Knee","Caltrops"],"picked":"Calculated Gamble+1","floor":11.0},{"not_picked":["Caltrops","Underhanded Strike"],"picked":"Unload","floor":12.0},{"not_picked":["Dagger Spray","Dodge and Roll+1","Setup+1"],"picked":"SKIP","floor":13.0},{"not_picked":["Deflect+1","Prepared+1"],"picked":"PiercingWail+1","floor":14.0},{"not_picked":["Doppelganger+1","Die Die Die"],"picked":"Corpse Explosion+1","floor":16.0},{"not_picked":["Dagger Spray","Accuracy"],"picked":"Tactician+1","floor":18.0},{"not_picked":["Deadly Poison+1","Tactician+1"],"picked":"Leg Sweep+1","floor":20},{"not_picked":["Endless Agony","Dash"],"picked":"Terror+1","floor":24},{"not_picked":["Bane","Deflect+1"],"picked":"Endless Agony","floor":25}],"player_experience":305695,"relics_obtained":[{"floor":8.0,"key":"Peace Pipe"},{"floor":9.0,"key":"Toxic Egg 2"},{"floor":13.0,"key":"Potion Belt"},{"floor":26,"key":"Question Card"}],"event_choices":[{"damage_healed":0.0,"max_hp_gain":0.0,"max_hp_loss":0.0,"gold_gain":0.0,"event_name":"Big Fish","player_choice":"Box","floor":2.0,"gold_loss":0.0,"damage_taken":0.0,"relics_obtained":["Ornamental Fan"],"cards_obtained":["Regret"]},{"damage_healed":0.0,"max_hp_gain":0.0,"max_hp_loss":0.0,"gold_gain":0.0,"event_name":"Golden Idol","player_choice":"Take Wound","floor":4.0,"gold_loss":0.0,"damage_taken":0.0,"relics_obtained":["Golden Idol"],"cards_obtained":["Injury"]},{"cards_removed":["Regret"],"damage_healed":0.0,"max_hp_gain":0.0,"max_hp_loss":0.0,"gold_gain":0.0,"event_name":"Golden Wing","player_choice":"Card Removal","floor":5.0,"gold_loss":0.0,"damage_taken":7.0},{"damage_healed":0.0,"max_hp_gain":0.0,"max_hp_loss":0.0,"gold_gain":0.0,"event_name":"Scrap Ooze","player_choice":"Success","floor":10.0,"gold_loss":0.0,"damage_taken":18.0,"relics_obtained":["Ninja Scroll"]},{"damage_healed":0,"gold_gain":0,"player_choice":"Paid Gold","damage_taken":0,"relics_obtained":["Shuriken"],"max_hp_gain":0,"max_hp_loss":0,"event_name":"WeMeetAgain","floor":22,"gold_loss":73}],"is_beta":false,"boss_relics":[{"not_picked":["Black Star","Busted Crown"],"picked":"Sozu"}],"items_purged_floors":[21],"is_endless":false,"potions_floor_spawned":[1,11,12,14,20,24],"killed_by":"Gremlin Leader","ascension_level":13}