{"gold_per_floor":[114,114,130,141,154,154,188,200,200,200,215,50,75,94,94,94],"floor_reached":16,"playtime":443,"items_purged":[],"score":208,"play_id":"40493854-0dde-4c58-bf6a-32eb09f99449","local_time":"20190518184300","is_ascension_mode":true,"campfire_choices":[{"data":"Defragment","floor":6,"key":"SMITH"},{"floor":10,"key":"REST"},{"data":"Fusion","floor":15,"key":"SMITH"}],"neow_cost":"NONE","seed_source_timestamp":11567785504024,"circlet_count":0,"master_deck":["AscendersBane","Strike_B","Strike_B","Strike_B","Strike_B","Defend_B","Defend_B","Defend_B","Defend_B","Zap","Dualcast","Defragment+1","Cold Snap","Compile Driver","Fusion+1","Reinforced Body","Undo","Turbo","Chill","BootSequence"],"relics":["Cracked Core","Blood Vial","Pantograph","Bag of Preparation","Juzu Bracelet"],"potions_floor_usage":[7,14],"damage_taken":[{"damage":3,"enemies":"Small Slimes","floor":1,"turns":3},{"damage":3,"enemies":"Cultist","floor":3,"turns":4},{"damage":12,"enemies":"Jaw Worm","floor":4,"turns":3},{"damage":11,"enemies":"2 Fungi Beasts","floor":5,"turns":4},{"damage":20,"enemies":"Gremlin Nob","floor":7,"turns":4},{"damage":8,"enemies":"Large Slime","floor":8,"turns":5},{"damage":21,"enemies":"Exordium Wildlife","floor":11,"turns":4},{"damage":0,"enemies":"Gremlin Gang","floor":14,"turns":6},{"damage":51,"enemies":"Hexaghost","floor":16,"turns":14}],"seed_played":"3244909718996294151","potions_obtained":[{"floor":4,"key":"PowerPotion"},{"floor":7,"key":"GamblersBrew"},{"floor":8,"key":"Swift Potion"},{"floor":14,"key":"SkillPotion"}],"is_trial":false,"path_per_floor":["M","?","M","M","M","R","E","M","T","R","M","$","T","M","R","B"],"character_chosen":"DEFECT","items_purchased":["Bag of Preparation"],"campfire_rested":1,"item_purchase_floors":[12],"current_hp_per_floor":[68,68,65,53,42,42,22,16,16,39,20,20,20,22,22,0],"gold":94,"neow_bonus":"TEN_PERCENT_HP_BONUS","is_prod":false,"is_daily":false,"chose_seed":false,"campfire_upgraded":2,"win_rate":0,"timestamp":1558197780,"path_taken":["M","?","M","M","?","R","E","M","T","R","M","?","?","M","R","BOSS"],"build_version":"2019-05-07","purchased_purges":0,"victory":false,"max_hp_per_floor":[78,78,78,78,78,78,78,78,78,78,78,78,78,78,78,78],"card_choices":[{"not_picked":["Redo","Ball Lightning"],"picked":"Defragment","floor":1},{"not_picked":["Turbo","Leap"],"picked":"Compile Driver","floor":3},{"not_picked":["Doom and Gloom","Darkness"],"picked":"Fusion","floor":4},{"not_picked":["Force Field","Consume"],"picked":"Reinforced Body","floor":5},{"not_picked":["Fusion","Hologram"],"picked":"Undo","floor":7},{"not_picked":["Beam Cell","Rainbow"],"picked":"Turbo","floor":8},{"not_picked":["Undo","Doom and Gloom"],"picked":"Chill","floor":11},{"not_picked":["Turbo","Reinforced Body"],"picked":"BootSequence","floor":14}],"player_experience":1558659,"relics_obtained":[{"floor":7,"key":"Blood Vial"},{"floor":9,"key":"Pantograph"},{"floor":13,"key":"Juzu Bracelet"}],"event_choices":[{"damage_healed":0,"gold_gain":0,"player_choice":"1 cards matched","damage_taken":0,"max_hp_gain":0,"max_hp_loss":0,"event_name":"Match and Keep!","floor":2,"gold_loss":0,"cards_obtained":["Cold Snap"]}],"is_beta":true,"boss_relics":[],"items_purged_floors":[],"is_endless":false,"potions_floor_spawned":[4,7,8,11,14],"killed_by":"Hexaghost","ascension_level":20}