{"gold_per_floor":[14,14,30,130,143,143,169,169,169,27,27,42,142,177,177,255,255,271,287,287,287],"floor_reached":21,"playtime":710,"items_purged":[],"score":318,"play_id":"2f35aeb9-fe64-4adf-a07c-55f05d3e4d6d","local_time":"20190527060639","is_ascension_mode":true,"campfire_choices":[{"data":"Zap","floor":6,"key":"SMITH"},{"data":"Defragment","floor":8,"key":"SMITH"},{"data":"Redo","floor":11,"key":"SMITH"},{"floor":15,"key":"REST"}],"neow_cost":"NO_GOLD","seed_source_timestamp":821418952210460,"circlet_count":0,"master_deck":["AscendersBane","Strike_B","Strike_B","Strike_B","Strike_B","Defend_B","Defend_B","Defend_B","Defend_B","Zap+1","Dualcast","Reinforced Body","Gash","Redo+1","Defragment+1","Steam","Gash","Capacitor","Beam Cell","Electrodynamics","Gash"],"relics":["Cracked Core","Unceasing Top","StoneCalendar","Mummified Hand","Dodecahedron","Cursed Key"],"potions_floor_usage":[7,7,14,21],"damage_taken":[{"damage":0,"enemies":"Small Slimes","floor":1,"turns":3},{"damage":0,"enemies":"2 Louse","floor":3,"turns":3},{"damage":1,"enemies":"Cultist","floor":5,"turns":3},{"damage":20,"enemies":"3 Sentries","floor":7,"turns":6},{"damage":0,"enemies":"2 Fungi Beasts","floor":12,"turns":3},{"damage":28,"enemies":"Gremlin Nob","floor":14,"turns":4},{"damage":32,"enemies":"The Guardian","floor":16,"turns":10},{"damage":1,"enemies":"3 Byrds","floor":18,"turns":3},{"damage":0,"enemies":"Spheric Guardian","floor":19,"turns":3},{"damage":55,"enemies":"Snecko","floor":21,"turns":5}],"seed_played":"-771342260094301679","potions_obtained":[{"floor":3,"key":"Fire Potion"},{"floor":5,"key":"GamblersBrew"},{"floor":12,"key":"Explosive Potion"},{"floor":18,"key":"Swift Potion"}],"is_trial":false,"path_per_floor":["M","?","M","?","M","R","E","R","T","$","R","M","?","E","R","B",null,"M","M","?","M"],"character_chosen":"DEFECT","items_purchased":["Steam","Gash","Capacitor"],"campfire_rested":1,"item_purchase_floors":[10,10,10],"current_hp_per_floor":[64,69,69,69,68,68,48,48,48,48,48,48,48,20,42,10,60,59,59,45,0],"gold":287,"neow_bonus":"ONE_RARE_RELIC","is_prod":false,"is_daily":false,"chose_seed":false,"campfire_upgraded":3,"win_rate":0,"timestamp":1558929999,"path_taken":["M","?","M","?","?","R","E","R","T","$","R","M","?","E","R","BOSS","M","?","?","M"],"build_version":"2019-01-23","purchased_purges":0,"victory":false,"max_hp_per_floor":[71,76,76,76,76,76,76,76,76,76,76,76,76,76,76,76,76,76,76,81,81],"card_choices":[{"not_picked":["Cold Snap","Chaos"],"picked":"Reinforced Body","floor":1},{"not_picked":["Melter","Conserve Battery"],"picked":"Gash","floor":3},{"not_picked":["Rebound","Multi-Cast"],"picked":"Redo","floor":5},{"not_picked":["Go for the Eyes","Compile Driver"],"picked":"Defragment","floor":7},{"not_picked":["Auto Shields","Ball Lightning"],"picked":"Beam Cell","floor":12},{"not_picked":["Ball Lightning","Sweeping Beam","Turbo"],"picked":"SKIP","floor":14},{"not_picked":["Ball Lightning","Sweeping Beam","Turbo"],"picked":"SKIP","floor":14},{"not_picked":["Machine Learning","Multi-Cast"],"picked":"Electrodynamics","floor":16},{"not_picked":["Rebound+1","Coolheaded"],"picked":"Gash","floor":18},{"not_picked":["Barrage","Leap","Sweeping Beam"],"picked":"SKIP","floor":19}],"player_experience":430455,"relics_obtained":[{"floor":7,"key":"StoneCalendar"},{"floor":9,"key":"Mummified Hand"},{"floor":14,"key":"Dodecahedron"}],"event_choices":[{"damage_healed":0,"gold_gain":0,"player_choice":"Donut","damage_taken":0,"max_hp_gain":5,"max_hp_loss":0,"event_name":"Big Fish","floor":2,"gold_loss":0},{"damage_healed":0,"gold_gain":100,"player_choice":"Pray","damage_taken":0,"max_hp_gain":0,"max_hp_loss":0,"event_name":"Golden Shrine","floor":4,"gold_loss":0},{"damage_healed":0,"gold_gain":100,"player_choice":"Gold","damage_taken":0,"max_hp_gain":0,"max_hp_loss":0,"event_name":"Wheel of Change","floor":13,"gold_loss":0},{"damage_healed":0,"gold_gain":0,"player_choice":"Shed Blood","damage_taken":19,"max_hp_gain":5,"max_hp_loss":0,"event_name":"Forgotten Altar","floor":20,"gold_loss":0}],"is_beta":false,"boss_relics":[{"not_picked":["Empty Cage","Velvet Choker"],"picked":"Cursed Key"}],"items_purged_floors":[],"is_endless":false,"potions_floor_spawned":[3,5,12,18],"killed_by":"Snecko","ascension_level":14}