{"gold_per_floor":[113,113,125,143,159,194,206,229,241,253,294,316,28,59,59,138,138,152,152,172,191,191,191,191,191,191,211,211,211],"floor_reached":29,"playtime":1317,"items_purged":[],"score":490,"play_id":"c7d80d74-e699-46a9-874b-24b8028f7395","local_time":"20190531231836","is_ascension_mode":true,"campfire_choices":[{"floor":10.0,"key":"REST"},{"floor":15.0,"key":"REST"},{"floor":24,"key":"REST"}],"neow_cost":"NONE","seed_source_timestamp":1228334093901389,"circlet_count":0,"master_deck":["AscendersBane","Strike_B+1","Strike_B+1","Defend_B+1","Defend_B+1","Defend_B+1","Defend_B+1","Zap","Dualcast","Coolheaded+1","Doom and Gloom","Streamline","Heatsinks","Undo","Conserve Battery","Redo","Compile Driver","Skim","Creative AI+1","RitualDagger","Steam","Coolheaded"],"special_seed":0,"relics":["Fusion Hammer","MawBank","Bag of Preparation","War Paint","Medical Kit","Frozen Egg 2","Nuclear Battery","Gremlin Horn"],"potions_floor_usage":[21,23],"damage_taken":[{"damage":7.0,"enemies":"Small Slimes","floor":1.0,"turns":4.0},{"damage":4.0,"enemies":"2 Louse","floor":3.0,"turns":3.0},{"damage":0.0,"enemies":"Cultist","floor":4.0,"turns":4.0},{"damage":2.0,"enemies":"Exordium Thugs","floor":5.0,"turns":5.0},{"damage":11.0,"enemies":"3 Sentries","floor":6.0,"turns":6.0},{"damage":6.0,"enemies":"3 Louse","floor":8.0,"turns":2.0},{"damage":26.0,"enemies":"Lagavulin","floor":11.0,"turns":8.0},{"damage":0.0,"enemies":"2 Fungi Beasts","floor":12.0,"turns":3.0},{"damage":2.0,"enemies":"3 Sentries","floor":14.0,"turns":3.0},{"damage":23.0,"enemies":"Slime Boss","floor":16.0,"turns":7.0},{"damage":12.0,"enemies":"2 Thieves","floor":18.0,"turns":5.0},{"damage":26.0,"enemies":"3 Byrds","floor":20.0,"turns":4.0},{"damage":13,"enemies":"Snake Plant","floor":21,"turns":6},{"damage":2,"enemies":"Gremlin Leader","floor":23,"turns":6},{"damage":10,"enemies":"3 Cultists","floor":27,"turns":5},{"damage":6,"enemies":"Centurion and Healer","floor":29,"turns":7}],"seed_played":"-8565241222102744780","potions_obtained":[{"floor":1.0,"key":"EssenceOfSteel"},{"floor":4.0,"key":"PowerPotion"},{"floor":7.0,"key":"LiquidBronze"},{"floor":7.0,"key":"Poison Potion"},{"floor":11.0,"key":"PowerPotion"},{"floor":16.0,"key":"Regen Potion"},{"floor":18.0,"key":"SmokeBomb"},{"floor":20.0,"key":"Ancient Potion"}],"is_trial":false,"path_per_floor":["M","?","M","M","M","E","?","M","T","R","E","M","$","E","R","B",null,"M","?","M","M","?","E","R","?","T","M","?","M"],"character_chosen":"DEFECT","items_purchased":["Redo","Compile Driver","Medical Kit"],"campfire_rested":3,"item_purchase_floors":[13,13,13],"current_hp_per_floor":[57,57,53,53,51,40,40,34,34,55,29,29,29,27,48,25,60,62,56,30,17,17,15,36,16,16,6,6,0],"gold":211,"neow_bonus":"BOSS_RELIC","is_prod":false,"is_daily":false,"chose_seed":false,"campfire_upgraded":0,"win_rate":0,"timestamp":1559337516,"path_taken":["M","?","M","M","M","E","?","M","T","R","E","?","$","E","R","BOSS","M","?","M","M","?","E","R","?","T","M","?","M"],"build_version":"2019-01-23","purchased_purges":0,"victory":false,"max_hp_per_floor":[71,71,71,71,71,71,71,71,71,71,71,71,71,71,71,71,71,71,71,71,71,71,71,71,76,76,76,76,76],"card_choices":[{"not_picked":["Loop","Cold Snap"],"picked":"Coolheaded","floor":1.0},{"not_picked":["Gash","Cold Snap"],"picked":"Doom and Gloom","floor":3.0},{"not_picked":["Steam","Stack"],"picked":"Streamline","floor":4.0},{"not_picked":["Capacitor","Static Discharge","Steam"],"picked":"SKIP","floor":5.0},{"not_picked":["Beam Cell","Chill"],"picked":"Heatsinks","floor":6.0},{"not_picked":["Double Energy","Turbo","Go for the Eyes"],"picked":"SKIP","floor":8.0},{"not_picked":["Sweeping Beam","Genetic Algorithm"],"picked":"Undo","floor":11.0},{"not_picked":["Hologram","Compile Driver"],"picked":"Conserve Battery","floor":12.0},{"not_picked":["Amplify","Go for the Eyes"],"picked":"Skim","floor":14.0},{"not_picked":["Seek","Machine Learning+1"],"picked":"Creative AI+1","floor":16.0},{"not_picked":["FTL","Recycle","Turbo"],"picked":"SKIP","floor":18.0},{"not_picked":["Leap","Tempest","Sweeping Beam"],"picked":"SKIP","floor":20.0},{"not_picked":["FTL","Rebound","Steam"],"picked":"SKIP","floor":21},{"not_picked":["Go for the Eyes","Beam Cell+1","Streamline"],"picked":"SKIP","floor":27}],"player_experience":492372,"relics_obtained":[{"floor":6.0,"key":"MawBank"},{"floor":9.0,"key":"Bag of Preparation"},{"floor":11.0,"key":"War Paint"},{"floor":14.0,"key":"Frozen Egg 2"},{"floor":26,"key":"Gremlin Horn"}],"event_choices":[{"damage_healed":0.0,"max_hp_gain":0.0,"max_hp_loss":0.0,"gold_gain":0.0,"event_name":"Living Wall","player_choice":"Grow","floor":2.0,"gold_loss":0.0,"damage_taken":0.0,"cards_upgraded":["Coolheaded"]},{"damage_healed":0.0,"max_hp_gain":0.0,"max_hp_loss":0.0,"gold_gain":0.0,"event_name":"Lab","player_choice":"Got Potions","floor":7.0,"gold_loss":0.0,"damage_taken":0.0},{"damage_healed":0.0,"max_hp_gain":0.0,"max_hp_loss":0.0,"gold_gain":0.0,"event_name":"Nest","player_choice":"Joined the Cult","floor":19.0,"gold_loss":0.0,"damage_taken":6.0,"cards_obtained":["RitualDagger"]},{"damage_healed":0,"gold_gain":0,"player_choice":"Simplicity","damage_taken":0,"max_hp_gain":0,"max_hp_loss":0,"event_name":"Back to Basics","floor":22,"gold_loss":0,"cards_upgraded":["Strike_B","Strike_B","Strike_B","Strike_B","Defend_B","Defend_B"]},{"damage_healed":0,"gold_gain":0,"player_choice":"Shed Blood","damage_taken":25,"max_hp_gain":5,"max_hp_loss":0,"event_name":"Forgotten Altar","floor":25,"gold_loss":0},{"damage_healed":0,"gold_gain":0,"cards_transformed":["Strike_B","Strike_B"],"player_choice":"Became Test Subject","damage_taken":0,"max_hp_gain":0,"max_hp_loss":0,"event_name":"Drug Dealer","floor":28,"gold_loss":0,"cards_obtained":["Steam","Coolheaded"]}],"is_beta":false,"boss_relics":[{"not_picked":["Empty Cage","Calling Bell"],"picked":"Nuclear Battery"}],"items_purged_floors":[],"is_endless":false,"potions_floor_spawned":[1,4,11,16,18,20],"killed_by":"Centurion and Healer","ascension_level":17}