{"gold_per_floor":[110,123,136,153,153,182,193,50,131,166,166,182,211,161,161,256,256,274,130,55,0,11,43,142,167,467,498,498,498,148,160,160,261,261,281,381,381,396,396,423,437,437,517,530,550,7,7,7,7,7],"floor_reached":51,"playtime":2626,"items_purged":["Strike_R","Strike_R"],"score":1217,"play_id":"7c50a93c-2749-4d0d-8d94-3d733b79e005","local_time":"20190622130420","is_ascension_mode":true,"campfire_choices":[{"data":"Body Slam","floor":11.0,"key":"SMITH"},{"data":"Rampage","floor":15.0,"key":"SMITH"},{"data":"Limit Break","floor":29.0,"key":"SMITH"},{"data":"Dark Embrace","floor":32.0,"key":"SMITH"},{"floor":42.0,"key":"REST"},{"floor":49.0,"key":"REST"}],"neow_cost":"NONE","seed_source_timestamp":144275222425536,"circlet_count":0,"master_deck":["Defend_R","Defend_R","Defend_R","Defend_R","Bash","Shrug It Off","Body Slam+1","Iron Wave","Anger+1","Pommel Strike","Rampage+1","Shockwave","Spot Weakness","Limit Break+1","Flame Barrier","Clothesline+1","Dark Embrace+1","Evolve","Corruption+1","Feed","Wild Strike+1","Feel No Pain","Flex","Armaments","Inflame","Impervious","Warcry+1","Warcry","Demon Form","Rampage","Madness","Madness","Armaments+1","Disarm","Parasite","Juggernaut","Impervious"],"special_seed":0,"relics":["Burning Blood","Thread and Needle","Oddly Smooth Stone","Dodecahedron","Nunchaku","Red Skull","Orrery","Smiling Mask","Vajra","Old Coin","Bottled Tornado","Whetstone","Philosopher\u0027s Stone","FossilizedHelix","Blood Vial","Gremlin Horn","Anchor","Toxic Egg 2"],"potions_floor_usage":[],"damage_taken":[{"damage":5.0,"enemies":"Cultist","floor":1.0,"turns":4.0},{"damage":5.0,"enemies":"Small Slimes","floor":2.0,"turns":4.0},{"damage":11.0,"enemies":"2 Louse","floor":3.0,"turns":3.0},{"damage":4.0,"enemies":"Exordium Wildlife","floor":4.0,"turns":5.0},{"damage":24.0,"enemies":"Lagavulin","floor":6.0,"turns":9.0},{"damage":2.0,"enemies":"Looter","floor":7.0,"turns":4.0},{"damage":14.0,"enemies":"Gremlin Nob","floor":10.0,"turns":4.0},{"damage":2.0,"enemies":"2 Fungi Beasts","floor":12.0,"turns":3.0},{"damage":6.0,"enemies":"3 Sentries","floor":13.0,"turns":7.0},{"damage":20.0,"enemies":"Slime Boss","floor":16.0,"turns":14.0},{"damage":10.0,"enemies":"Shell Parasite","floor":18.0,"turns":8.0},{"damage":9.0,"enemies":"3 Byrds","floor":22.0,"turns":4.0},{"damage":2.0,"enemies":"Book of Stabbing","floor":23.0,"turns":4.0},{"damage":29.0,"enemies":"Slavers","floor":25.0,"turns":6.0},{"damage":27.0,"enemies":"Book of Stabbing","floor":27.0,"turns":5.0},{"damage":21.0,"enemies":"Centurion and Healer","floor":31.0,"turns":4.0},{"damage":20.0,"enemies":"Collector","floor":33.0,"turns":7.0},{"damage":23.0,"enemies":"3 Darklings","floor":35.0,"turns":4.0},{"damage":8.0,"enemies":"Mind Bloom Boss Battle","floor":36.0,"turns":6.0},{"damage":0.0,"enemies":"Orb Walker","floor":38.0,"turns":4.0},{"damage":0.0,"enemies":"Reptomancer","floor":40.0,"turns":3.0},{"damage":38.0,"enemies":"Spire Growth","floor":41.0,"turns":6.0},{"damage":0.0,"enemies":"3 Darklings","floor":44.0,"turns":5.0},{"damage":15.0,"enemies":"Writhing Mass","floor":45.0,"turns":6.0},{"damage":8,"enemies":"Donu and Deca","floor":50,"turns":6}],"seed_played":"-4625135532972186520","potions_obtained":[{"floor":1.0,"key":"GamblersBrew"},{"floor":4.0,"key":"EssenceOfSteel"},{"floor":5.0,"key":"Ancient Potion"},{"floor":5.0,"key":"Dexterity Potion"},{"floor":6.0,"key":"AttackPotion"},{"floor":10.0,"key":"LiquidBronze"},{"floor":12.0,"key":"BloodPotion"},{"floor":13.0,"key":"SteroidPotion"},{"floor":22.0,"key":"EntropicBrew"},{"floor":23.0,"key":"Explosive Potion"},{"floor":31.0,"key":"Energy Potion"},{"floor":33.0,"key":"Dexterity Potion"},{"floor":40.0,"key":"SpeedPotion"}],"is_trial":false,"path_per_floor":["M","M","M","M","?","E","M","$","T","E","R","M","E","?","R","B",null,"M","$","?","?","M","E","?","E","T","E","?","R","$","M","R","B",null,"M","?","?","M","?","E","M","R","T","M","M","$","?","$","R","B",null],"character_chosen":"IRONCLAD","items_purchased":["Oddly Smooth Stone","Corruption","Fruit Juice","Whetstone","Armaments","Anchor","Impervious","Toxic Egg 2"],"campfire_rested":2,"item_purchase_floors":[8,19,30,30,30,46,46,46],"current_hp_per_floor":[73,74,69,71,71,53,57,57,57,49,49,53,61,61,61,47,72,68,68,68,68,65,69,69,49,49,28,55,55,60,45,45,31,74,60,61,61,67,55,61,35,64,64,72,68,68,68,68,98,101],"gold":7,"neow_bonus":"THREE_CARDS","is_prod":false,"is_daily":false,"chose_seed":false,"campfire_upgraded":4,"win_rate":0,"timestamp":1561226660,"path_taken":["M","M","M","?","?","E","?","$","T","E","R","M","E","?","R","BOSS","M","$","?","?","M","E","?","E","T","E","?","R","$","M","R","BOSS","M","?","?","?","?","E","M","R","T","M","M","?","?","$","R","BOSS"],"build_version":"2019-01-23","purchased_purges":2,"victory":true,"max_hp_per_floor":[80,80,80,80,80,80,80,80,80,80,80,80,80,80,80,80,80,80,80,80,80,80,80,80,83,83,83,83,83,88,88,88,88,88,91,94,94,94,94,94,98,98,98,98,101,101,101,101,101,104],"card_choices":[{"not_picked":["Flex","Cleave"],"picked":"Shrug It Off","floor":0.0},{"not_picked":["Rupture","Flame Barrier"],"picked":"Body Slam","floor":1.0},{"not_picked":["Cleave","Carnage"],"picked":"Iron Wave","floor":2.0},{"not_picked":["Infernal Blade","Power Through"],"picked":"Anger","floor":3.0},{"not_picked":["Second Wind","Pummel"],"picked":"Pommel Strike","floor":4.0},{"not_picked":["True Grit","Seeing Red","Dual Wield"],"picked":"SKIP","floor":6.0},{"not_picked":["Uppercut","Thunderclap"],"picked":"Rampage","floor":7.0},{"not_picked":["Bloodletting","Warcry"],"picked":"Shockwave","floor":10.0},{"not_picked":["Sever Soul","Clash"],"picked":"Spot Weakness","floor":12.0},{"not_picked":["Seeing Red","Havoc","Perfected Strike"],"picked":"SKIP","floor":13.0},{"not_picked":["Double Tap","Fiend Fire"],"picked":"Limit Break","floor":16.0},{"not_picked":["Havoc","Cleave"],"picked":"Flame Barrier","floor":17.0},{"not_picked":["Entrench","Anger"],"picked":"Clothesline","floor":17.0},{"not_picked":["Anger","Clash"],"picked":"Dark Embrace","floor":17.0},{"not_picked":["Perfected Strike","Anger"],"picked":"Evolve","floor":18.0},{"not_picked":["Infernal Blade","Spot Weakness+1"],"picked":"Feed","floor":22.0},{"not_picked":["Metallicize","Burning Pact"],"picked":"Wild Strike+1","floor":23.0},{"not_picked":["Heavy Blade","Reckless Charge"],"picked":"Feel No Pain","floor":25.0},{"not_picked":["Whirlwind","Carnage+1"],"picked":"Flex","floor":27.0},{"not_picked":["Sword Boomerang+1","Armaments"],"picked":"Inflame","floor":31.0},{"not_picked":["Berserk","Exhume"],"picked":"Impervious","floor":33.0},{"not_picked":["Sever Soul","Cleave+1"],"picked":"Warcry+1","floor":35.0},{"not_picked":["Clothesline+1","Rage+1"],"picked":"Warcry","floor":36.0},{"not_picked":["Clash","Searing Blow+1"],"picked":"Rampage","floor":38.0},{"not_picked":["Reckless Charge+1","Combust"],"picked":"Armaments+1","floor":40.0},{"not_picked":["Perfected Strike+1","Seeing Red"],"picked":"Disarm","floor":41.0},{"not_picked":["Twin Strike","Inflame","Carnage+1"],"picked":"SKIP","floor":44.0},{"not_picked":["Heavy Blade","Shrug It Off+1"],"picked":"Juggernaut","floor":45.0}],"player_experience":247859,"relics_obtained":[{"floor":6.0,"key":"Thread and Needle"},{"floor":9.0,"key":"Dodecahedron"},{"floor":10.0,"key":"Nunchaku"},{"floor":13.0,"key":"Red Skull"},{"floor":23.0,"key":"Smiling Mask"},{"floor":25.0,"key":"Vajra"},{"floor":26.0,"key":"Old Coin"},{"floor":27.0,"key":"Bottled Tornado"},{"floor":36.0,"key":"FossilizedHelix"},{"floor":40.0,"key":"Blood Vial"},{"floor":43.0,"key":"Gremlin Horn"}],"event_choices":[{"damage_healed":0.0,"max_hp_gain":0.0,"max_hp_loss":0.0,"gold_gain":0.0,"event_name":"Lab","player_choice":"Got Potions","floor":5.0,"gold_loss":0.0,"damage_taken":0.0},{"cards_removed":["Strike_R"],"damage_healed":0.0,"max_hp_gain":0.0,"max_hp_loss":0.0,"gold_gain":0.0,"event_name":"The Cleric","player_choice":"Card Removal","floor":14.0,"gold_loss":50.0,"damage_taken":0.0},{"cards_removed":["Strike_R"],"damage_healed":0.0,"max_hp_gain":0.0,"max_hp_loss":0.0,"gold_gain":0.0,"event_name":"Beggar","player_choice":"Gave Gold","floor":20.0,"gold_loss":75.0,"damage_taken":0.0},{"damage_healed":0.0,"max_hp_gain":0.0,"max_hp_loss":0.0,"gold_gain":0.0,"event_name":"Masked Bandits","player_choice":"Paid Fearfully","floor":21.0,"gold_loss":55.0,"damage_taken":0.0},{"damage_healed":0.0,"max_hp_gain":0.0,"max_hp_loss":0.0,"gold_gain":99.0,"event_name":"Nest","player_choice":"Stole From Cult","floor":24.0,"gold_loss":0.0,"damage_taken":0.0},{"damage_healed":27.0,"max_hp_gain":0.0,"max_hp_loss":0.0,"gold_gain":0.0,"event_name":"The Library","player_choice":"Heal","floor":28.0,"gold_loss":0.0,"damage_taken":0.0},{"damage_healed":0.0,"max_hp_gain":0.0,"max_hp_loss":0.0,"gold_gain":0.0,"event_name":"MindBloom","player_choice":"Fight","floor":36.0,"gold_loss":0.0,"damage_taken":0.0},{"damage_healed":0.0,"max_hp_gain":0.0,"max_hp_loss":0.0,"gold_gain":0.0,"cards_transformed":["Strike_R"],"event_name":"Transmorgrifier","player_choice":"Transformed","floor":37.0,"gold_loss":0.0,"damage_taken":0.0,"cards_obtained":["Demon Form"]},{"damage_healed":0.0,"max_hp_gain":0.0,"max_hp_loss":0.0,"gold_gain":0.0,"event_name":"Winding Halls","player_choice":"Embrace Madness","floor":39.0,"gold_loss":0.0,"damage_taken":12.0,"cards_obtained":["Madness","Madness"]},{"damage_healed":0.0,"max_hp_gain":0.0,"max_hp_loss":0.0,"gold_gain":0.0,"event_name":"Accursed Blacksmith","player_choice":"Forge","floor":47.0,"gold_loss":0.0,"damage_taken":0.0,"cards_upgraded":["Corruption"]}],"is_beta":false,"boss_relics":[{"not_picked":["Calling Bell","Ectoplasm"],"picked":"Orrery"},{"not_picked":["White Beast Statue","Eternal Feather"],"picked":"Philosopher\u0027s Stone"}],"items_purged_floors":[19,30],"is_endless":false,"potions_floor_spawned":[1,4,6,10,12,13,22,23,31,33,40,45],"ascension_level":9}