{"gold_per_floor":[110,110,121,11,26,61,79,114,185,197,197,207,67,87,87,186,186,196,49,349,449,460,460,472,102,102,102,102,102],"floor_reached":29,"playtime":1393,"items_purged":["Doubt","Strike_R"],"score":319,"play_id":"b0a9eac5-f6af-4439-b5c6-487992842033","local_time":"20190514172455","is_ascension_mode":true,"campfire_choices":[{"data":"Fire Breathing","floor":15,"key":"SMITH"},{"floor":23,"key":"REST"}],"neow_cost":"CURSE","seed_source_timestamp":917682695662800,"circlet_count":0,"master_deck":["Strike_R","Strike_R","Strike_R","Strike_R","Defend_R","Defend_R","Defend_R","Defend_R","Bash","Wild Strike","Clash","Fire Breathing+1","Spot Weakness","Headbutt","Heavy Blade+1","Battle Trance","Seeing Red","Anger","Double Tap","Shrug It Off+1","Shame","Evolve+1","Dual Wield+1","Shrug It Off","Flame Barrier"],"relics":["Burning Blood","Pantograph","Matryoshka","Frozen Egg 2","Happy Flower","Bottled Flame","Mark of Pain","Bag of Marbles","Old Coin","Girya","Question Card","PrismaticShard","Omamori","Dodecahedron","FossilizedHelix","Enchiridion"],"potions_floor_usage":[8,12,13,16,16,21],"damage_taken":[{"damage":1,"enemies":"Cultist","floor":1,"turns":3},{"damage":5,"enemies":"Small Slimes","floor":3,"turns":3},{"damage":7,"enemies":"2 Louse","floor":5,"turns":3},{"damage":45,"enemies":"3 Sentries","floor":6,"turns":11},{"damage":21,"enemies":"Exordium Thugs","floor":7,"turns":4},{"damage":50,"enemies":"Lagavulin","floor":8,"turns":6},{"damage":7,"enemies":"Large Slime","floor":10,"turns":3},{"damage":1,"enemies":"2 Fungi Beasts","floor":12,"turns":2},{"damage":3,"enemies":"Blue Slaver","floor":14,"turns":2},{"damage":12,"enemies":"Slime Boss","floor":16,"turns":7},{"damage":22,"enemies":"Spheric Guardian","floor":18,"turns":4},{"damage":31,"enemies":"Colosseum Slavers","floor":21,"turns":4},{"damage":24,"enemies":"Colosseum Nobs","floor":21,"turns":4},{"damage":6,"enemies":"3 Byrds","floor":22,"turns":5},{"damage":5,"enemies":"Snecko","floor":24,"turns":3},{"damage":50,"enemies":"Slavers","floor":29,"turns":3}],"seed_played":"2407368799169102022","potions_obtained":[{"floor":5,"key":"Ancient Potion"},{"floor":7,"key":"Regen Potion"},{"floor":10,"key":"Poison Potion"},{"floor":12,"key":"AttackPotion"},{"floor":18,"key":"Weak Potion"}],"is_trial":false,"path_per_floor":["M","T","M","$","M","E","M","E","T","M","?","M","$","M","R","B",null,"M","$","?","?","M","R","M","$","T","?","?","E"],"character_chosen":"IRONCLAD","items_purchased":["Fire Breathing","Seeing Red","Fruit Juice","Bag of Marbles","PrismaticShard","Flame Barrier"],"campfire_rested":1,"item_purchase_floors":[4,13,13,19,25,25],"current_hp_per_floor":[96,96,96,96,95,56,41,9,9,8,8,13,18,21,21,40,86,70,70,70,27,27,57,58,58,58,58,42,0],"gold":102,"neow_bonus":"TWENTY_PERCENT_HP_BONUS","is_prod":false,"is_daily":false,"chose_seed":false,"campfire_upgraded":1,"win_rate":0,"timestamp":1557879895,"path_taken":["M","?","?","$","M","E","M","E","T","?","?","?","$","M","R","BOSS","M","$","?","?","M","R","?","$","T","?","?","E"],"build_version":"2019-01-23","purchased_purges":2,"victory":false,"max_hp_per_floor":[96,96,96,96,96,96,96,96,96,96,96,96,101,101,101,101,101,101,101,101,101,101,101,101,101,101,101,101,101],"card_choices":[{"not_picked":["Havoc","Iron Wave"],"picked":"Wild Strike","floor":1},{"not_picked":["Warcry","Wild Strike"],"picked":"Clash","floor":3},{"not_picked":["Bloodletting","Fire Breathing","Corruption"],"picked":"SKIP","floor":5},{"not_picked":["Clash","Carnage"],"picked":"Spot Weakness","floor":6},{"not_picked":["Clothesline","Entrench"],"picked":"Headbutt","floor":7},{"not_picked":["Bludgeon","Iron Wave","Spot Weakness"],"picked":"SKIP","floor":8},{"not_picked":["Burning Pact","Thunderclap"],"picked":"Heavy Blade","floor":10},{"not_picked":["Corruption+1","Twin Strike"],"picked":"Battle Trance","floor":12},{"not_picked":["Entrench","True Grit"],"picked":"Anger","floor":14},{"not_picked":["Demon Form+1","Reaper"],"picked":"Double Tap","floor":16},{"not_picked":["Uppercut","Perfected Strike+1"],"picked":"Shrug It Off+1","floor":18},{"not_picked":["Heavy Blade","Twin Strike"],"picked":"Evolve+1","floor":21},{"not_picked":["True Grit","Pummel","Headbutt"],"picked":"Dual Wield+1","floor":22},{"not_picked":["Sword Boomerang","Armaments","Feel No Pain+1"],"picked":"Shrug It Off","floor":24}],"player_experience":300760,"relics_obtained":[{"floor":2,"key":"Pantograph"},{"floor":6,"key":"Matryoshka"},{"floor":8,"key":"Frozen Egg 2"},{"floor":9,"key":"Happy Flower"},{"floor":9,"key":"Bottled Flame"},{"floor":21,"key":"Girya"},{"floor":21,"key":"Question Card"},{"floor":26,"key":"Omamori"},{"floor":26,"key":"Dodecahedron"},{"floor":28,"key":"Enchiridion"}],"event_choices":[{"damage_healed":0,"gold_gain":0,"player_choice":"Upgraded","damage_taken":0,"max_hp_gain":0,"max_hp_loss":0,"event_name":"Upgrade Shrine","floor":11,"gold_loss":0,"cards_upgraded":["Heavy Blade"]},{"damage_healed":0,"gold_gain":0,"player_choice":"Stole Relic","damage_taken":0,"relics_obtained":["Old Coin"],"max_hp_gain":0,"max_hp_loss":0,"event_name":"Addict","floor":20,"gold_loss":0,"cards_obtained":["Shame"]},{"damage_healed":0,"gold_gain":0,"player_choice":"Fight","damage_taken":0,"max_hp_gain":0,"max_hp_loss":0,"event_name":"Colosseum","floor":21,"gold_loss":0},{"damage_healed":0,"gold_gain":0,"player_choice":"Fought Nobs","damage_taken":0,"max_hp_gain":0,"max_hp_loss":0,"event_name":"Colosseum","floor":21,"gold_loss":0},{"damage_healed":0,"gold_gain":0,"player_choice":"Opened","damage_taken":0,"relics_obtained":["FossilizedHelix"],"max_hp_gain":0,"max_hp_loss":0,"event_name":"The Mausoleum","floor":27,"gold_loss":0},{"damage_healed":0,"gold_gain":0,"player_choice":"Obtained Book","damage_taken":16,"max_hp_gain":0,"max_hp_loss":0,"event_name":"Cursed Tome","floor":28,"gold_loss":0}],"is_beta":false,"boss_relics":[{"not_picked":["Calling Bell","Black Star"],"picked":"Mark of Pain"}],"items_purged_floors":[4,25],"is_endless":false,"potions_floor_spawned":[5,7,10,12,18,21],"killed_by":"Slavers","ascension_level":5}