{"gold_per_floor":[360,370,14,14,31,31,16,51,51,51,51,126,138,156,156,156],"floor_reached":16,"playtime":1944,"items_purged":["Strike_R"],"score":102,"play_id":"b1d11a67-89da-40d4-afec-f55d08701a83","local_time":"20190501141418","is_ascension_mode":false,"campfire_choices":[{"floor":6,"key":"REST"},{"floor":11,"key":"REST"},{"floor":15,"key":"REST"}],"neow_cost":"PERCENT_DAMAGE","seed_source_timestamp":340468533163099,"circlet_count":0,"master_deck":["Strike_R","Strike_R","Strike_R","Defend_R","Defend_R","Defend_R","Defend_R+1","Bash","Rupture+1","Thunderclap","Shrug It Off","Seeing Red","Heavy Blade","Clothesline","Madness","Bloodletting","Spot Weakness","Iron Wave"],"relics":["Burning Blood","Bottled Tornado","Ornamental Fan","Matryoshka"],"potions_floor_usage":[8,16,16],"damage_taken":[{"damage":8,"enemies":"Small Slimes","floor":1,"turns":4},{"damage":1,"enemies":"Cultist","floor":2,"turns":4},{"damage":9,"enemies":"Jaw Worm","floor":5,"turns":5},{"damage":8,"enemies":"Exordium Thugs","floor":7,"turns":4},{"damage":41,"enemies":"Gremlin Nob","floor":8,"turns":5},{"damage":5,"enemies":"3 Louse","floor":13,"turns":4},{"damage":11,"enemies":"Red Slaver","floor":14,"turns":2},{"damage":88,"enemies":"The Guardian","floor":16,"turns":14}],"seed_played":"3297005652759716397","potions_obtained":[{"floor":1,"key":"Regen Potion"},{"floor":5,"key":"LiquidBronze"},{"floor":14,"key":"GamblersBrew"}],"is_trial":false,"path_per_floor":["M","M","$","?","M","R","M","E","T","?","R","T","M","M","R","B"],"character_chosen":"IRONCLAD","items_purchased":["Shrug It Off","Seeing Red","Heavy Blade","Clothesline","Madness"],"campfire_rested":3,"item_purchase_floors":[3,3,3,3,3],"current_hp_per_floor":[54,59,59,59,56,80,78,43,43,27,51,51,52,47,71,0],"gold":156,"neow_bonus":"TWO_FIFTY_GOLD","is_prod":false,"is_daily":false,"chose_seed":false,"campfire_upgraded":0,"win_rate":0.0,"timestamp":1556734458,"path_taken":["M","M","$","?","M","R","?","E","T","?","R","?","M","M","R","BOSS"],"build_version":"2019-01-23","purchased_purges":1,"victory":false,"max_hp_per_floor":[80,80,80,80,80,80,80,80,80,80,80,80,80,80,80,80],"card_choices":[{"not_picked":["Anger","Headbutt"],"picked":"Rupture","floor":1},{"not_picked":["Iron Wave","Warcry"],"picked":"Thunderclap","floor":2},{"not_picked":["Thunderclap","Power Through","Cleave"],"picked":"SKIP","floor":5},{"not_picked":["Armaments","Clothesline"],"picked":"Bloodletting","floor":7},{"not_picked":["Sever Soul","Clash"],"picked":"Spot Weakness","floor":8},{"not_picked":["Headbutt","Thunderclap"],"picked":"Iron Wave","floor":13},{"not_picked":["Pommel Strike","Clash","Perfected Strike"],"picked":"SKIP","floor":14}],"player_experience":93945,"relics_obtained":[{"floor":8,"key":"Bottled Tornado"},{"floor":9,"key":"Ornamental Fan"},{"floor":12,"key":"Matryoshka"}],"event_choices":[{"cards_removed":["Strike_R"],"damage_healed":0,"gold_gain":0,"player_choice":"Purged","damage_taken":0,"max_hp_gain":0,"max_hp_loss":0,"event_name":"Purifier","floor":4,"gold_loss":0},{"damage_healed":0,"gold_gain":0,"player_choice":"Entered Light","damage_taken":16,"max_hp_gain":0,"max_hp_loss":0,"event_name":"Shining Light","floor":10,"gold_loss":0,"cards_upgraded":["Rupture","Defend_R"]}],"is_beta":false,"boss_relics":[],"items_purged_floors":[3],"is_endless":false,"potions_floor_spawned":[1,5,14],"killed_by":"The Guardian","ascension_level":0}