{"gold_per_floor":[111,36,47,60,77,77,111,111,111,145,145,164,178,192,192,267,267,279,33,33,51,51,51,67,67,67,95,109,125,138,151,151,223,223,240,255,11,31,43,43,71,71,71,82,82,82,82,3,3,3,3],"floor_reached":52,"playtime":1923,"items_purged":["Strike_B"],"score":1961,"play_id":"3ec94c47-facb-414c-b453-c44b6708288a","local_time":"20190601185232","is_ascension_mode":true,"campfire_choices":[{"data":"Cold Snap","floor":6.0,"key":"SMITH"},{"data":"Zap","floor":11.0,"key":"SMITH"},{"data":"Sweeping Beam","floor":15.0,"key":"SMITH"},{"floor":23.0,"key":"REST"},{"data":"Loop","floor":32.0,"key":"SMITH"},{"floor":40.0,"key":"REST"},{"floor":42.0,"key":"REST"},{"floor":45.0,"key":"REST"},{"data":"Defragment","floor":49.0,"key":"SMITH"}],"neow_cost":"NONE","seed_source_timestamp":100770900052,"circlet_count":0,"master_deck":["AscendersBane","Defend_B","Defend_B","Defend_B","Zap+1","Dualcast","Conserve Battery","Cold Snap+1","Gash","Auto Shields","Rainbow","Gash","Sweeping Beam+1","Reboot","Gash","Recycle","Hologram+1","Go for the Eyes","Loop+1","Hologram","Biased Cognition","Defragment+1","Sweeping Beam","Steam","Compile Driver","Madness","Madness","Doubt"],"special_seed":0,"relics":["Cracked Core","Singing Bowl","Mercury Hourglass","Bottled Flame","Runic Pyramid","Cables","Ornamental Fan","Mummified Hand","White Beast Statue","Oddly Smooth Stone","DataDisk","Centennial Puzzle"],"potions_floor_usage":[51,51],"damage_taken":[{"damage":0.0,"enemies":"Small Slimes","floor":1.0,"turns":2.0},{"damage":0.0,"enemies":"2 Louse","floor":3.0,"turns":3.0},{"damage":0.0,"enemies":"Cultist","floor":4.0,"turns":3.0},{"damage":13.0,"enemies":"3 Louse","floor":5.0,"turns":3.0},{"damage":19.0,"enemies":"Lagavulin","floor":7.0,"turns":6.0},{"damage":5.0,"enemies":"3 Sentries","floor":10.0,"turns":6.0},{"damage":12.0,"enemies":"Red Slaver","floor":12.0,"turns":3.0},{"damage":0.0,"enemies":"2 Fungi Beasts","floor":13.0,"turns":3.0},{"damage":0.0,"enemies":"Exordium Thugs","floor":14.0,"turns":3.0},{"damage":6.0,"enemies":"Slime Boss","floor":16.0,"turns":9.0},{"damage":23.0,"enemies":"Shell Parasite","floor":18.0,"turns":5.0},{"damage":5.0,"enemies":"3 Byrds","floor":21.0,"turns":3.0},{"damage":7.0,"enemies":"Sentry and Sphere","floor":24.0,"turns":4.0},{"damage":9.0,"enemies":"Book of Stabbing","floor":27.0,"turns":4.0},{"damage":0.0,"enemies":"3 Cultists","floor":28.0,"turns":4.0},{"damage":0.0,"enemies":"Centurion and Healer","floor":29.0,"turns":6.0},{"damage":1.0,"enemies":"Snecko","floor":30.0,"turns":5.0},{"damage":14.0,"enemies":"Cultist and Chosen","floor":31.0,"turns":6.0},{"damage":0.0,"enemies":"Champ","floor":33.0,"turns":9.0},{"damage":6.0,"enemies":"Orb Walker","floor":35.0,"turns":4.0},{"damage":13.0,"enemies":"3 Darklings","floor":36.0,"turns":5.0},{"damage":20.0,"enemies":"Spire Growth","floor":38.0,"turns":5.0},{"damage":30.0,"enemies":"Jaw Worm Horde","floor":39.0,"turns":3.0},{"damage":30.0,"enemies":"Nemesis","floor":41.0,"turns":5.0},{"damage":7.0,"enemies":"Sphere and 2 Shapes","floor":44.0,"turns":6.0},{"damage":58.0,"enemies":"Time Eater","floor":50.0,"turns":8.0},{"damage":14,"enemies":"Awakened One","floor":51,"turns":12}],"seed_played":"2623932736104190865","potions_obtained":[{"floor":4.0,"key":"Weak Potion"},{"floor":10.0,"key":"SneckoOil"},{"floor":12.0,"key":"SteroidPotion"},{"floor":13.0,"key":"Swift Potion"},{"floor":29.0,"key":"Ancient Potion"},{"floor":30.0,"key":"Energy Potion"},{"floor":31.0,"key":"Energy Potion"},{"floor":35.0,"key":"AttackPotion"},{"floor":36.0,"key":"Regen Potion"},{"floor":38.0,"key":"SneckoOil"},{"floor":39.0,"key":"Swift Potion"},{"floor":41.0,"key":"Explosive Potion"},{"floor":44.0,"key":"AttackPotion"}],"is_trial":false,"path_per_floor":["M","?","M","M","M","R","E","?","T","E","R","M","M","M","R","B",null,"M","$","T","M","?","R","M","?","T","E","M","M","M","M","R","B",null,"M","M","$","M","M","R","E","R","T","M","R","?","?","$","R","B","B",null],"character_chosen":"DEFECT","items_purchased":["Gash","Block Potion","Explosive Potion","Oddly Smooth Stone","Defragment","Ancient Potion"],"campfire_rested":4,"item_purchase_floors":[19,19,19,37,37,48],"current_hp_per_floor":[71,71,71,71,58,58,41,41,41,36,36,24,24,26,26,20,67,46,46,46,41,41,66,59,59,59,50,50,52,53,39,39,39,76,72,61,61,57,27,55,25,53,53,46,74,57,94,94,94,36,22],"gold":3,"neow_bonus":"TEN_PERCENT_HP_BONUS","is_prod":false,"is_daily":false,"chose_seed":false,"campfire_upgraded":5,"win_rate":0,"timestamp":1559407952,"path_taken":["M","?","M","M","M","R","E","?","T","E","R","M","M","M","R","BOSS","M","$","?","M","?","R","?","?","T","E","M","M","M","M","R","BOSS","M","M","$","M","M","R","E","R","T","M","R","?","?","?","R","BOSS","BOSS"],"build_version":"2019-05-31","purchased_purges":1,"victory":true,"max_hp_per_floor":[78,78,78,78,78,78,80,80,80,80,80,80,80,82,82,82,82,84,84,84,84,84,84,84,84,84,84,84,86,88,88,88,88,88,90,92,92,94,94,94,94,94,94,94,94,94,94,94,94,94,94],"card_choices":[{"not_picked":["Hello World","Fusion"],"picked":"Conserve Battery","floor":1.0},{"not_picked":["Turbo","Compile Driver"],"picked":"Cold Snap","floor":3.0},{"not_picked":["Stack","Streamline"],"picked":"Gash","floor":4.0},{"not_picked":["Turbo","Recycle"],"picked":"Auto Shields","floor":5.0},{"not_picked":["Melter","Rebound","Coolheaded"],"picked":"Singing Bowl","floor":7.0},{"not_picked":["Rebound","Steam"],"picked":"Rainbow","floor":10.0},{"not_picked":["Ball Lightning","Stack"],"picked":"Gash","floor":12.0},{"not_picked":["Sunder","Stack"],"picked":"Sweeping Beam","floor":13.0},{"not_picked":["Tempest","Steam Power","Leap"],"picked":"Singing Bowl","floor":14.0},{"not_picked":["Thunder Strike","Seek"],"picked":"Reboot","floor":16.0},{"not_picked":["Leap+1","White Noise+1","Rebound"],"picked":"Singing Bowl","floor":18.0},{"not_picked":["Ball Lightning","Compile Driver"],"picked":"Recycle","floor":21.0},{"not_picked":["Aggregate","Cold Snap"],"picked":"Hologram+1","floor":24.0},{"not_picked":["Compile Driver","Ball Lightning"],"picked":"Go for the Eyes","floor":27.0},{"not_picked":["Conserve Battery","Fission"],"picked":"Loop","floor":28.0},{"not_picked":["Consume+1","Hologram","Coolheaded"],"picked":"Singing Bowl","floor":29.0},{"not_picked":["Redo","FTL","White Noise"],"picked":"Singing Bowl","floor":30.0},{"not_picked":["Coolheaded","Go for the Eyes"],"picked":"Hologram","floor":31.0},{"not_picked":["Hyperbeam","Meteor Strike"],"picked":"Biased Cognition","floor":33.0},{"not_picked":["Rebound","Conserve Battery","Go for the Eyes"],"picked":"Singing Bowl","floor":35.0},{"not_picked":["Reprogram","Steam Power+1","Steam+1"],"picked":"Singing Bowl","floor":36.0},{"not_picked":["Barrage+1","Ball Lightning","Hello World+1"],"picked":"Singing Bowl","floor":38.0},{"not_picked":["Fission","Steam+1"],"picked":"Sweeping Beam","floor":39.0},{"not_picked":["Stack","Leap"],"picked":"Steam","floor":41.0},{"not_picked":["Heatsinks","Gash"],"picked":"Compile Driver","floor":44.0}],"player_experience":1645428,"relics_obtained":[{"floor":7.0,"key":"Singing Bowl"},{"floor":9.0,"key":"Mercury Hourglass"},{"floor":10.0,"key":"Bottled Flame"},{"floor":20.0,"key":"Cables"},{"floor":26.0,"key":"Ornamental Fan"},{"floor":27.0,"key":"Mummified Hand"},{"floor":41.0,"key":"DataDisk"},{"floor":43.0,"key":"Centennial Puzzle"}],"event_choices":[{"cards_removed":["Defend_B"],"damage_healed":0.0,"max_hp_gain":0.0,"max_hp_loss":0.0,"gold_gain":0.0,"event_name":"The Cleric","player_choice":"Card Removal","floor":2.0,"gold_loss":75.0,"damage_taken":0.0},{"cards_removed":["Strike_B"],"damage_healed":0.0,"max_hp_gain":0.0,"max_hp_loss":0.0,"gold_gain":0.0,"event_name":"Purifier","player_choice":"Purged","floor":8.0,"gold_loss":0.0,"damage_taken":0.0},{"cards_removed":["Strike_B"],"damage_healed":0.0,"max_hp_gain":0.0,"max_hp_loss":0.0,"gold_gain":0.0,"event_name":"Purifier","player_choice":"Purged","floor":22.0,"gold_loss":0.0,"damage_taken":0.0},{"cards_removed":["Strike_B"],"damage_healed":0.0,"max_hp_gain":0.0,"max_hp_loss":0.0,"gold_gain":0.0,"event_name":"Bonfire Elementals","player_choice":"Offered Basic","floor":25.0,"gold_loss":0.0,"damage_taken":0.0},{"damage_healed":0.0,"max_hp_gain":0.0,"max_hp_loss":0.0,"gold_gain":0.0,"event_name":"Winding Halls","player_choice":"Embrace Madness","floor":46.0,"gold_loss":0.0,"damage_taken":17.0,"cards_obtained":["Madness","Madness"]},{"damage_healed":37.0,"max_hp_gain":0.0,"max_hp_loss":0.0,"gold_gain":0.0,"event_name":"MindBloom","player_choice":"Heal","floor":47.0,"gold_loss":0.0,"damage_taken":0.0,"cards_obtained":["Doubt"]}],"is_beta":true,"boss_relics":[{"not_picked":["Philosopher\u0027s Stone","Ectoplasm"],"picked":"Runic Pyramid"},{"not_picked":["Coffee Dripper","Velvet Choker"],"picked":"White Beast Statue"}],"items_purged_floors":[19],"is_endless":false,"potions_floor_spawned":[4,10,12,13,21,24,29,30,31,35,36,38,39,41,44],"ascension_level":20}