{"gold_per_floor":[115,190,190,207,207,207,240,240,267,592,604,604,619,629,629,706,706,719,178,192,207,28,28],"floor_reached":23,"playtime":903,"items_purged":[],"score":384,"play_id":"484e6c79-3acc-46ca-96aa-744505f0337f","local_time":"20190526124034","is_ascension_mode":true,"campfire_choices":[{"data":"Neutralize","floor":6,"key":"SMITH"},{"data":"Dagger Throw","floor":8,"key":"SMITH"},{"floor":12,"key":"REST"},{"data":"Bouncing Flask","floor":15,"key":"SMITH"}],"neow_cost":"NONE","seed_source_timestamp":758452010409111,"circlet_count":0,"master_deck":["AscendersBane","Defend_G","Defend_G","Defend_G","Defend_G","Strike_G","Strike_G","Strike_G","Strike_G","Strike_G","Survivor","Neutralize+1","Footwork","Backflip","Dagger Throw+1","Deadly Poison","Blur","Bouncing Flask+1","Malaise","Well Laid Plans","Noxious Fumes","Dodge and Roll","Mayhem"],"relics":["Ring of the Snake","NeowsBlessing","Pantograph","Ancient Tea Set","Old Coin","Cursed Key","Mummified Hand","Blue Candle"],"potions_floor_usage":[10,20,23],"damage_taken":[{"damage":0,"enemies":"2 Louse","floor":1,"turns":1},{"damage":0,"enemies":"Small Slimes","floor":4,"turns":1},{"damage":0,"enemies":"3 Sentries","floor":7,"turns":1},{"damage":44,"enemies":"Gremlin Nob","floor":10,"turns":5},{"damage":0,"enemies":"Jaw Worm","floor":11,"turns":4},{"damage":1,"enemies":"Looter","floor":13,"turns":4},{"damage":0,"enemies":"2 Fungi Beasts","floor":14,"turns":5},{"damage":6,"enemies":"Hexaghost","floor":16,"turns":9},{"damage":0,"enemies":"3 Byrds","floor":18,"turns":7},{"damage":0,"enemies":"Shell Parasite","floor":20,"turns":4},{"damage":33,"enemies":"Shelled Parasite and Fungi","floor":21,"turns":5},{"damage":29,"enemies":"Slavers","floor":23,"turns":3}],"seed_played":"-3357466142875934831","potions_obtained":[{"floor":1,"key":"SkillPotion"},{"floor":4,"key":"Dexterity Potion"},{"floor":13,"key":"Poison Potion"}],"is_trial":false,"path_per_floor":["M","?","?","M","?","R","E","R","T","E","M","R","M","M","R","B",null,"M","$","M","M","$","E"],"character_chosen":"THE_SILENT","items_purchased":["Well Laid Plans","Mummified Hand","Blue Candle","Mayhem"],"campfire_rested":1,"item_purchase_floors":[19,19,19,22],"current_hp_per_floor":[59,48,48,48,48,48,48,48,48,4,4,23,22,22,22,41,60,60,60,60,27,27,0],"gold":28,"neow_bonus":"THREE_ENEMY_KILL","is_prod":false,"is_daily":false,"chose_seed":false,"campfire_upgraded":3,"win_rate":0,"timestamp":1558867234,"path_taken":["M","?","?","M","?","R","E","R","T","E","?","R","M","M","R","BOSS","M","$","M","M","$","E"],"build_version":"2019-01-23","purchased_purges":0,"victory":false,"max_hp_per_floor":[66,66,66,66,66,66,66,66,66,66,66,66,66,66,66,66,66,66,66,66,66,66,66],"card_choices":[{"not_picked":["Bane","Catalyst"],"picked":"Footwork","floor":1},{"not_picked":["Choke","Bane"],"picked":"Backflip","floor":4},{"not_picked":["Backflip","Catalyst"],"picked":"Dagger Throw","floor":7},{"not_picked":["Accuracy","Tactician"],"picked":"Deadly Poison","floor":10},{"not_picked":["Prepared","Acrobatics"],"picked":"Blur","floor":11},{"not_picked":["Flying Knee","Prepared"],"picked":"Bouncing Flask","floor":13},{"not_picked":["Poisoned Stab","Blade Dance","Riddle With Holes"],"picked":"SKIP","floor":14},{"not_picked":["Die Die Die","A Thousand Cuts"],"picked":"Malaise","floor":16},{"not_picked":["Dagger Throw","Poisoned Stab","Flying Knee"],"picked":"SKIP","floor":18},{"not_picked":["Infinite Blades","Footwork+1"],"picked":"Noxious Fumes","floor":20},{"not_picked":["Concentrate+1","Prepared"],"picked":"Dodge and Roll","floor":21}],"player_experience":415736,"relics_obtained":[{"floor":7,"key":"Pantograph"},{"floor":9,"key":"Ancient Tea Set"},{"floor":10,"key":"Old Coin"}],"event_choices":[{"damage_healed":0,"gold_gain":75,"player_choice":"Gather Gold","damage_taken":11,"max_hp_gain":0,"max_hp_loss":0,"event_name":"World of Goop","floor":2,"gold_loss":0},{"damage_healed":0,"gold_gain":0,"player_choice":"Ignored","damage_taken":0,"max_hp_gain":0,"max_hp_loss":0,"event_name":"Liars Game","floor":3,"gold_loss":0},{"cards_removed":["Defend_G"],"damage_healed":0,"gold_gain":0,"player_choice":"Forget","damage_taken":0,"max_hp_gain":0,"max_hp_loss":0,"event_name":"Living Wall","floor":5,"gold_loss":0}],"is_beta":false,"boss_relics":[{"not_picked":["Astrolabe","Orrery"],"picked":"Cursed Key"}],"items_purged_floors":[],"is_endless":false,"potions_floor_spawned":[1,4,13,16,18],"killed_by":"Slavers","ascension_level":14}