{"gold_per_floor":[14,89,89,102,102,102,134,134,134,134,149,149,149,167,167,272,272,289,304,304,11,29,57,57,84,107,34,50,50,70,89,89,89],"floor_reached":33,"playtime":5312,"items_purged":["Strike_G","Strike_G"],"score":299,"play_id":"1d298b65-68a4-47ad-9ef4-4d5393fd8420","local_time":"20190629142149","is_ascension_mode":true,"campfire_choices":[{"floor":6,"key":"REST"},{"floor":8,"key":"REST"},{"floor":13,"key":"REST"},{"floor":15,"key":"REST"},{"data":"1","floor":24,"key":"LIFT"},{"floor":29,"key":"REST"},{"floor":32,"key":"REST"}],"neow_cost":"NO_GOLD","seed_source_timestamp":1795319828343702,"circlet_count":0,"master_deck":["Defend_G","Defend_G+1","Defend_G","Defend_G+1","Defend_G","Strike_G","Survivor","Neutralize","Blade Dance","Concentrate","Regret","Dash","Deadly Poison","After Image","Cloak And Dagger","After Image","Parasite","Normality","Writhe","Underhanded Strike+1","All Out Attack","Dodge and Roll","Poisoned Stab","Infinite Blades","Accuracy","Dash","Acrobatics+1","Poisoned Stab","Bullet Time+1","Poisoned Stab"],"relics":["Ring of the Snake","Du-Vu Doll","Smiling Mask","Girya","Dodecahedron","Calling Bell","Anchor","Blue Candle","FossilizedHelix","Bag of Marbles","Toxic Egg 2","Juzu Bracelet","Art of War"],"potions_floor_usage":[16,25,25,33],"damage_taken":[{"damage":0,"enemies":"2 Louse","floor":1,"turns":3},{"damage":5,"enemies":"Jaw Worm","floor":4,"turns":6},{"damage":55,"enemies":"Gremlin Nob","floor":7,"turns":6},{"damage":2,"enemies":"Small Slimes","floor":11,"turns":4},{"damage":0,"enemies":"2 Fungi Beasts","floor":14,"turns":5},{"damage":38,"enemies":"The Guardian","floor":16,"turns":17},{"damage":0,"enemies":"Chosen","floor":18,"turns":5},{"damage":0,"enemies":"Spheric Guardian","floor":19,"turns":5},{"damage":5,"enemies":"Centurion and Healer","floor":22,"turns":6},{"damage":4,"enemies":"Slavers","floor":23,"turns":8},{"damage":20,"enemies":"Book of Stabbing","floor":25,"turns":5},{"damage":12,"enemies":"Snake Plant","floor":28,"turns":5},{"damage":19,"enemies":"3 Cultists","floor":30,"turns":5},{"damage":3,"enemies":"Chosen and Byrds","floor":31,"turns":5},{"damage":50,"enemies":"Champ","floor":33,"turns":11}],"seed_played":"1882091212047237898","potions_obtained":[{"floor":14,"key":"PowerPotion"},{"floor":18,"key":"GhostInAJar"},{"floor":23,"key":"Fire Potion"},{"floor":30,"key":"SpeedPotion"}],"is_trial":false,"path_per_floor":["M","?","?","M","?","R","E","R","T","?","M","?","R","M","R","B",null,"M","M","?","$","M","E","R","E","T","$","M","R","M","M","R","B"],"character_chosen":"THE_SILENT","items_purchased":["Poisoned Stab","Infinite Blades","Bag of Marbles","Acrobatics+1"],"campfire_rested":6,"item_purchase_floors":[21,21,21,27],"current_hp_per_floor":[70,59,45,40,40,61,6,27,27,20,18,18,39,39,60,22,70,70,70,70,70,65,61,61,41,41,41,29,50,31,28,49,0],"gold":89,"neow_bonus":"ONE_RARE_RELIC","is_prod":false,"is_daily":false,"chose_seed":false,"campfire_upgraded":0,"win_rate":0,"timestamp":1561832509,"path_taken":["M","?","?","M","?","R","E","R","T","?","M","?","R","?","R","BOSS","M","M","?","?","?","E","R","E","T","$","M","R","M","M","R","BOSS"],"build_version":"2019-01-23","purchased_purges":2,"victory":false,"max_hp_per_floor":[70,70,70,70,70,70,70,70,70,70,70,70,70,70,70,70,70,70,70,70,70,70,70,70,70,70,70,70,70,70,70,70,70],"card_choices":[{"not_picked":["PiercingWail","Deflect"],"picked":"Blade Dance","floor":1},{"not_picked":["Dagger Throw","Dagger Spray"],"picked":"Concentrate","floor":4},{"not_picked":["Prepared","Quick Slash"],"picked":"Dash","floor":7},{"not_picked":["Blade Dance","Dagger Throw"],"picked":"Deadly Poison","floor":11},{"not_picked":["Slice","Dagger Throw"],"picked":"Cloak And Dagger","floor":14},{"not_picked":["Doppelganger","Adrenaline"],"picked":"After Image","floor":16},{"not_picked":["Sucker Punch","Skewer+1"],"picked":"Underhanded Strike+1","floor":18},{"not_picked":["Backstab+1","Infinite Blades"],"picked":"All Out Attack","floor":19},{"not_picked":["Deflect","Dodge and Roll","Sucker Punch+1"],"picked":"SKIP","floor":22},{"not_picked":["Flying Knee","Acrobatics"],"picked":"Accuracy","floor":23},{"not_picked":["Sucker Punch","Masterful Stab"],"picked":"Dash","floor":25},{"not_picked":["Flechettes","Finisher"],"picked":"Poisoned Stab","floor":28},{"not_picked":["Flying Knee","Escape Plan+1"],"picked":"Bullet Time+1","floor":30},{"not_picked":["Slice","Finisher"],"picked":"Poisoned Stab","floor":31}],"player_experience":1299717,"relics_obtained":[{"floor":7,"key":"Girya"},{"floor":9,"key":"Dodecahedron"},{"floor":17,"key":"Anchor"},{"floor":17,"key":"Blue Candle"},{"floor":17,"key":"FossilizedHelix"},{"floor":23,"key":"Toxic Egg 2"},{"floor":25,"key":"Juzu Bracelet"},{"floor":26,"key":"Art of War"}],"event_choices":[{"damage_healed":0,"gold_gain":75,"player_choice":"Gather Gold","damage_taken":11,"max_hp_gain":0,"max_hp_loss":0,"event_name":"World of Goop","floor":2,"gold_loss":0},{"damage_healed":0,"gold_gain":0,"player_choice":"Entered Light","damage_taken":14,"max_hp_gain":0,"max_hp_loss":0,"event_name":"Shining Light","floor":3,"gold_loss":0,"cards_upgraded":["Defend_G","Defend_G"]},{"damage_healed":0,"gold_gain":0,"player_choice":"Box","damage_taken":0,"relics_obtained":["Smiling Mask"],"max_hp_gain":0,"max_hp_loss":0,"event_name":"Big Fish","floor":5,"gold_loss":0,"cards_obtained":["Regret"]},{"cards_removed":["Strike_G"],"damage_healed":0,"gold_gain":0,"player_choice":"Card Removal","damage_taken":7,"max_hp_gain":0,"max_hp_loss":0,"event_name":"Golden Wing","floor":10,"gold_loss":0},{"damage_healed":0,"gold_gain":0,"player_choice":"1 cards matched","damage_taken":0,"max_hp_gain":0,"max_hp_loss":0,"event_name":"Match and Keep!","floor":12,"gold_loss":0,"cards_obtained":["After Image"]},{"damage_healed":0,"gold_gain":0,"cards_transformed":["Strike_G"],"player_choice":"Transformed","damage_taken":0,"max_hp_gain":0,"max_hp_loss":0,"event_name":"Transmorgrifier","floor":20,"gold_loss":0,"cards_obtained":["Dodge and Roll"]}],"is_beta":false,"boss_relics":[{"not_picked":["Sozu","Runic Dome"],"picked":"Calling Bell"}],"items_purged_floors":[21,27],"is_endless":false,"potions_floor_spawned":[14,18,23,30],"killed_by":"Champ","ascension_level":1}