{"gold_per_floor":[20,33,33,54,78,78,113,125,137,187,212,299,311,337,349,457,469,506,532,544,556],"floor_reached":21,"playtime":717,"items_purged":[],"score":382,"play_id":"f0cc7e6d-44e7-47a5-8c91-008c0befacf6","local_time":"20190603223802","is_ascension_mode":true,"campfire_choices":[{"data":"Zap","floor":6.0,"key":"SMITH"},{"floor":15.0,"key":"REST"}],"neow_cost":"NO_GOLD","seed_source_timestamp":2762917788523,"circlet_count":0,"master_deck":["AscendersBane","Strike_B","Strike_B","Defend_B","Defend_B","Defend_B","Zap+1","Dualcast","Conserve Battery","Compile Driver","Streamline","Cold Snap","Glacier","Cold Snap","Capacitor","Hologram","Undo","Meteor Strike","Fusion"],"special_seed":0,"relics":["Cracked Core","Golden Idol","MawBank","Blue Candle","Pen Nib","Lantern","Fusion Hammer"],"potions_floor_usage":[],"damage_taken":[{"damage":0.0,"enemies":"Cultist","floor":1.0,"turns":3.0},{"damage":4.0,"enemies":"Small Slimes","floor":2.0,"turns":3.0},{"damage":0.0,"enemies":"Jaw Worm","floor":4.0,"turns":4.0},{"damage":24.0,"enemies":"Exordium Thugs","floor":5.0,"turns":6.0},{"damage":30.0,"enemies":"Gremlin Nob","floor":7.0,"turns":4.0},{"damage":8.0,"enemies":"3 Sentries","floor":10.0,"turns":10.0},{"damage":1.0,"enemies":"3 Louse","floor":11.0,"turns":3.0},{"damage":0.0,"enemies":"2 Fungi Beasts","floor":14.0,"turns":4.0},{"damage":21.0,"enemies":"The Guardian","floor":16.0,"turns":15.0},{"damage":18,"enemies":"Shell Parasite","floor":18,"turns":6},{"damage":7,"enemies":"Spheric Guardian","floor":19,"turns":7},{"damage":37,"enemies":"Shelled Parasite and Fungi","floor":21,"turns":2}],"seed_played":"2844625772930032832","potions_obtained":[{"floor":2.0,"key":"Regen Potion"},{"floor":4.0,"key":"Regen Potion"},{"floor":7.0,"key":"Ancient Potion"},{"floor":16.0,"key":"LiquidBronze"}],"is_trial":false,"path_per_floor":["M","M","?","M","M","R","E","?","T","E","M","?","?","M","R","B",null,"M","M","?","M"],"character_chosen":"DEFECT","items_purchased":[],"campfire_rested":1,"item_purchase_floors":[],"current_hp_per_floor":[64,60,60,60,64,64,34,23,23,15,14,3,3,3,22,1,48,30,23,36,0],"gold":556,"neow_bonus":"REMOVE_TWO","is_prod":false,"is_daily":false,"chose_seed":false,"campfire_upgraded":1,"win_rate":0,"timestamp":1559594282,"path_taken":["M","M","?","M","M","R","E","?","T","E","M","?","?","?","R","BOSS","M","M","?","M"],"build_version":"2019-06-02","purchased_purges":0,"victory":false,"max_hp_per_floor":[71,71,64,64,64,64,64,64,64,64,64,64,64,64,64,64,64,64,64,64,64],"card_choices":[{"not_picked":["Go for the Eyes","Compile Driver"],"picked":"Conserve Battery","floor":1.0},{"not_picked":["Rebound","Barrage"],"picked":"Compile Driver","floor":2.0},{"not_picked":["Steam","Storm"],"picked":"Streamline","floor":4.0},{"not_picked":["Steam Power","Beam Cell"],"picked":"Cold Snap","floor":5.0},{"not_picked":["Chill","Scrape"],"picked":"Glacier","floor":7.0},{"not_picked":["White Noise","Heatsinks"],"picked":"Cold Snap","floor":10.0},{"not_picked":["Rebound","Redo"],"picked":"Capacitor","floor":11.0},{"not_picked":["Streamline","Rebound"],"picked":"Undo","floor":14.0},{"not_picked":["Multi-Cast","Thunder Strike"],"picked":"Meteor Strike","floor":16.0},{"not_picked":["Hologram","Stack"],"picked":"Fusion","floor":18},{"not_picked":["Stack","Hello World","Rebound+1"],"picked":"SKIP","floor":19}],"player_experience":1664204,"relics_obtained":[{"floor":7.0,"key":"MawBank"},{"floor":9.0,"key":"Pen Nib"},{"floor":10.0,"key":"Lantern"}],"event_choices":[{"damage_healed":0.0,"max_hp_gain":0.0,"max_hp_loss":7.0,"gold_gain":0.0,"event_name":"Golden Idol","player_choice":"Lose Max HP","floor":3.0,"gold_loss":0.0,"damage_taken":0.0,"relics_obtained":["Golden Idol"]},{"damage_healed":0.0,"max_hp_gain":0.0,"max_hp_loss":0.0,"gold_gain":0.0,"event_name":"Scrap Ooze","player_choice":"Success","floor":8.0,"gold_loss":0.0,"damage_taken":11.0,"relics_obtained":["Blue Candle"]},{"damage_healed":0.0,"max_hp_gain":0.0,"max_hp_loss":0.0,"gold_gain":75.0,"event_name":"World of Goop","player_choice":"Gather Gold","floor":12.0,"gold_loss":0.0,"damage_taken":11.0},{"damage_healed":0.0,"max_hp_gain":0.0,"max_hp_loss":0.0,"gold_gain":0.0,"cards_transformed":["Strike_B"],"event_name":"Living Wall","player_choice":"Change","floor":13.0,"gold_loss":0.0,"damage_taken":0.0,"cards_obtained":["Hologram"]},{"damage_healed":13,"gold_gain":0,"player_choice":"Heal","damage_taken":0,"max_hp_gain":0,"max_hp_loss":0,"event_name":"The Library","floor":20,"gold_loss":0}],"is_beta":true,"boss_relics":[{"not_picked":["Velvet Choker","Coffee Dripper"],"picked":"Fusion Hammer"}],"items_purged_floors":[],"is_endless":false,"potions_floor_spawned":[2,4,7,16],"killed_by":"Shelled Parasite and Fungi","ascension_level":20}