{"gold_per_floor":[111,186,78,96,96,130,130,54,77,90,106,126,126,139,139,235,235,248,248,259,278,278,278,308,322,622,622,637,647,663,677,677,776,776,796,810,158,169,188,222,222,247,247,259,259,288,316,328,340,352],"floor_reached":51,"playtime":6071,"items_purged":[],"score":815,"play_id":"3e41de22-c436-488a-bb44-ac03088178ca","local_time":"20190630154523","is_ascension_mode":false,"campfire_choices":[{"data":"Bash","floor":7.0,"key":"SMITH"},{"data":"Power Through","floor":15.0,"key":"SMITH"},{"floor":23.0,"key":"REST"},{"floor":27.0,"key":"REST"},{"floor":32.0,"key":"REST"},{"floor":41.0,"key":"REST"},{"data":"Demon Form","floor":49,"key":"SMITH"}],"neow_cost":"NONE","seed_source_timestamp":0,"circlet_count":0,"master_deck":["Strike_R","Strike_R","Strike_R","Strike_R","Strike_R","Defend_R","Defend_R","Defend_R","Defend_R","Bash+1","Power Through+1","Hemokinesis+1","Infernal Blade","Pommel Strike","Rupture","Hemokinesis","Reaper+1","Spot Weakness","Heavy Blade","Offering","Metallicize","Pain","Twin Strike","Rage","Necronomicurse","Armaments","Demon Form+1","Metallicize","Seeing Red","Dropkick","Clash","Impervious","Pommel Strike+1","Heavy Blade","Brutality","Double Tap","Carnage","Shrug It Off+1","Cleave","Disarm","Power Through+1","Heavy Blade","Pommel Strike+1","Uppercut+1"],"special_seed":0,"relics":["Burning Blood","Incense Burner","Red Skull","Philosopher\u0027s Stone","WarpedTongs","Necronomicon","Bag of Preparation","Old Coin","Sozu","MealTicket","Anchor","Question Card","Gambling Chip","Shuriken","MawBank"],"potions_floor_usage":[],"damage_taken":[{"damage":0.0,"enemies":"2 Louse","floor":1.0,"turns":4.0},{"damage":8.0,"enemies":"Small Slimes","floor":4.0,"turns":3.0},{"damage":33.0,"enemies":"3 Sentries","floor":6.0,"turns":8.0},{"damage":0.0,"enemies":"Cultist","floor":10.0,"turns":3.0},{"damage":9.0,"enemies":"3 Louse","floor":11.0,"turns":4.0},{"damage":14.0,"enemies":"Large Slime","floor":12.0,"turns":5.0},{"damage":23.0,"enemies":"Lots of Slimes","floor":14.0,"turns":3.0},{"damage":24.0,"enemies":"Slime Boss","floor":16.0,"turns":8.0},{"damage":10.0,"enemies":"3 Byrds","floor":18.0,"turns":5.0},{"damage":32.0,"enemies":"2 Thieves","floor":20.0,"turns":3.0},{"damage":39.0,"enemies":"Snake Plant","floor":21.0,"turns":3.0},{"damage":22.0,"enemies":"Book of Stabbing","floor":24.0,"turns":4.0},{"damage":11.0,"enemies":"Cultist and Chosen","floor":25.0,"turns":2.0},{"damage":26.0,"enemies":"3 Cultists","floor":28.0,"turns":4.0},{"damage":30.0,"enemies":"Centurion and Healer","floor":29.0,"turns":5.0},{"damage":40.0,"enemies":"Sentry and Sphere","floor":30.0,"turns":4.0},{"damage":11.0,"enemies":"Shelled Parasite and Fungi","floor":31.0,"turns":4.0},{"damage":77.0,"enemies":"Automaton","floor":33.0,"turns":8.0},{"damage":40.0,"enemies":"3 Darklings","floor":35.0,"turns":5.0},{"damage":40.0,"enemies":"3 Shapes","floor":36.0,"turns":3.0},{"damage":25.0,"enemies":"Sphere and 2 Shapes","floor":38.0,"turns":5.0},{"damage":14.0,"enemies":"3 Darklings","floor":39.0,"turns":4.0},{"damage":65.0,"enemies":"Nemesis","floor":40.0,"turns":7.0},{"damage":11.0,"enemies":"Giant Head","floor":42.0,"turns":5.0},{"damage":12,"enemies":"Maw","floor":44,"turns":3},{"damage":38,"enemies":"Reptomancer","floor":46,"turns":3},{"damage":16,"enemies":"Sphere and 2 Shapes","floor":47,"turns":4},{"damage":72,"enemies":"Awakened One","floor":50,"turns":8}],"seed_played":"-3735649867387732030","potions_obtained":[{"floor":11.0,"key":"SpeedPotion"},{"floor":12.0,"key":"AttackPotion"},{"floor":21.0,"key":"SkillPotion"},{"floor":25.0,"key":"Strength Potion"},{"floor":29.0,"key":"SpeedPotion"},{"floor":30.0,"key":"Explosive Potion"},{"floor":31.0,"key":"Explosive Potion"}],"is_trial":false,"path_per_floor":["M","?","$","M","?","E","R","$","T","M","M","M","?","M","R","B",null,"M","?","M","M","?","R","E","M","T","R","M","M","M","M","R","B",null,"M","M","$","M","M","E","R","E","T","M","?","E","M","?","R","B",null],"character_chosen":"IRONCLAD","items_purchased":["Hemokinesis","Infernal Blade","EssenceOfSteel","Brutality","Double Tap","Carnage","MealTicket","Anchor"],"campfire_rested":4,"item_purchase_floors":[3,3,8,37,37,37,37,37],"current_hp_per_floor":[88,77,77,75,75,48,48,48,48,54,51,50,50,68,68,66,88,84,84,70,37,21,47,31,26,26,52,85,82,48,52,78,62,88,86,52,52,33,63,9,35,56,56,50,50,18,8,77,77,67],"gold":364,"neow_bonus":"TEN_PERCENT_HP_BONUS","is_prod":false,"is_daily":false,"chose_seed":false,"campfire_upgraded":3,"win_rate":0.0,"timestamp":1561866323,"path_taken":["M","?","$","M","?","E","R","$","T","?","M","M","?","M","R","BOSS","M","?","?","M","?","R","E","M","T","R","M","M","M","M","R","BOSS","M","M","$","M","M","E","R","E","T","M","?","E","M","?","R","BOSS"],"build_version":"2019-01-23","purchased_purges":0,"victory":true,"max_hp_per_floor":[88,88,88,88,88,88,88,88,88,88,88,88,88,88,88,88,88,88,88,88,88,88,88,88,88,88,88,88,88,88,88,88,88,88,88,88,88,88,88,88,88,88,88,88,88,88,88,77,77,77],"card_choices":[{"not_picked":["Twin Strike","Shockwave"],"picked":"Power Through","floor":1.0},{"not_picked":["Clash","Body Slam"],"picked":"Pommel Strike","floor":4.0},{"not_picked":["Headbutt","Iron Wave"],"picked":"Rupture","floor":6.0},{"not_picked":["Inflame","Second Wind"],"picked":"Hemokinesis","floor":10.0},{"not_picked":["Clash","Shrug It Off"],"picked":"Reaper","floor":11.0},{"not_picked":["Twin Strike","Infernal Blade"],"picked":"Spot Weakness","floor":12.0},{"not_picked":["Headbutt","Body Slam"],"picked":"Heavy Blade","floor":14.0},{"not_picked":["Feed","Berserk"],"picked":"Offering","floor":16.0},{"not_picked":["Anger","Clothesline+1"],"picked":"Metallicize","floor":18.0},{"not_picked":["Shockwave","Reckless Charge"],"picked":"Twin Strike","floor":20.0},{"not_picked":["Armaments","Body Slam"],"picked":"Rage","floor":21.0},{"not_picked":["Clash","Flex+1"],"picked":"Armaments","floor":24.0},{"not_picked":["Corruption","Clash+1"],"picked":"Demon Form","floor":25.0},{"not_picked":["Iron Wave","Shockwave"],"picked":"Metallicize","floor":28.0},{"not_picked":["Thunderclap","Body Slam"],"picked":"Seeing Red","floor":29.0},{"not_picked":["Pommel Strike+1","Headbutt"],"picked":"Dropkick","floor":30.0},{"not_picked":["Headbutt","Thunderclap"],"picked":"Clash","floor":31.0},{"not_picked":["Bludgeon","Double Tap"],"picked":"Impervious","floor":33.0},{"not_picked":["Twin Strike+1","Body Slam+1"],"picked":"Pommel Strike+1","floor":35.0},{"not_picked":["Cleave+1","True Grit"],"picked":"Heavy Blade","floor":36.0},{"not_picked":["Sword Boomerang+1","Corruption"],"picked":"Shrug It Off+1","floor":38.0},{"not_picked":["Headbutt+1","Anger+1"],"picked":"Cleave","floor":39.0},{"not_picked":["Juggernaut","Shockwave"],"picked":"Disarm","floor":40.0},{"not_picked":["Thunderclap","Combust","Perfected Strike+1"],"picked":"Power Through+1","floor":42.0},{"not_picked":["Armaments+1","Dual Wield+1","Warcry"],"picked":"Heavy Blade","floor":44},{"not_picked":["Limit Break","Whirlwind","Iron Wave"],"picked":"Pommel Strike+1","floor":46},{"not_picked":["Infernal Blade","True Grit+1","Intimidate+1"],"picked":"Uppercut+1","floor":47}],"player_experience":5490,"relics_obtained":[{"floor":6.0,"key":"Incense Burner"},{"floor":9.0,"key":"Red Skull"},{"floor":22.0,"key":"Necronomicon"},{"floor":24.0,"key":"Bag of Preparation"},{"floor":26.0,"key":"Old Coin"},{"floor":40.0,"key":"Question Card"},{"floor":42.0,"key":"Gambling Chip"},{"floor":43,"key":"Shuriken"},{"floor":46,"key":"MawBank"}],"event_choices":[{"damage_healed":0.0,"max_hp_gain":0.0,"max_hp_loss":0.0,"gold_gain":75.0,"event_name":"World of Goop","player_choice":"Gather Gold","floor":2.0,"gold_loss":0.0,"damage_taken":11.0},{"damage_healed":0.0,"max_hp_gain":0.0,"max_hp_loss":0.0,"gold_gain":0.0,"event_name":"Upgrade Shrine","player_choice":"Upgraded","floor":5.0,"gold_loss":0.0,"damage_taken":0.0,"cards_upgraded":["Hemokinesis"]},{"damage_healed":0.0,"max_hp_gain":0.0,"max_hp_loss":0.0,"gold_gain":0.0,"event_name":"Living Wall","player_choice":"Grow","floor":13.0,"gold_loss":0.0,"damage_taken":0.0,"cards_upgraded":["Reaper"]},{"damage_healed":0.0,"max_hp_gain":0.0,"max_hp_loss":0.0,"gold_gain":0.0,"event_name":"Accursed Blacksmith","player_choice":"Rummage","floor":19.0,"gold_loss":0.0,"damage_taken":0.0,"relics_obtained":["WarpedTongs"],"cards_obtained":["Pain"]},{"damage_healed":0.0,"max_hp_gain":0.0,"max_hp_loss":0.0,"gold_gain":0.0,"event_name":"Cursed Tome","player_choice":"Obtained Book","floor":22.0,"gold_loss":0.0,"damage_taken":16.0},{"damage_healed":0,"gold_gain":0,"player_choice":"Ignored","damage_taken":0,"max_hp_gain":0,"max_hp_loss":0,"event_name":"Mysterious Sphere","floor":45,"gold_loss":0},{"damage_healed":77,"gold_gain":0,"player_choice":"Heal","damage_taken":0,"max_hp_gain":0,"max_hp_loss":11,"event_name":"The Moai Head","floor":48,"gold_loss":0}],"is_beta":false,"boss_relics":[{"not_picked":["Calling Bell","Snecko Eye"],"picked":"Philosopher\u0027s Stone"},{"not_picked":["Cursed Key","Coffee Dripper"],"picked":"Sozu"}],"items_purged_floors":[],"is_endless":false,"potions_floor_spawned":[11,12,21,25,29,30,31,35,39,42,44,46],"ascension_level":0}