{"gold_per_floor":[117,136,211,228,11,44,44,44,44,44,59,78,109,34,34,111,111,131,131],"floor_reached":19,"playtime":417,"items_purged":[],"score":404,"play_id":"a50a10c3-5e86-4bd1-ac3e-2d28cc23f349","local_time":"20190518185017","is_ascension_mode":true,"campfire_choices":[{"data":"1","floor":8,"key":"LIFT"},{"floor":10,"key":"REST"},{"data":"Defragment","floor":15,"key":"SMITH"}],"neow_cost":"NONE","seed_source_timestamp":12018334983809,"circlet_count":0,"master_deck":["AscendersBane","Strike_B","Strike_B","Defend_B","Defend_B","Defend_B","Defend_B","Zap","Dualcast","Rip and Tear","Compile Driver","Defragment+1","FTL","Ball Lightning","Hyperbeam"],"special_seed":0,"relics":["Cracked Core","Vajra","Girya","Singing Bowl","Potion Belt","Snecko Eye"],"potions_floor_usage":[12,13],"damage_taken":[{"damage":2.0,"enemies":"Jaw Worm","floor":1.0,"turns":4.0},{"damage":1.0,"enemies":"Small Slimes","floor":2.0,"turns":3.0},{"damage":0.0,"enemies":"2 Louse","floor":4.0,"turns":2.0},{"damage":30.0,"enemies":"Lagavulin","floor":6.0,"turns":6.0},{"damage":0,"enemies":"Large Slime","floor":11,"turns":3},{"damage":12,"enemies":"3 Louse","floor":12,"turns":4},{"damage":0,"enemies":"Gremlin Nob","floor":13,"turns":2},{"damage":39,"enemies":"Slime Boss","floor":16,"turns":6},{"damage":30,"enemies":"Chosen","floor":18,"turns":4},{"damage":31,"enemies":"3 Byrds","floor":19,"turns":3}],"seed_played":"-6439159005507819950","potions_obtained":[{"floor":0.0,"key":"EntropicBrew"},{"floor":0.0,"key":"FocusPotion"},{"floor":4.0,"key":"Fruit Juice"},{"floor":11,"key":"Regen Potion"}],"is_trial":false,"path_per_floor":["M","M","?","M","$","E","?","R","T","R","M","M","E","?","R","B",null,"M","M"],"character_chosen":"DEFECT","items_purchased":["Vajra","AttackPotion"],"campfire_rested":1,"item_purchase_floors":[5,5],"current_hp_per_floor":[62,61,50,55,55,25,18,18,18,40,40,42,42,42,42,3,59,31,0],"gold":131,"neow_bonus":"THREE_SMALL_POTIONS","is_prod":false,"is_daily":false,"chose_seed":false,"campfire_upgraded":1,"win_rate":0,"timestamp":1558198217,"path_taken":["M","M","?","M","$","E","?","R","T","R","M","M","E","?","R","BOSS","M","M"],"build_version":"2019-05-07","purchased_purges":0,"victory":false,"max_hp_per_floor":[71,71,71,76,76,76,76,76,76,76,76,78,78,78,78,78,78,80,80],"card_choices":[{"not_picked":["Hologram","Redo","Hello World"],"picked":"SKIP","floor":1.0},{"not_picked":["Stack","Rebound"],"picked":"Rip and Tear","floor":2.0},{"not_picked":["Rebound","Melter"],"picked":"Compile Driver","floor":4.0},{"not_picked":["Buffer","Steam"],"picked":"Defragment","floor":6.0},{"not_picked":["Static Discharge","Melter"],"picked":"FTL","floor":11},{"not_picked":["Beam Cell","Hello World","Streamline"],"picked":"Singing Bowl","floor":12},{"not_picked":["Gash","Skim"],"picked":"Ball Lightning","floor":13},{"not_picked":["Thunder Strike","Machine Learning"],"picked":"Hyperbeam","floor":16},{"not_picked":["Streamline","Turbo","Rebound"],"picked":"Singing Bowl","floor":18}],"player_experience":1559102,"relics_obtained":[{"floor":6.0,"key":"Girya"},{"floor":9,"key":"Singing Bowl"},{"floor":13,"key":"Potion Belt"}],"event_choices":[{"damage_healed":0.0,"max_hp_gain":0.0,"max_hp_loss":0.0,"gold_gain":75.0,"event_name":"World of Goop","player_choice":"Gather Gold","floor":3.0,"gold_loss":0.0,"damage_taken":11.0},{"cards_removed":["Strike_B"],"damage_healed":0.0,"max_hp_gain":0.0,"max_hp_loss":0.0,"gold_gain":0.0,"event_name":"Golden Wing","player_choice":"Card Removal","floor":7.0,"gold_loss":0.0,"damage_taken":7.0},{"cards_removed":["Strike_B"],"damage_healed":0,"gold_gain":0,"player_choice":"Card Removal","damage_taken":0,"max_hp_gain":0,"max_hp_loss":0,"event_name":"The Cleric","floor":14,"gold_loss":75}],"is_beta":true,"boss_relics":[{"not_picked":["Empty Cage","Coffee Dripper"],"picked":"Snecko Eye"}],"items_purged_floors":[],"is_endless":false,"potions_floor_spawned":[1,4,11],"killed_by":"3 Byrds","ascension_level":20}