{"gold_per_floor":[111,121,135,147,160,217,217,250,250,279,290,308,338,357,357,434,434,444,183,183,18,31,44,44,55,79,79,112,112,112],"floor_reached":30,"playtime":845,"items_purged":["Strike_B","Strike_B"],"score":568,"play_id":"2e62b965-1d3c-41fa-bb7f-db25de4342ca","local_time":"20190525200623","is_ascension_mode":true,"campfire_choices":[{"floor":7,"key":"REST"},{"data":"Biased Cognition","floor":15,"key":"SMITH"},{"data":"Defragment","floor":24,"key":"SMITH"},{"data":"Coolheaded","floor":27,"key":"SMITH"}],"neow_cost":"NONE","seed_source_timestamp":12557366545849,"circlet_count":0,"master_deck":["AscendersBane","Strike_B","Strike_B","Defend_B","Defend_B","Defend_B","Defend_B","Zap","Dualcast","Coolheaded","Ball Lightning","Compile Driver","Sweeping Beam","Biased Cognition+1","Genetic Algorithm","Sweeping Beam","Conserve Battery","Capacitor","Static Discharge","Capacitor","Echo Form","Compile Driver","Genetic Algorithm","Chill","Defragment+1","Coolheaded+1"],"relics":["Cracked Core","Tiny Chest","Boot","Meat on the Bone","Pantograph","Matryoshka","Sozu","Membership Card","OrangePellets","Dream Catcher","Smiling Mask","Torii"],"potions_floor_usage":[6,8,28],"damage_taken":[{"damage":6,"enemies":"Cultist","floor":1,"turns":3},{"damage":0,"enemies":"2 Louse","floor":2,"turns":2},{"damage":2,"enemies":"Jaw Worm","floor":3,"turns":4},{"damage":4,"enemies":"Red Slaver","floor":4,"turns":3},{"damage":7,"enemies":"Looter","floor":5,"turns":3},{"damage":24,"enemies":"Gremlin Nob","floor":6,"turns":4},{"damage":6,"enemies":"3 Sentries","floor":8,"turns":6},{"damage":9,"enemies":"Gremlin Nob","floor":10,"turns":3},{"damage":24,"enemies":"Gremlin Gang","floor":11,"turns":3},{"damage":8,"enemies":"Blue Slaver","floor":12,"turns":4},{"damage":21,"enemies":"3 Sentries","floor":13,"turns":7},{"damage":3,"enemies":"2 Fungi Beasts","floor":14,"turns":3},{"damage":37,"enemies":"Hexaghost","floor":16,"turns":6},{"damage":20,"enemies":"Shell Parasite","floor":18,"turns":6},{"damage":10,"enemies":"Spheric Guardian","floor":22,"turns":5},{"damage":4,"enemies":"3 Cultists","floor":23,"turns":6},{"damage":0,"enemies":"Chosen and Byrds","floor":25,"turns":6},{"damage":33,"enemies":"Book of Stabbing","floor":28,"turns":5},{"damage":29,"enemies":"Slavers","floor":30,"turns":1}],"seed_played":"-1211339199697235595","potions_obtained":[{"floor":2,"key":"SkillPotion"},{"floor":4,"key":"Strength Potion"},{"floor":10,"key":"Ancient Potion"},{"floor":12,"key":"FearPotion"}],"is_trial":false,"path_per_floor":["M","M","M","M","M","E","R","E","T","E","M","M","E","M","R","B",null,"M","$","?","$","M","M","R","M","T","R","E","?","E"],"character_chosen":"DEFECT","items_purchased":["Membership Card","OrangePellets"],"campfire_rested":1,"item_purchase_floors":[19,21],"current_hp_per_floor":[65,65,63,59,52,28,51,45,45,48,36,40,31,40,40,40,69,49,49,49,49,51,47,47,47,47,47,26,26,0],"gold":112,"neow_bonus":"TEN_PERCENT_HP_BONUS","is_prod":false,"is_daily":false,"chose_seed":false,"campfire_upgraded":3,"win_rate":0,"timestamp":1558807583,"path_taken":["M","M","M","M","M","E","R","E","T","E","M","M","E","M","R","BOSS","M","$","?","$","M","?","R","M","T","R","E","?","E"],"build_version":"2019-05-24v2","purchased_purges":2,"victory":false,"max_hp_per_floor":[78,78,78,78,78,78,78,78,78,78,78,78,78,78,78,78,78,78,78,78,78,78,78,78,78,78,78,78,78,78],"card_choices":[{"not_picked":["Compile Driver","Barrage"],"picked":"Coolheaded","floor":1},{"not_picked":["Conserve Battery","Gash"],"picked":"Ball Lightning","floor":2},{"not_picked":["Steam Power","Lockon"],"picked":"Compile Driver","floor":3},{"not_picked":["Consume","Double Energy"],"picked":"Sweeping Beam","floor":4},{"not_picked":["Cold Snap","Tempest"],"picked":"Biased Cognition","floor":5},{"not_picked":["Turbo","Barrage","Beam Cell"],"picked":"SKIP","floor":6},{"not_picked":["Melter","Gash"],"picked":"Genetic Algorithm","floor":8},{"not_picked":["Beam Cell","Redo"],"picked":"Sweeping Beam","floor":10},{"not_picked":["Go for the Eyes","Hologram"],"picked":"Conserve Battery","floor":11},{"not_picked":["Genetic Algorithm","Leap"],"picked":"Capacitor","floor":12},{"not_picked":["Steam","Lockon"],"picked":"Static Discharge","floor":13},{"not_picked":["Sweeping Beam","Chill"],"picked":"Capacitor","floor":14},{"not_picked":["Fission","Seek"],"picked":"Echo Form","floor":16},{"not_picked":["White Noise","Gash"],"picked":"Compile Driver","floor":18},{"not_picked":["Hologram","Stack"],"picked":"Chill","floor":22},{"not_picked":["Stack","Gash"],"picked":"Defragment","floor":23},{"not_picked":["Double Energy","Undo"],"picked":"Coolheaded","floor":25},{"not_picked":["Hyperbeam","Conserve Battery","Tempest"],"picked":"SKIP","floor":28}],"player_experience":1607052,"relics_obtained":[{"floor":6,"key":"Tiny Chest"},{"floor":8,"key":"Boot"},{"floor":9,"key":"Meat on the Bone"},{"floor":10,"key":"Pantograph"},{"floor":13,"key":"Matryoshka"},{"floor":26,"key":"Dream Catcher"},{"floor":26,"key":"Smiling Mask"},{"floor":28,"key":"Torii"}],"event_choices":[{"damage_healed":0,"gold_gain":0,"player_choice":"Copied","damage_taken":0,"max_hp_gain":0,"max_hp_loss":0,"event_name":"Duplicator","floor":20,"gold_loss":0,"cards_obtained":["Genetic Algorithm"]},{"damage_healed":0,"gold_gain":0,"player_choice":"Ignored","damage_taken":0,"max_hp_gain":0,"max_hp_loss":0,"event_name":"Vampires","floor":29,"gold_loss":0}],"is_beta":true,"boss_relics":[{"not_picked":["Ectoplasm","Orrery"],"picked":"Sozu"}],"items_purged_floors":[19,21],"is_endless":false,"potions_floor_spawned":[2,4,10,12,13,14,16,22,25,28],"killed_by":"Slavers","ascension_level":20}