{"gold_per_floor":[13,24,44,63,83,110,122,122,122,37,37,366,366,382,382,382],"floor_reached":16,"playtime":574,"items_purged":[],"score":228,"play_id":"5e227771-3fcb-4ac0-bf30-f54efd919bdf","local_time":"20190524003706","is_ascension_mode":true,"campfire_choices":[{"data":"Seeing Red","floor":8,"key":"SMITH"},{"floor":15,"key":"REST"}],"neow_cost":"NO_GOLD","seed_source_timestamp":542556306989671,"circlet_count":0,"master_deck":["AscendersBane","Strike_R","Strike_R","Strike_R","Strike_R","Strike_R","Defend_R","Defend_R","Defend_R","Defend_R","Bash","Immolate","Iron Wave","Whirlwind","Impervious","Seeing Red+1","Metallicize","Battle Trance","Iron Wave"],"relics":["Burning Blood","Mercury Hourglass","Juzu Bracelet","Old Coin","Ancient Tea Set"],"potions_floor_usage":[6,6,12],"damage_taken":[{"damage":1,"enemies":"Cultist","floor":1,"turns":3},{"damage":4,"enemies":"Jaw Worm","floor":2,"turns":4},{"damage":0,"enemies":"Small Slimes","floor":3,"turns":2},{"damage":7,"enemies":"2 Fungi Beasts","floor":4,"turns":2},{"damage":0,"enemies":"3 Louse","floor":5,"turns":1},{"damage":61,"enemies":"Lagavulin","floor":6,"turns":12},{"damage":6,"enemies":"Looter","floor":7,"turns":3},{"damage":5,"enemies":"3 Sentries","floor":12,"turns":5},{"damage":7,"enemies":"Exordium Wildlife","floor":14,"turns":4},{"damage":67,"enemies":"The Guardian","floor":16,"turns":9}],"seed_played":"-6309925388840375502","potions_obtained":[{"floor":1,"key":"Dexterity Potion"},{"floor":3,"key":"Fire Potion"},{"floor":5,"key":"Block Potion"},{"floor":6,"key":"SkillPotion"}],"is_trial":false,"path_per_floor":["M","M","M","M","M","E","M","R","T","$","?","E","?","M","R","B"],"character_chosen":"IRONCLAD","items_purchased":["Metallicize"],"campfire_rested":1,"item_purchase_floors":[10],"current_hp_per_floor":[73,75,75,74,75,20,20,20,20,20,20,21,21,20,42,0],"gold":382,"neow_bonus":"THREE_RARE_CARDS","is_prod":false,"is_daily":false,"chose_seed":false,"campfire_upgraded":1,"win_rate":0,"timestamp":1558651026,"path_taken":["M","?","M","M","M","E","M","R","T","?","?","E","?","M","R","BOSS"],"build_version":"2019-01-23","purchased_purges":0,"victory":false,"max_hp_per_floor":[75,75,75,75,75,75,75,75,75,75,75,75,75,75,75,75],"card_choices":[{"not_picked":["Impervious","Reaper"],"picked":"Immolate","floor":0},{"not_picked":["Carnage","Wild Strike","Rage"],"picked":"SKIP","floor":1},{"not_picked":["Sword Boomerang","Pummel"],"picked":"Iron Wave","floor":2},{"not_picked":["Blood for Blood","Clash","Warcry"],"picked":"SKIP","floor":3},{"not_picked":["Wild Strike","Thunderclap"],"picked":"Whirlwind","floor":4},{"not_picked":["Searing Blow","Twin Strike"],"picked":"Impervious","floor":5},{"not_picked":["Metallicize","Burning Pact"],"picked":"Seeing Red","floor":6},{"not_picked":["Hemokinesis","Flex","Dual Wield"],"picked":"SKIP","floor":7},{"not_picked":["Anger","Dropkick"],"picked":"Battle Trance","floor":12},{"not_picked":["Shockwave","Pummel"],"picked":"Iron Wave","floor":14}],"player_experience":380448,"relics_obtained":[{"floor":6,"key":"Mercury Hourglass"},{"floor":9,"key":"Juzu Bracelet"},{"floor":12,"key":"Old Coin"}],"event_choices":[{"damage_healed":0,"gold_gain":0,"player_choice":"Ignored","damage_taken":0,"max_hp_gain":0,"max_hp_loss":0,"event_name":"Shining Light","floor":11,"gold_loss":0},{"damage_healed":0,"gold_gain":0,"player_choice":"Searched \u00272\u0027 times","damage_taken":0,"relics_obtained":["Ancient Tea Set"],"max_hp_gain":0,"max_hp_loss":0,"event_name":"Dead Adventurer","floor":13,"gold_loss":0}],"is_beta":false,"boss_relics":[],"items_purged_floors":[],"is_endless":false,"potions_floor_spawned":[1,3,5,6],"killed_by":"The Guardian","ascension_level":20}