{"gold_per_floor":[113,113,263,282,128,128,147,147,147,147,147,178,178,204,204,283,283,283,283,32,32,32,32,43,76,76,76,126,142,142,176,176,250,250,267,284,299,49,59,59,59,93,93,18,293,293,7,17,17,17],"floor_reached":51,"playtime":1616,"items_purged":["Doubt","Strike_B+1","Electrodynamics"],"score":1405,"play_id":"76b2d823-331d-4f49-ad72-9bff0811486d","local_time":"20190620115306","is_ascension_mode":true,"campfire_choices":[{"data":"Zap","floor":6.0,"key":"SMITH"},{"data":"Redo","floor":8.0,"key":"SMITH"},{"data":"Loop","floor":11.0,"key":"SMITH"},{"data":"Rainbow","floor":13,"key":"SMITH"},{"floor":15,"key":"REST"},{"data":"Defragment","floor":23,"key":"SMITH"},{"floor":27,"key":"REST"},{"data":"Coolheaded","floor":32,"key":"SMITH"},{"data":"Undo","floor":40,"key":"SMITH"},{"floor":46,"key":"REST"},{"floor":49,"key":"REST"}],"neow_cost":"NONE","seed_source_timestamp":503253485254043,"circlet_count":0,"master_deck":["AscendersBane","Defend_B+1","Defend_B+1","Defend_B+1","Defend_B+1","Zap+1","Conserve Battery","Coolheaded+1","Loop+1","Redo+1","Self Repair","Biased Cognition","Defragment+1","White Noise","Self Repair","Undo+1","Barrage+1","Core Surge+1","Madness","Madness","Force Field+1","Electrodynamics","BootSequence"],"special_seed":0,"relics":["Cracked Core","Molten Egg 2","Mercury Hourglass","Potion Belt","Velvet Choker","Bag of Preparation","Omamori","Singing Bowl","Juzu Bracelet","Inserter","Meat on the Bone","Dodecahedron","Whetstone"],"potions_floor_usage":[18,42,42,50,50],"damage_taken":[{"damage":8.0,"enemies":"Small Slimes","floor":1.0,"turns":4.0},{"damage":5.0,"enemies":"Jaw Worm","floor":4.0,"turns":6.0},{"damage":1.0,"enemies":"2 Louse","floor":7.0,"turns":2.0},{"damage":15,"enemies":"Lagavulin","floor":12,"turns":4},{"damage":4,"enemies":"The Guardian","floor":16,"turns":10},{"damage":0,"enemies":"2 Thieves","floor":18,"turns":1},{"damage":4,"enemies":"Shell Parasite","floor":24,"turns":3},{"damage":29,"enemies":"Slavers","floor":25,"turns":2},{"damage":32,"enemies":"Shelled Parasite and Fungi","floor":29,"turns":5},{"damage":8,"enemies":"Book of Stabbing","floor":31,"turns":6},{"damage":39,"enemies":"Champ","floor":33,"turns":8},{"damage":14,"enemies":"Orb Walker","floor":35,"turns":4},{"damage":12,"enemies":"3 Shapes","floor":36,"turns":2},{"damage":37,"enemies":"Sphere and 2 Shapes","floor":37,"turns":4},{"damage":9,"enemies":"Writhing Mass","floor":39,"turns":8},{"damage":37,"enemies":"Reptomancer","floor":42,"turns":4},{"damage":9,"enemies":"3 Darklings","floor":48,"turns":4},{"damage":46,"enemies":"Time Eater","floor":50,"turns":11}],"seed_played":"4537599262726483352","potions_obtained":[{"floor":1.0,"key":"SmokeBomb"},{"floor":31,"key":"Strength Potion"},{"floor":33,"key":"SpeedPotion"},{"floor":35,"key":"Swift Potion"},{"floor":39,"key":"LiquidBronze"}],"is_trial":false,"path_per_floor":["M","$","?","M","$","R","M","R","T","?","R","E","R","T","R","B",null,"M","?","$","?","?","R","M","E","T","R","?","M","?","E","R","B",null,"M","M","M","$","M","R","?","E","T","?","?","R","$","M","R","B",null],"character_chosen":"DEFECT","items_purchased":["Loop","Bag of Preparation","Defragment","Core Surge+1","Whetstone"],"campfire_rested":4,"item_purchase_floors":[5,20,20,38,47],"current_hp_per_floor":[56,56,56,51,51,51,50,50,50,43,43,28,28,28,49,52,66,66,66,66,46,46,46,42,20,20,42,42,24,86,88,88,65,84,84,81,53,53,60,60,43,6,6,6,6,34,34,53,82,62],"gold":17,"neow_bonus":"ONE_RANDOM_RARE_CARD","is_prod":false,"is_daily":false,"chose_seed":false,"campfire_upgraded":7,"win_rate":0,"timestamp":1561024386,"path_taken":["M","$","?","M","$","R","M","R","T","?","R","E","R","?","R","BOSS","M","?","$","?","?","R","M","E","T","R","?","?","?","E","R","BOSS","M","M","M","?","M","R","?","E","T","?","?","R","$","M","R","BOSS"],"build_version":"2019-01-23","purchased_purges":3,"victory":true,"max_hp_per_floor":[71,71,71,71,71,71,71,71,71,71,71,71,71,71,71,71,71,71,71,71,76,76,76,76,76,76,76,76,76,86,88,88,90,90,90,92,94,94,96,96,96,96,96,96,96,96,96,98,98,98],"card_choices":[{"not_picked":["Cold Snap","Go for the Eyes"],"picked":"Conserve Battery","floor":1.0},{"not_picked":["Beam Cell","Streamline"],"picked":"Coolheaded","floor":4.0},{"not_picked":["Barrage","Recycle"],"picked":"Redo","floor":7.0},{"not_picked":["Ball Lightning+1","Turbo"],"picked":"Self Repair","floor":12},{"not_picked":["Machine Learning","Echo Form"],"picked":"Biased Cognition","floor":16},{"not_picked":["Gash+1","Ball Lightning+1"],"picked":"White Noise","floor":24},{"not_picked":["Heatsinks","Leap"],"picked":"Self Repair","floor":25},{"not_picked":["Gash+1","Rebound+1"],"picked":"Undo","floor":29},{"not_picked":["Cold Snap+1","Coolheaded","Hologram"],"picked":"Singing Bowl","floor":31},{"not_picked":["Rainbow","Machine Learning","Biased Cognition"],"picked":"Singing Bowl","floor":33},{"not_picked":["Doom and Gloom+1","Sunder+1"],"picked":"Barrage+1","floor":35},{"not_picked":["Scrape+1","Cold Snap+1","Static Discharge+1"],"picked":"Singing Bowl","floor":36},{"not_picked":["Skim","Steam Power","Melter+1"],"picked":"Singing Bowl","floor":37},{"not_picked":["Streamline+1","Compile Driver+1","BootSequence"],"picked":"Singing Bowl","floor":39},{"not_picked":["Capacitor+1","Aggregate"],"picked":"Force Field+1","floor":42},{"not_picked":["Gash+1","Conserve Battery+1","Capacitor"],"picked":"Singing Bowl","floor":48}],"player_experience":623196,"relics_obtained":[{"floor":9.0,"key":"Molten Egg 2"},{"floor":12,"key":"Mercury Hourglass"},{"floor":14,"key":"Potion Belt"},{"floor":25,"key":"Omamori"},{"floor":26,"key":"Singing Bowl"},{"floor":31,"key":"Juzu Bracelet"},{"floor":42,"key":"Meat on the Bone"},{"floor":43,"key":"Dodecahedron"}],"event_choices":[{"damage_healed":0.0,"max_hp_gain":0.0,"max_hp_loss":0.0,"gold_gain":150.0,"event_name":"Liars Game","player_choice":"AGREE","floor":3.0,"gold_loss":0.0,"damage_taken":0.0,"cards_obtained":["Doubt"]},{"cards_removed":["Strike_B"],"damage_healed":0.0,"max_hp_gain":0.0,"max_hp_loss":0.0,"gold_gain":0.0,"event_name":"Golden Wing","player_choice":"Card Removal","floor":10.0,"gold_loss":0.0,"damage_taken":7.0},{"damage_healed":0,"gold_gain":0,"cards_transformed":["Strike_B","Strike_B"],"player_choice":"Became Test Subject","damage_taken":0,"max_hp_gain":0,"max_hp_loss":0,"event_name":"Drug Dealer","floor":19,"gold_loss":0,"cards_obtained":["Electrodynamics","All For One"]},{"damage_healed":0,"gold_gain":0,"player_choice":"Shed Blood","damage_taken":25,"max_hp_gain":5,"max_hp_loss":0,"event_name":"Forgotten Altar","floor":21,"gold_loss":0},{"damage_healed":0,"gold_gain":0,"player_choice":"Simplicity","damage_taken":0,"max_hp_gain":0,"max_hp_loss":0,"event_name":"Back to Basics","floor":22,"gold_loss":0,"cards_upgraded":["Strike_B","Defend_B","Defend_B","Defend_B","Defend_B"]},{"damage_healed":0,"gold_gain":50,"player_choice":"Stole From Cult","damage_taken":0,"max_hp_gain":0,"max_hp_loss":0,"event_name":"Nest","floor":28,"gold_loss":0},{"cards_removed":["All For One"],"damage_healed":52,"gold_gain":0,"player_choice":"Offered Rare","damage_taken":0,"max_hp_gain":10,"max_hp_loss":0,"event_name":"Bonfire Elementals","floor":30,"gold_loss":0},{"damage_healed":0,"gold_gain":0,"player_choice":"Embrace Madness","damage_taken":17,"max_hp_gain":0,"max_hp_loss":0,"event_name":"Winding Halls","floor":41,"gold_loss":0,"cards_obtained":["Madness","Madness"]},{"damage_healed":0,"gold_gain":0,"cards_transformed":["Rainbow","Dualcast"],"player_choice":"Transformed Cards","damage_taken":0,"max_hp_gain":0,"max_hp_loss":0,"event_name":"Designer","floor":44,"gold_loss":75,"cards_obtained":["Electrodynamics","BootSequence"]},{"damage_healed":0,"gold_gain":275,"player_choice":"Desecrate","damage_taken":0,"max_hp_gain":0,"max_hp_loss":0,"event_name":"Golden Shrine","floor":45,"gold_loss":0,"cards_obtained":["Regret"]}],"is_beta":false,"boss_relics":[{"not_picked":["Ectoplasm","Busted Crown"],"picked":"Velvet Choker"},{"not_picked":["Lizard Tail","Astrolabe"],"picked":"Inserter"}],"items_purged_floors":[5,38,47],"is_endless":false,"potions_floor_spawned":[1,31,33,35,39],"ascension_level":19}