{"gold_per_floor":[112,126,126,138,156,182,240,240,286,318,318,268,285,4,4,107,107,126,126,138,153,153],"floor_reached":22,"playtime":1586,"items_purged":["Defend_G"],"score":196,"play_id":"2002b824-9851-4c7a-bd3a-0e3d1d13389c","local_time":"20190528202658","is_ascension_mode":false,"campfire_choices":[{"floor":8,"key":"REST"},{"data":"Doppelganger","floor":11,"key":"SMITH"},{"data":"Thinking Ahead","floor":15,"key":"SMITH"}],"neow_cost":"NONE","seed_source_timestamp":819843054613391,"circlet_count":0,"master_deck":["Defend_G","Defend_G","Defend_G","Defend_G","Strike_G","Strike_G","Strike_G","Strike_G","Survivor","Neutralize","Dagger Spray","Caltrops","Deadly Poison","Dagger Throw","Underhanded Strike","Blade Dance","Doppelganger+1","Flying Knee","Thinking Ahead+1","Footwork","Tools of the Trade","Decay","Well Laid Plans","Poisoned Stab"],"relics":["Ring of the Snake","NeowsBlessing","Mummified Hand","Strawberry","Blood Vial","Bird Faced Urn","Black Star"],"potions_floor_usage":[7,16,21,22],"damage_taken":[{"damage":0,"enemies":"Cultist","floor":1,"turns":1},{"damage":0,"enemies":"2 Louse","floor":2,"turns":1},{"damage":0,"enemies":"Small Slimes","floor":4,"turns":1},{"damage":9,"enemies":"3 Louse","floor":5,"turns":3},{"damage":23,"enemies":"Lagavulin","floor":6,"turns":8},{"damage":29,"enemies":"3 Sentries","floor":7,"turns":8},{"damage":12,"enemies":"Gremlin Nob","floor":10,"turns":4},{"damage":4,"enemies":"Looter","floor":13,"turns":3},{"damage":18,"enemies":"Hexaghost","floor":16,"turns":11},{"damage":12,"enemies":"3 Byrds","floor":18,"turns":4},{"damage":32,"enemies":"2 Thieves","floor":20,"turns":4},{"damage":35,"enemies":"Shelled Parasite and Fungi","floor":21,"turns":7},{"damage":31,"enemies":"Chosen and Byrds","floor":22,"turns":4}],"seed_played":"-8654102872552627308","potions_obtained":[{"floor":2,"key":"Strength Potion"},{"floor":6,"key":"Fruit Juice"},{"floor":13,"key":"Explosive Potion"},{"floor":21,"key":"Ancient Potion"}],"is_trial":false,"path_per_floor":["M","M","?","M","M","E","?","R","T","E","R","?","M","$","R","B",null,"M","?","M","M","M"],"character_chosen":"THE_SILENT","items_purchased":["Thinking Ahead","Footwork"],"campfire_rested":1,"item_purchase_floors":[14,14],"current_hp_per_floor":[70,70,70,70,61,38,21,45,45,35,35,35,33,33,33,21,82,70,70,44,19,0],"gold":153,"neow_bonus":"THREE_ENEMY_KILL","is_prod":false,"is_daily":false,"chose_seed":false,"campfire_upgraded":2,"win_rate":0.0,"timestamp":1559093218,"path_taken":["M","?","?","M","M","E","?","R","T","E","R","?","M","?","R","BOSS","M","?","?","?","M"],"build_version":"2019-01-23","purchased_purges":1,"victory":false,"max_hp_per_floor":[70,70,70,70,70,70,82,82,82,82,82,82,82,82,82,82,82,82,82,82,82,82],"card_choices":[{"not_picked":["Tactician","Dodge and Roll"],"picked":"Dagger Spray","floor":1},{"not_picked":["Deflect","Dodge and Roll"],"picked":"Caltrops","floor":2},{"not_picked":["Night Terror","Sucker Punch"],"picked":"Deadly Poison","floor":4},{"not_picked":["Caltrops","Deflect"],"picked":"Dagger Throw","floor":5},{"not_picked":["Slice","Deflect"],"picked":"Underhanded Strike","floor":6},{"not_picked":["Dodge and Roll","Choke"],"picked":"Blade Dance","floor":7},{"not_picked":["Slice","Dagger Throw"],"picked":"Doppelganger","floor":10},{"not_picked":["Heel Hook","Deadly Poison"],"picked":"Flying Knee","floor":13},{"not_picked":["Phantasmal Killer","A Thousand Cuts"],"picked":"Tools of the Trade","floor":16},{"not_picked":["Caltrops","Heel Hook","Slice"],"picked":"SKIP","floor":18},{"not_picked":["Tactician","Quick Slash"],"picked":"Well Laid Plans","floor":20},{"not_picked":["Calculated Gamble+1","Flying Knee"],"picked":"Poisoned Stab","floor":21}],"player_experience":931,"relics_obtained":[{"floor":6,"key":"Mummified Hand"},{"floor":7,"key":"Strawberry"},{"floor":9,"key":"Blood Vial"},{"floor":10,"key":"Bird Faced Urn"}],"event_choices":[{"damage_healed":0,"gold_gain":0,"player_choice":"Ignored","damage_taken":0,"max_hp_gain":0,"max_hp_loss":0,"event_name":"Golden Idol","floor":3,"gold_loss":0},{"damage_healed":0,"gold_gain":0,"player_choice":"Searched \u00271\u0027 times","damage_taken":0,"max_hp_gain":0,"max_hp_loss":0,"event_name":"Dead Adventurer","floor":7,"gold_loss":0},{"cards_removed":["Strike_G"],"damage_healed":0,"gold_gain":0,"player_choice":"Card Removal","damage_taken":0,"max_hp_gain":0,"max_hp_loss":0,"event_name":"The Cleric","floor":12,"gold_loss":50},{"damage_healed":0,"gold_gain":0,"player_choice":"Cursed","damage_taken":0,"max_hp_gain":0,"max_hp_loss":0,"event_name":"Wheel of Change","floor":19,"gold_loss":0,"cards_obtained":["Decay"]}],"is_beta":false,"boss_relics":[{"not_picked":["Empty Cage","HoveringKite"],"picked":"Black Star"}],"items_purged_floors":[14],"is_endless":false,"potions_floor_spawned":[2,6,13,21],"killed_by":"Chosen and Byrds","ascension_level":0}