{"gold_per_floor":[15,45,60,60,60,60,91,112,135,176,201,201,126,276,276,365,365,379,403,403,403,403],"floor_reached":22,"playtime":909,"items_purged":["Strike_R"],"score":384,"play_id":"3ffb7ce5-71c5-444a-930b-a04224c2145c","local_time":"20190612114311","is_ascension_mode":true,"campfire_choices":[{"data":"Bash","floor":6,"key":"SMITH"},{"data":"Sword Boomerang","floor":12,"key":"SMITH"},{"data":"True Grit","floor":15,"key":"SMITH"}],"neow_cost":"NO_GOLD","seed_source_timestamp":153111980461361,"circlet_count":0,"master_deck":["AscendersBane","Strike_R","Strike_R+1","Defend_R","Defend_R","Defend_R","Defend_R","Bash+1","Clothesline","Hemokinesis","Pummel+1","Ghostly Armor","Ghostly Armor","True Grit+1","Sword Boomerang+1","Doubt","Brutality","Thunderclap"],"relics":["Burning Blood","Tiny Chest","Golden Idol","Matryoshka","Whetstone","Orichalcum","Boot","Philosopher\u0027s Stone","Potion Belt","Shuriken"],"potions_floor_usage":[7,11,16,18,19],"damage_taken":[{"damage":4,"enemies":"2 Louse","floor":1,"turns":3},{"damage":5,"enemies":"Small Slimes","floor":3,"turns":4},{"damage":8,"enemies":"Gremlin Nob","floor":7,"turns":3},{"damage":10,"enemies":"Jaw Worm","floor":8,"turns":3},{"damage":30,"enemies":"Lagavulin","floor":10,"turns":5},{"damage":3,"enemies":"Exordium Wildlife","floor":11,"turns":6},{"damage":21,"enemies":"The Guardian","floor":16,"turns":12},{"damage":43,"enemies":"Spheric Guardian","floor":18,"turns":6},{"damage":17,"enemies":"Shell Parasite","floor":19,"turns":4},{"damage":21,"enemies":"3 Cultists","floor":22,"turns":4}],"seed_played":"3154784441460763236","potions_obtained":[{"floor":1,"key":"SkillPotion"},{"floor":7,"key":"Explosive Potion"},{"floor":10,"key":"FearPotion"},{"floor":11,"key":"Strength Potion"},{"floor":16,"key":"BloodPotion"}],"is_trial":false,"path_per_floor":["M","?","M","?","?","R","E","M","T","E","M","R","$","?","R","B",null,"M","M","?","T","M"],"character_chosen":"IRONCLAD","items_purchased":[],"campfire_rested":0,"item_purchase_floors":[],"current_hp_per_floor":[70,59,60,60,65,65,63,59,59,35,38,38,38,38,38,23,61,24,20,20,20,0],"gold":403,"neow_bonus":"TRANSFORM_TWO_CARDS","is_prod":false,"is_daily":false,"chose_seed":false,"campfire_upgraded":3,"win_rate":0,"timestamp":1560332591,"path_taken":["M","?","M","?","?","R","E","M","T","E","M","R","$","?","R","BOSS","M","M","?","?","M"],"build_version":"2019-01-23","purchased_purges":1,"victory":false,"max_hp_per_floor":[75,75,75,68,73,73,73,73,73,73,73,73,73,73,73,73,73,73,73,73,73,73],"card_choices":[{"not_picked":["Entrench","Metallicize"],"picked":"Pummel","floor":1},{"not_picked":["Wild Strike","Perfected Strike","Anger"],"picked":"SKIP","floor":3},{"not_picked":["Burning Pact","Uppercut"],"picked":"Ghostly Armor","floor":7},{"not_picked":["Metallicize","Sword Boomerang"],"picked":"Ghostly Armor","floor":8},{"not_picked":["Heavy Blade","Sever Soul"],"picked":"True Grit","floor":10},{"not_picked":["Corruption","Battle Trance"],"picked":"Sword Boomerang","floor":11},{"not_picked":["Impervious","Dark Embrace"],"picked":"Brutality","floor":16},{"not_picked":["Warcry","Perfected Strike+1","Feel No Pain"],"picked":"SKIP","floor":18},{"not_picked":["Warcry+1","Second Wind"],"picked":"Thunderclap","floor":19}],"player_experience":559357,"relics_obtained":[{"floor":7,"key":"Matryoshka"},{"floor":9,"key":"Whetstone"},{"floor":9,"key":"Orichalcum"},{"floor":10,"key":"Boot"},{"floor":21,"key":"Potion Belt"},{"floor":21,"key":"Shuriken"}],"event_choices":[{"damage_healed":0,"gold_gain":0,"player_choice":"Success","damage_taken":11,"relics_obtained":["Tiny Chest"],"max_hp_gain":0,"max_hp_loss":0,"event_name":"Scrap Ooze","floor":2,"gold_loss":0},{"damage_healed":0,"gold_gain":0,"player_choice":"Lose Max HP","damage_taken":0,"relics_obtained":["Golden Idol"],"max_hp_gain":0,"max_hp_loss":7,"event_name":"Golden Idol","floor":4,"gold_loss":0},{"damage_healed":0,"gold_gain":0,"player_choice":"Donut","damage_taken":0,"max_hp_gain":5,"max_hp_loss":0,"event_name":"Big Fish","floor":5,"gold_loss":0},{"damage_healed":0,"gold_gain":150,"player_choice":"AGREE","damage_taken":0,"max_hp_gain":0,"max_hp_loss":0,"event_name":"Liars Game","floor":14,"gold_loss":0,"cards_obtained":["Doubt"]},{"damage_healed":0,"gold_gain":0,"player_choice":"Ignored","damage_taken":0,"max_hp_gain":0,"max_hp_loss":0,"event_name":"Vampires","floor":20,"gold_loss":0}],"is_beta":false,"boss_relics":[{"not_picked":["Empty Cage","Coffee Dripper"],"picked":"Philosopher\u0027s Stone"}],"items_purged_floors":[13],"is_endless":false,"potions_floor_spawned":[1,7,10,11,16],"killed_by":"3 Cultists","ascension_level":20}