{"gold_per_floor":[13,13,13,26,26,59,86,86,112,140,22,0,0,19,19,19],"floor_reached":16,"playtime":634,"items_purged":[],"score":143,"play_id":"0a6849ac-8a54-4865-93c0-e6a84d04d2c0","local_time":"20190322201732","is_ascension_mode":true,"campfire_choices":[{"floor":8,"key":"REST"},{"floor":13,"key":"REST"},{"data":"Cloak And Dagger","floor":15,"key":"SMITH"}],"neow_cost":"NO_GOLD","seed_source_timestamp":154623683364580,"circlet_count":0,"master_deck":["Defend_G","Defend_G","Defend_G+1","Defend_G+1","Strike_G","Strike_G","Strike_G","Strike_G","Strike_G","Survivor","Neutralize","Cloak And Dagger+1","Deadly Poison","PiercingWail","Accuracy","Slice"],"relics":["Ring of the Snake","WingedGreaves","The Courier","Blood Vial","Art of War","Smiling Mask","Happy Flower"],"potions_floor_usage":[10],"damage_taken":[{"damage":1,"enemies":"Jaw Worm","floor":1,"turns":7},{"damage":0,"enemies":"Small Slimes","floor":4,"turns":4},{"damage":32,"enemies":"Lagavulin","floor":6,"turns":8},{"damage":25,"enemies":"3 Sentries","floor":10,"turns":13},{"damage":0,"enemies":"2 Louse","floor":14,"turns":3},{"damage":31,"enemies":"Hexaghost","floor":16,"turns":10}],"seed_played":"-8617289253036788905","potions_obtained":[{"floor":6,"key":"Swift Potion"}],"is_trial":false,"path_per_floor":["M","?","?","M","?","E","T","R","T","E","$","?","R","M","R","B"],"character_chosen":"THE_SILENT","items_purchased":["Happy Flower"],"campfire_rested":2,"item_purchase_floors":[11],"current_hp_per_floor":[62,48,41,41,38,6,6,27,27,4,4,4,25,27,27,0],"gold":19,"neow_bonus":"ONE_RARE_RELIC","is_prod":false,"is_daily":false,"chose_seed":false,"campfire_upgraded":1,"win_rate":0,"timestamp":1553282252,"path_taken":["M","?","?","M","?","E","?","R","T","E","$","?","R","M","R","BOSS"],"build_version":"2019-01-23","purchased_purges":0,"victory":false,"max_hp_per_floor":[70,70,70,70,70,70,70,70,70,70,70,70,70,70,70,70],"card_choices":[{"not_picked":["Blur","Prepared"],"picked":"Cloak And Dagger","floor":1},{"not_picked":["Endless Agony","Acrobatics"],"picked":"Deadly Poison","floor":4},{"not_picked":["Outmaneuver","Tactician"],"picked":"PiercingWail","floor":6},{"not_picked":["Crippling Poison","Doppelganger"],"picked":"Accuracy","floor":10},{"not_picked":["Sucker Punch","Dagger Throw"],"picked":"Slice","floor":14}],"player_experience":126979,"relics_obtained":[{"floor":6,"key":"Blood Vial"},{"floor":9,"key":"Art of War"},{"floor":10,"key":"Smiling Mask"}],"event_choices":[{"damage_healed":0,"gold_gain":0,"player_choice":"Entered Light","damage_taken":14,"max_hp_gain":0,"max_hp_loss":0,"event_name":"Shining Light","floor":2,"gold_loss":0,"cards_upgraded":["Defend_G","Defend_G"]},{"cards_removed":["Defend_G"],"damage_healed":0,"gold_gain":0,"player_choice":"Card Removal","damage_taken":7,"max_hp_gain":0,"max_hp_loss":0,"event_name":"Golden Wing","floor":3,"gold_loss":0},{"damage_healed":0,"gold_gain":0,"player_choice":"Success","damage_taken":3,"relics_obtained":["The Courier"],"max_hp_gain":0,"max_hp_loss":0,"event_name":"Scrap Ooze","floor":5,"gold_loss":0},{"damage_healed":0,"gold_gain":0,"player_choice":"Left Gold","damage_taken":0,"max_hp_gain":0,"max_hp_loss":0,"event_name":"World of Goop","floor":12,"gold_loss":22}],"is_beta":false,"boss_relics":[],"items_purged_floors":[],"is_endless":false,"potions_floor_spawned":[6],"killed_by":"Hexaghost","ascension_level":7}