{"gold_per_floor":[119,132,207,207,225,225,253,253,253,269,304,316,343,27,27,98,98,116,130,130],"floor_reached":20,"playtime":706,"items_purged":[],"score":388,"play_id":"44935f4a-8350-411c-93a6-def13f012916","local_time":"20190617162728","is_ascension_mode":true,"campfire_choices":[{"data":"Perfected Strike","floor":6,"key":"SMITH"},{"data":"Whirlwind","floor":8,"key":"SMITH"},{"data":"Perfected Strike","floor":15,"key":"SMITH"}],"neow_cost":"NONE","seed_source_timestamp":261443567561291,"circlet_count":0,"master_deck":["AscendersBane","Strike_R","Strike_R","Strike_R","Strike_R","Strike_R","Defend_R","Defend_R","Defend_R","Defend_R","Bash+1","Pommel Strike","Twin Strike","Perfected Strike+1","Whirlwind+1","Perfected Strike+1","Feed"],"relics":["Burning Blood","Dream Catcher","Pantograph","Girya","Toxic Egg 2","Singing Bowl","Runic Dome"],"potions_floor_usage":[7,7,11,13,19],"damage_taken":[{"damage":2,"enemies":"2 Louse","floor":1,"turns":3},{"damage":11,"enemies":"Jaw Worm","floor":2,"turns":5},{"damage":6,"enemies":"Cultist","floor":5,"turns":3},{"damage":20,"enemies":"3 Sentries","floor":7,"turns":4},{"damage":11,"enemies":"Blue Slaver","floor":10,"turns":3},{"damage":25,"enemies":"Lagavulin","floor":11,"turns":7},{"damage":0,"enemies":"Large Slime","floor":12,"turns":3},{"damage":8,"enemies":"Gremlin Nob","floor":13,"turns":3},{"damage":28,"enemies":"Slime Boss","floor":16,"turns":8},{"damage":22,"enemies":"2 Thieves","floor":18,"turns":3},{"damage":30,"enemies":"Shell Parasite","floor":19,"turns":3},{"damage":38,"enemies":"Snake Plant","floor":20,"turns":2}],"seed_played":"-2426689913230522459","potions_obtained":[{"floor":4,"key":"EntropicBrew"},{"floor":4,"key":"Ancient Potion"},{"floor":10,"key":"LiquidBronze"},{"floor":12,"key":"FearPotion"},{"floor":16,"key":"Regen Potion"}],"is_trial":false,"path_per_floor":["M","M","?","?","M","R","E","R","T","M","E","M","E","$","R","B",null,"M","M","M"],"character_chosen":"IRONCLAD","items_purchased":["Singing Bowl","Perfected Strike"],"campfire_rested":0,"item_purchase_floors":[14,14],"current_hp_per_floor":[72,67,56,56,56,56,42,42,42,37,18,24,22,22,22,25,63,49,36,0],"gold":130,"neow_bonus":"UPGRADE_CARD","is_prod":false,"is_daily":false,"chose_seed":false,"campfire_upgraded":3,"win_rate":0,"timestamp":1560781648,"path_taken":["M","M","?","?","M","R","E","R","T","M","E","M","E","$","R","BOSS","M","M","?"],"build_version":"2019-01-23","purchased_purges":0,"victory":false,"max_hp_per_floor":[75,75,75,75,75,75,75,75,75,75,75,75,75,75,75,75,75,77,79,79],"card_choices":[{"not_picked":["Sword Boomerang","Armaments"],"picked":"Pommel Strike","floor":1},{"not_picked":["Intimidate","Reckless Charge"],"picked":"Twin Strike","floor":2},{"not_picked":["Havoc","Body Slam"],"picked":"Perfected Strike","floor":5},{"not_picked":["Clash","Bloodletting"],"picked":"Whirlwind","floor":7},{"not_picked":["Body Slam","Headbutt","Anger"],"picked":"SKIP","floor":10},{"not_picked":["Sword Boomerang","Heavy Blade","Thunderclap"],"picked":"SKIP","floor":11},{"not_picked":["Havoc","Clash","Heavy Blade"],"picked":"SKIP","floor":12},{"not_picked":["Anger","Havoc","Entrench"],"picked":"SKIP","floor":13},{"not_picked":["Exhume+1","Berserk"],"picked":"Feed","floor":16},{"not_picked":["Heavy Blade","Armaments+1","Searing Blow"],"picked":"Singing Bowl","floor":18},{"not_picked":["Searing Blow","Intimidate+1","Spot Weakness+1"],"picked":"Singing Bowl","floor":19}],"player_experience":583392,"relics_obtained":[{"floor":7,"key":"Dream Catcher"},{"floor":9,"key":"Pantograph"},{"floor":11,"key":"Girya"},{"floor":13,"key":"Toxic Egg 2"}],"event_choices":[{"damage_healed":0,"gold_gain":75,"player_choice":"Gather Gold","damage_taken":11,"max_hp_gain":0,"max_hp_loss":0,"event_name":"World of Goop","floor":3,"gold_loss":0},{"damage_healed":0,"gold_gain":0,"player_choice":"Got Potions","damage_taken":0,"max_hp_gain":0,"max_hp_loss":0,"event_name":"Lab","floor":4,"gold_loss":0}],"is_beta":false,"boss_relics":[{"not_picked":["Eternal Feather","Runic Pyramid"],"picked":"Runic Dome"}],"items_purged_floors":[],"is_endless":false,"potions_floor_spawned":[5,10,12,16,18],"killed_by":"Snake Plant","ascension_level":20}