{"gold_per_floor":[369,69,69,144,94,124,124,150,150,150,40,68,81,81,81,160,160,180,180,95,95,114,114,138,154,154,180,180,213,225,236,236,313,313,330,346,446,446,99,127,145,175,175,53,53,65,98,110,110,110,110,110,76,110,110],"floor_reached":55,"playtime":3311,"items_purged":["Strike_G","Defend_G"],"score":1467,"play_id":"735bbebc-1e01-4a7e-8ee9-a15bf6c4e67d","local_time":"20190510224248","is_ascension_mode":true,"campfire_choices":[{"data":"Noxious Fumes","floor":7.0,"key":"SMITH"},{"data":"Footwork","floor":10.0,"key":"SMITH"},{"data":"Leg Sweep","floor":15.0,"key":"SMITH"},{"floor":23.0,"key":"REST"},{"floor":28.0,"key":"RECALL"},{"floor":32.0,"key":"REST"},{"floor":49.0,"key":"REST"},{"floor":52.0,"key":"REST"}],"neow_cost":"CURSE","seed_source_timestamp":2028043147888197,"circlet_count":0,"master_deck":["AscendersBane","Defend_G","Defend_G","Defend_G","Defend_G","Strike_G","Strike_G+1","Strike_G+1","Strike_G","Survivor+1","Neutralize","Leg Sweep+1","Heel Hook","Noxious Fumes+1","Footwork+1","Blur","Deadly Poison+1","Corpse Explosion","Deadly Poison","Backflip+1","Leg Sweep+1","Noxious Fumes+1","Burst","Skewer+1","Blur","PiercingWail+1","Well Laid Plans","Mayhem","Discovery","Footwork","Writhe","Caltrops"],"special_seed":0,"relics":["Ring of the Snake","Art of War","Darkstone Periapt","Dream Catcher","PreservedInsect","Whetstone","Mercury Hourglass","Fusion Hammer","Incense Burner","Blood Vial","Pear","Bag of Preparation","Blue Candle","Orrery","Gambling Chip","War Paint","Bronze Scales","Happy Flower","Boot","Nunchaku"],"potions_floor_usage":[55,55],"damage_taken":[{"damage":2.0,"enemies":"Cultist","floor":1.0,"turns":5.0},{"damage":20.0,"enemies":"3 Sentries","floor":6.0,"turns":9.0},{"damage":24.0,"enemies":"Gremlin Nob","floor":8.0,"turns":7.0},{"damage":0.0,"enemies":"3 Sentries","floor":12.0,"turns":7.0},{"damage":0.0,"enemies":"Jaw Worm","floor":13.0,"turns":3.0},{"damage":10.0,"enemies":"The Guardian","floor":16.0,"turns":10.0},{"damage":3.0,"enemies":"3 Byrds","floor":18.0,"turns":4.0},{"damage":0.0,"enemies":"Spheric Guardian","floor":22.0,"turns":4.0},{"damage":0.0,"enemies":"Snake Plant","floor":25.0,"turns":5.0},{"damage":4.0,"enemies":"Book of Stabbing","floor":27.0,"turns":5.0},{"damage":21.0,"enemies":"Slavers","floor":29.0,"turns":3.0},{"damage":0.0,"enemies":"Chosen and Byrds","floor":30.0,"turns":5.0},{"damage":0.0,"enemies":"Snecko","floor":31.0,"turns":5.0},{"damage":11.0,"enemies":"Champ","floor":33.0,"turns":11.0},{"damage":9.0,"enemies":"Orb Walker","floor":35.0,"turns":5.0},{"damage":12.0,"enemies":"3 Shapes","floor":36.0,"turns":4.0},{"damage":2.0,"enemies":"Mind Bloom Boss Battle","floor":37.0,"turns":8.0},{"damage":0.0,"enemies":"Giant Head","floor":40.0,"turns":8.0},{"damage":13.0,"enemies":"Writhing Mass","floor":41.0,"turns":5.0},{"damage":0.0,"enemies":"Reptomancer","floor":42.0,"turns":5.0},{"damage":1.0,"enemies":"3 Darklings","floor":46.0,"turns":5.0},{"damage":8.0,"enemies":"Nemesis","floor":47.0,"turns":9.0},{"damage":1.0,"enemies":"Spire Growth","floor":48.0,"turns":5.0},{"damage":17.0,"enemies":"Time Eater","floor":50.0,"turns":13.0},{"damage":2.0,"enemies":"Shield and Spear","floor":54.0,"turns":5.0},{"damage":110,"enemies":"The Heart","floor":55,"turns":5}],"seed_played":"47708816413503024","potions_obtained":[{"floor":8.0,"key":"SpeedPotion"},{"floor":22.0,"key":"FearPotion"},{"floor":25.0,"key":"AttackPotion"},{"floor":33.0,"key":"FearPotion"},{"floor":35.0,"key":"Swift Potion"},{"floor":40.0,"key":"Fire Potion"},{"floor":47.0,"key":"Swift Potion"}],"is_trial":false,"path_per_floor":["M","$","?","T","?","E","R","E","T","R","$","E","M","?","R","B",null,"M","?","?","?","M","R","T","M","T","E","R","E","M","M","R","B",null,"M","M","?","?","$","E","M","E","T","$","?","M","E","M","R","B",null,"R","$","E","B"],"character_chosen":"THE_SILENT","items_purchased":["Heel Hook","Noxious Fumes","Art of War","Blur","War Paint","Discovery","Footwork","PowerPotion","Caltrops"],"campfire_rested":4,"item_purchase_floors":[2,2,2,11,39,39,44,44,53],"current_hp_per_floor":[61,61,61,61,61,41,41,17,17,17,17,17,17,17,17,7,54,51,38,38,38,38,60,60,62,72,70,70,51,53,55,80,71,82,75,65,65,55,55,57,46,48,48,48,75,76,70,71,91,74,87,91,91,89,0],"gold":110,"neow_bonus":"TWO_FIFTY_GOLD","is_prod":false,"is_daily":false,"chose_seed":false,"campfire_upgraded":3,"win_rate":0,"timestamp":1557520968,"path_taken":["M","$","?","?","?","E","R","E","T","R","?","E","M","?","R","BOSS","M","?","?","?","M","R","?","M","T","E","R","E","?","M","R","BOSS","M","M","?","?","$","E","M","E","T","$","?","M","E","M","R","BOSS","R","$","E","BOSS"],"build_version":"2019-01-23","purchased_purges":2,"victory":false,"max_hp_per_floor":[70,70,70,70,70,70,70,70,70,70,70,70,70,70,70,70,70,70,75,75,75,75,75,75,75,85,85,85,85,85,85,85,85,85,85,85,85,85,85,85,85,85,85,85,91,91,91,91,91,91,91,91,91,91,91],"card_choices":[{"not_picked":["Outmaneuver","Masterful Stab"],"picked":"Leg Sweep","floor":1.0},{"not_picked":["Flying Knee","Dodge and Roll","Poisoned Stab"],"picked":"SKIP","floor":6.0},{"not_picked":["Flying Knee","Dodge and Roll","Poisoned Stab"],"picked":"SKIP","floor":6.0},{"not_picked":["PiercingWail","Flechettes"],"picked":"Footwork","floor":8.0},{"not_picked":["Underhanded Strike","Predator","Bane"],"picked":"SKIP","floor":12.0},{"not_picked":["Sucker Punch","Blade Dance"],"picked":"Deadly Poison","floor":13.0},{"not_picked":["Tools of the Trade","Storm of Steel"],"picked":"Corpse Explosion","floor":16.0},{"not_picked":["Quick Slash","Dodge and Roll"],"picked":"Deadly Poison","floor":18.0},{"not_picked":["Finisher","Dash"],"picked":"Backflip","floor":22.0},{"not_picked":["Expertise","Cloak And Dagger"],"picked":"Leg Sweep+1","floor":25.0},{"not_picked":["Poisoned Stab","Quick Slash","Blade Dance"],"picked":"SKIP","floor":27.0},{"not_picked":["Riddle With Holes","Unload"],"picked":"Noxious Fumes+1","floor":29.0},{"not_picked":["PiercingWail","Deflect","Quick Slash"],"picked":"SKIP","floor":30.0},{"not_picked":["Distraction","Backflip","Concentrate"],"picked":"SKIP","floor":31.0},{"not_picked":["Unload","Doppelganger"],"picked":"Burst","floor":33.0},{"not_picked":["Terror","Concentrate"],"picked":"Skewer+1","floor":34.0},{"not_picked":["Expertise","Heel Hook"],"picked":"Blur","floor":34.0},{"not_picked":["Finisher","Terror","Prepared+1"],"picked":"SKIP","floor":35.0},{"not_picked":["Deadly Poison","Poisoned Stab"],"picked":"PiercingWail+1","floor":36.0},{"not_picked":["Prepared","Bane"],"picked":"Well Laid Plans","floor":37.0},{"not_picked":["Deep Breath","Panache"],"picked":"Mayhem","floor":38.0},{"not_picked":["Slice","Cloak And Dagger","Tools of the Trade"],"picked":"SKIP","floor":40.0},{"not_picked":["PiercingWail","Flying Knee","Prepared"],"picked":"SKIP","floor":41.0},{"not_picked":["Dagger Throw","Tactician","Skewer"],"picked":"SKIP","floor":42.0},{"not_picked":["Deflect","Acrobatics","Tactician"],"picked":"SKIP","floor":46.0},{"not_picked":["Eviscerate+1","Underhanded Strike+1","Sucker Punch+1"],"picked":"SKIP","floor":47.0},{"not_picked":["Poisoned Stab","Dagger Spray","Predator"],"picked":"SKIP","floor":48.0},{"not_picked":["Dash","Sucker Punch","Dagger Throw"],"picked":"SKIP","floor":54.0}],"player_experience":310681,"relics_obtained":[{"floor":4.0,"key":"Darkstone Periapt"},{"floor":6.0,"key":"Dream Catcher"},{"floor":8.0,"key":"PreservedInsect"},{"floor":9.0,"key":"Whetstone"},{"floor":12.0,"key":"Mercury Hourglass"},{"floor":24.0,"key":"Blood Vial"},{"floor":26.0,"key":"Pear"},{"floor":27.0,"key":"Bag of Preparation"},{"floor":29.0,"key":"Blue Candle"},{"floor":37.0,"key":"Gambling Chip"},{"floor":40.0,"key":"Bronze Scales"},{"floor":42.0,"key":"Happy Flower"},{"floor":47.0,"key":"Boot"},{"floor":54.0,"key":"Nunchaku"}],"event_choices":[{"damage_healed":0.0,"max_hp_gain":0.0,"max_hp_loss":0.0,"gold_gain":0.0,"event_name":"Liars Game","player_choice":"Ignored","floor":3.0,"gold_loss":0.0,"damage_taken":0.0},{"cards_removed":["Decay"],"damage_healed":0.0,"max_hp_gain":0.0,"max_hp_loss":0.0,"gold_gain":0.0,"event_name":"The Cleric","player_choice":"Card Removal","floor":5.0,"gold_loss":50.0,"damage_taken":0.0},{"damage_healed":0.0,"max_hp_gain":0.0,"max_hp_loss":0.0,"gold_gain":0.0,"event_name":"Upgrade Shrine","player_choice":"Upgraded","floor":14.0,"gold_loss":0.0,"damage_taken":0.0,"cards_upgraded":["Deadly Poison"]},{"damage_healed":0.0,"max_hp_gain":5.0,"max_hp_loss":0.0,"gold_gain":0.0,"event_name":"Forgotten Altar","player_choice":"Shed Blood","floor":19.0,"gold_loss":0.0,"damage_taken":18.0},{"damage_healed":0.0,"max_hp_gain":0.0,"max_hp_loss":0.0,"gold_gain":0.0,"event_name":"Addict","player_choice":"Obtained Relic","floor":20.0,"gold_loss":85.0,"damage_taken":0.0,"relics_obtained":["Incense Burner"]},{"damage_healed":0.0,"max_hp_gain":0.0,"max_hp_loss":0.0,"gold_gain":0.0,"event_name":"Cursed Tome","player_choice":"Ignored","floor":21.0,"gold_loss":0.0,"damage_taken":0.0},{"damage_healed":0.0,"max_hp_gain":0.0,"max_hp_loss":0.0,"gold_gain":0.0,"event_name":"MindBloom","player_choice":"Fight","floor":37.0,"gold_loss":0.0,"damage_taken":0.0},{"damage_healed":0.0,"max_hp_gain":0.0,"max_hp_loss":0.0,"gold_gain":0.0,"event_name":"SensoryStone","player_choice":"Memory 3","floor":38.0,"gold_loss":0.0,"damage_taken":10.0},{"damage_healed":21.0,"max_hp_gain":0.0,"max_hp_loss":0.0,"gold_gain":0.0,"event_name":"Winding Halls","player_choice":"Writhe","floor":45.0,"gold_loss":0.0,"damage_taken":0.0,"cards_obtained":["Writhe"]}],"is_beta":false,"boss_relics":[{"not_picked":["Tiny House","Black Star"],"picked":"Fusion Hammer"},{"not_picked":["Calling Bell","Pandora\u0027s Box"],"picked":"Orrery"}],"items_purged_floors":[11,39],"is_endless":false,"potions_floor_spawned":[8,22,25,33,35,40,46,47,48,54],"killed_by":"The Heart","ascension_level":13}