{"gold_per_floor":[111,123,48,48,64,64,89,89,116,148,124,136,166,193,205,322,334,359,391,403,426,458,470],"floor_reached":23,"playtime":1088,"items_purged":["Strike_R"],"score":232,"play_id":"acb7da15-faf0-402f-91a0-f00a2d3b998a","local_time":"20190630001809","is_ascension_mode":true,"campfire_choices":[{"data":"Headbutt","floor":6,"key":"SMITH"},{"data":"Uppercut","floor":8,"key":"SMITH"},{"data":"Flame Barrier","floor":12,"key":"SMITH"},{"floor":15,"key":"REST"}],"neow_cost":"NONE","seed_source_timestamp":1288717887499735,"circlet_count":0,"master_deck":["Strike_R","Strike_R","Strike_R+1","Strike_R","Defend_R","Defend_R","Defend_R","Defend_R+1","Bash+1","Flame Barrier+1","Uppercut+1","Headbutt+1","Shrug It Off","Sword Boomerang","Impervious","Rampage","Warcry+1","Metallicize","Iron Wave+1"],"relics":["Burning Blood","Bag of Preparation","MawBank","Odd Mushroom","Sozu"],"potions_floor_usage":[7,16,23,23],"damage_taken":[{"damage":7,"enemies":"Small Slimes","floor":1,"turns":4},{"damage":7,"enemies":"Jaw Worm","floor":2,"turns":4},{"damage":0,"enemies":"Cultist","floor":5,"turns":4},{"damage":34,"enemies":"Lagavulin","floor":7,"turns":7},{"damage":9,"enemies":"The Mushroom Lair","floor":10,"turns":5},{"damage":0,"enemies":"2 Fungi Beasts","floor":13,"turns":2},{"damage":5,"enemies":"Exordium Wildlife","floor":14,"turns":4},{"damage":40,"enemies":"Slime Boss","floor":16,"turns":9},{"damage":9,"enemies":"Shell Parasite","floor":18,"turns":7},{"damage":0,"enemies":"Chosen","floor":19,"turns":5},{"damage":11,"enemies":"Centurion and Healer","floor":21,"turns":6},{"damage":3,"enemies":"Snake Plant","floor":22,"turns":4},{"damage":65,"enemies":"Gremlin Leader","floor":23,"turns":9}],"seed_played":"-8343325367786652774","potions_obtained":[{"floor":5,"key":"Weak Potion"},{"floor":7,"key":"Swift Potion"},{"floor":10,"key":"BloodPotion"},{"floor":13,"key":"AttackPotion"}],"is_trial":false,"path_per_floor":["M","M","$","?","M","R","E","R","T","?","?","R","M","M","R","B",null,"M","M","?","M","M","E"],"character_chosen":"IRONCLAD","items_purchased":[],"campfire_rested":1,"item_purchase_floors":[],"current_hp_per_floor":[79,78,78,62,68,68,40,40,40,37,37,37,43,44,68,34,80,77,80,80,75,78,21],"gold":470,"neow_bonus":"UPGRADE_CARD","is_prod":false,"is_daily":false,"chose_seed":false,"campfire_upgraded":3,"win_rate":0,"timestamp":1561879089,"path_taken":["M","M","$","?","M","R","E","R","T","?","?","R","M","M","R","BOSS","M","M","?","M","M","E"],"build_version":"2019-01-23","purchased_purges":1,"victory":false,"max_hp_per_floor":[80,80,80,80,80,80,80,80,80,80,80,80,80,80,80,80,80,80,80,80,80,80,80],"card_choices":[{"not_picked":["Flex","Pummel"],"picked":"Flame Barrier","floor":1},{"not_picked":["Burning Pact","Dropkick"],"picked":"Uppercut","floor":2},{"not_picked":["Heavy Blade","Burning Pact"],"picked":"Headbutt","floor":5},{"not_picked":["Uppercut","Thunderclap","Flex"],"picked":"SKIP","floor":7},{"not_picked":["Clash","Dropkick"],"picked":"Shrug It Off","floor":13},{"not_picked":["Power Through","True Grit"],"picked":"Sword Boomerang","floor":14},{"not_picked":["Berserk","Exhume"],"picked":"Impervious","floor":16},{"not_picked":["Feel No Pain","Searing Blow"],"picked":"Rampage","floor":18},{"not_picked":["Reckless Charge","Wild Strike+1"],"picked":"Warcry+1","floor":19},{"not_picked":["Body Slam","Warcry"],"picked":"Metallicize","floor":21},{"not_picked":["Sword Boomerang","Clothesline"],"picked":"Iron Wave+1","floor":22}],"player_experience":521634,"relics_obtained":[{"floor":7,"key":"Bag of Preparation"},{"floor":9,"key":"MawBank"},{"floor":10,"key":"Odd Mushroom"}],"event_choices":[{"damage_healed":0,"gold_gain":0,"player_choice":"Entered Light","damage_taken":16,"max_hp_gain":0,"max_hp_loss":0,"event_name":"Shining Light","floor":4,"gold_loss":0,"cards_upgraded":["Strike_R","Defend_R"]},{"damage_healed":0,"gold_gain":0,"player_choice":"Fought Mushrooms","damage_taken":0,"max_hp_gain":0,"max_hp_loss":0,"event_name":"Mushrooms","floor":10,"gold_loss":0},{"damage_healed":0,"gold_gain":0,"player_choice":"Left Gold","damage_taken":0,"max_hp_gain":0,"max_hp_loss":0,"event_name":"World of Goop","floor":11,"gold_loss":36},{"damage_healed":0,"gold_gain":0,"player_choice":"Got Potions","damage_taken":0,"max_hp_gain":0,"max_hp_loss":0,"event_name":"Lab","floor":20,"gold_loss":0}],"is_beta":false,"boss_relics":[{"not_picked":["Runic Cube","Eternal Feather"],"picked":"Sozu"}],"items_purged_floors":[3],"is_endless":false,"potions_floor_spawned":[5,7,10,13,18,21,22],"killed_by":"Gremlin Leader","ascension_level":4}