{"gold_per_floor":[110,30,30,49,49,75,50,68,121,121,155,219,16,42,42,145,145,158,208,59,79,99,126,144,155,224,274,274,31,50,61,61,158,158,177,227,277,293,34,34,50,65,65,168,218,218,30,41,41,41],"floor_reached":51,"playtime":1558,"items_purged":["Shame","Doubt"],"score":787,"play_id":"362b3043-273c-4751-910f-910e04e5f77f","local_time":"20190525002227","is_ascension_mode":false,"campfire_choices":[{"floor":10.0,"key":"REST"},{"floor":15.0,"key":"REST"},{"floor":28,"key":"REST"},{"data":"Limit Break","floor":32,"key":"SMITH"},{"data":"Demon Form","floor":40,"key":"SMITH"},{"data":"Perfected Strike","floor":46,"key":"SMITH"},{"data":"Perfected Strike","floor":49,"key":"SMITH"}],"neow_cost":"NONE","seed_source_timestamp":627074811919672,"circlet_count":0,"master_deck":["Strike_R+1","Strike_R+1","Strike_R+1","Strike_R+1","Strike_R+1","Defend_R+1","Defend_R+1","Defend_R+1","Bash","Perfected Strike+1","Whirlwind","Shrug It Off","Twin Strike","Impervious","Twin Strike","Disarm","Pommel Strike","Demon Form+1","Battle Trance","Rupture","Perfected Strike+1","Limit Break+1","Brutality","Panacea"],"special_seed":0,"relics":["Black Star","SsserpentHead","Potion Belt","Centennial Puzzle","Bag of Marbles","Turnip","Bottled Lightning","Toolbox","Singing Bowl","Orichalcum","Sozu","Juzu Bracelet","Paper Frog","Strawberry","Shuriken","Bottled Tornado","Orrery","Self Forming Clay","Bottled Flame","Unceasing Top"],"potions_floor_usage":[33,33],"damage_taken":[{"damage":6.0,"enemies":"Cultist","floor":1.0,"turns":3.0},{"damage":2.0,"enemies":"2 Louse","floor":4.0,"turns":2.0},{"damage":37.0,"enemies":"Lagavulin","floor":6.0,"turns":9.0},{"damage":7.0,"enemies":"Small Slimes","floor":8.0,"turns":2.0},{"damage":23.0,"enemies":"3 Sentries","floor":11.0,"turns":5.0},{"damage":0.0,"enemies":"Looter","floor":12.0,"turns":1.0},{"damage":1.0,"enemies":"Lagavulin","floor":14.0,"turns":8.0},{"damage":48.0,"enemies":"Slime Boss","floor":16.0,"turns":11.0},{"damage":0.0,"enemies":"3 Byrds","floor":18.0,"turns":5.0},{"damage":11.0,"enemies":"2 Thieves","floor":21.0,"turns":3.0},{"damage":26.0,"enemies":"Snecko","floor":22.0,"turns":5.0},{"damage":9.0,"enemies":"Book of Stabbing","floor":23.0,"turns":5.0},{"damage":41.0,"enemies":"Shelled Parasite and Fungi","floor":24.0,"turns":6.0},{"damage":0,"enemies":"Snake Plant","floor":25,"turns":2},{"damage":4,"enemies":"Centurion and Healer","floor":30,"turns":5},{"damage":6,"enemies":"Chosen and Byrds","floor":31,"turns":5},{"damage":18,"enemies":"Champ","floor":33,"turns":8},{"damage":7,"enemies":"3 Shapes","floor":35,"turns":3},{"damage":15,"enemies":"Orb Walker","floor":38,"turns":4},{"damage":4,"enemies":"Maw","floor":41,"turns":6},{"damage":8,"enemies":"Jaw Worm Horde","floor":42,"turns":3},{"damage":36,"enemies":"2 Orb Walkers","floor":44,"turns":4},{"damage":9,"enemies":"4 Shapes","floor":48,"turns":5},{"damage":48,"enemies":"Time Eater","floor":50,"turns":8}],"seed_played":"-3389004254675590838","potions_obtained":[{"floor":4.0,"key":"BloodPotion"},{"floor":8.0,"key":"BloodPotion"},{"floor":12.0,"key":"Regen Potion"},{"floor":14.0,"key":"Swift Potion"}],"is_trial":false,"path_per_floor":["M","$","$","M","?","E","$","M","T","R","E","M","$","E","R","B",null,"M","?","$","M","M","E","M","M","T","?","R","$","M","M","R","B",null,"M","?","?","M","$","R","M","M","T","?","?","R","$","M","R","B",null],"character_chosen":"IRONCLAD","items_purchased":["Whirlwind","Shrug It Off","Twin Strike","Toolbox","Rupture","Bottled Tornado","Self Forming Clay","Panacea"],"campfire_rested":3,"item_purchase_floors":[2,2,7,13,20,29,39,47],"current_hp_per_floor":[74,74,74,72,72,43,43,36,36,60,45,45,45,46,70,22,82,82,82,82,71,47,47,8,10,10,10,39,39,37,31,31,28,109,104,104,104,91,91,91,89,83,83,49,113,113,113,106,106,58],"gold":41,"neow_bonus":"BOSS_RELIC","is_prod":false,"is_daily":false,"chose_seed":false,"campfire_upgraded":4,"win_rate":0,"timestamp":1558736547,"path_taken":["M","?","$","?","?","E","$","M","T","R","E","?","$","E","R","BOSS","M","?","$","M","M","E","M","M","T","?","R","$","M","M","R","BOSS","M","?","?","M","$","R","M","M","T","?","?","R","$","M","R","BOSS"],"build_version":"2019-01-23","purchased_purges":2,"victory":true,"max_hp_per_floor":[80,80,80,80,80,80,80,80,80,80,80,80,80,82,82,82,82,82,82,82,82,84,93,95,97,97,97,97,97,99,99,99,99,109,111,111,105,107,107,107,109,111,111,113,113,113,113,115,115,115],"card_choices":[{"not_picked":["Heavy Blade","Flex"],"picked":"Perfected Strike","floor":1.0},{"not_picked":["Perfected Strike","Pommel Strike"],"picked":"Twin Strike","floor":4.0},{"not_picked":["Fire Breathing","Thunderclap"],"picked":"Impervious","floor":6.0},{"not_picked":["Heavy Blade","Headbutt"],"picked":"Disarm","floor":8.0},{"not_picked":["True Grit","Wild Strike"],"picked":"Pommel Strike","floor":11.0},{"not_picked":["Body Slam","Carnage","Armaments"],"picked":"SKIP","floor":12.0},{"not_picked":["Fire Breathing","Pummel","Dark Embrace"],"picked":"Singing Bowl","floor":14.0},{"not_picked":["Brutality","Offering"],"picked":"Demon Form","floor":16.0},{"not_picked":["Iron Wave+1","Sever Soul+1"],"picked":"Battle Trance","floor":18.0},{"not_picked":["Pommel Strike","Dual Wield"],"picked":"Perfected Strike","floor":21.0},{"not_picked":["Headbutt+1","Body Slam","Sever Soul"],"picked":"Singing Bowl","floor":22.0},{"not_picked":["Double Tap","Fire Breathing+1","Evolve"],"picked":"Singing Bowl","floor":23.0},{"not_picked":["Warcry","Pummel","Havoc"],"picked":"Singing Bowl","floor":24.0},{"not_picked":["Warcry","Evolve+1","Wild Strike"],"picked":"Singing Bowl","floor":25},{"not_picked":["Havoc","Clash+1","Sentinel"],"picked":"Singing Bowl","floor":30},{"not_picked":["Rampage","Heavy Blade+1"],"picked":"Limit Break","floor":31},{"not_picked":["Exhume","Offering"],"picked":"Brutality","floor":33},{"not_picked":["Searing Blow","Warcry","Twin Strike"],"picked":"Singing Bowl","floor":34},{"not_picked":["Spot Weakness","Cleave+1","True Grit"],"picked":"Singing Bowl","floor":34},{"not_picked":["Heavy Blade","Spot Weakness","Clash+1"],"picked":"Singing Bowl","floor":34},{"not_picked":["Rampage","Headbutt","Second Wind"],"picked":"Singing Bowl","floor":34},{"not_picked":["Pommel Strike","Clash","True Grit+1"],"picked":"Singing Bowl","floor":34},{"not_picked":["Carnage","Heavy Blade","Iron Wave"],"picked":"Singing Bowl","floor":35},{"not_picked":["Cleave+1","Body Slam","Flex"],"picked":"Singing Bowl","floor":38},{"not_picked":["Iron Wave+1","Inflame","Havoc+1"],"picked":"Singing Bowl","floor":41},{"not_picked":["Carnage","Bloodletting","Fire Breathing+1"],"picked":"Singing Bowl","floor":42},{"not_picked":["Pummel","Twin Strike+1","Havoc"],"picked":"Singing Bowl","floor":44},{"not_picked":["Rage","Shockwave+1","Bludgeon"],"picked":"Singing Bowl","floor":48}],"player_experience":398555,"relics_obtained":[{"floor":6.0,"key":"Potion Belt"},{"floor":6.0,"key":"Centennial Puzzle"},{"floor":9.0,"key":"Bag of Marbles"},{"floor":11.0,"key":"Turnip"},{"floor":11.0,"key":"Bottled Lightning"},{"floor":14.0,"key":"Singing Bowl"},{"floor":14.0,"key":"Orichalcum"},{"floor":23.0,"key":"Paper Frog"},{"floor":23.0,"key":"Strawberry"},{"floor":26,"key":"Shuriken"},{"floor":43,"key":"Bottled Flame"},{"floor":44,"key":"Unceasing Top"}],"event_choices":[{"damage_healed":0.0,"max_hp_gain":0.0,"max_hp_loss":0.0,"gold_gain":0.0,"event_name":"FaceTrader","player_choice":"Trade","floor":5.0,"gold_loss":0.0,"damage_taken":0.0,"relics_obtained":["SsserpentHead"]},{"damage_healed":0.0,"max_hp_gain":0.0,"max_hp_loss":0.0,"gold_gain":0.0,"event_name":"Addict","player_choice":"Stole Relic","floor":19.0,"gold_loss":0.0,"damage_taken":0.0,"relics_obtained":["Juzu Bracelet"],"cards_obtained":["Shame"]},{"damage_healed":0,"gold_gain":0,"player_choice":"Simplicity","damage_taken":0,"max_hp_gain":0,"max_hp_loss":0,"event_name":"Back to Basics","floor":27,"gold_loss":0,"cards_upgraded":["Strike_R","Strike_R","Strike_R","Strike_R","Strike_R","Defend_R","Defend_R","Defend_R","Defend_R"]},{"cards_removed":["Defend_R"],"damage_healed":0,"gold_gain":0,"player_choice":"Removed Skill","damage_taken":0,"max_hp_gain":0,"max_hp_loss":0,"event_name":"Falling","floor":36,"gold_loss":0},{"damage_healed":0,"gold_gain":0,"player_choice":"Max HP","damage_taken":0,"max_hp_gain":0,"max_hp_loss":6,"event_name":"Winding Halls","floor":37,"gold_loss":0},{"damage_healed":0,"gold_gain":0,"player_choice":"Fight","damage_taken":0,"max_hp_gain":0,"max_hp_loss":0,"event_name":"Mysterious Sphere","floor":44,"gold_loss":0},{"damage_healed":64,"gold_gain":0,"player_choice":"Heal","damage_taken":0,"max_hp_gain":0,"max_hp_loss":0,"event_name":"MindBloom","floor":45,"gold_loss":0,"cards_obtained":["Doubt"]}],"is_beta":false,"boss_relics":[{"not_picked":["Pandora\u0027s Box","Fusion Hammer"],"picked":"Sozu"},{"not_picked":["Mark of Pain","Calling Bell"],"picked":"Orrery"}],"items_purged_floors":[20,47],"is_endless":false,"potions_floor_spawned":[4,8,12,14,18,21,25,30,31,35,38,44],"ascension_level":0}