{"gold_per_floor":[366,384,131,148,162,162,190,210,210,210,158,170,188,201,201,280,280,295,306,70,86,102,102,102,102,102,115,115,115],"floor_reached":29,"playtime":1067,"items_purged":["Strike_B"],"score":462,"play_id":"d4add702-094a-41bb-8fa1-edba66c06f22","local_time":"20190522172935","is_ascension_mode":true,"campfire_choices":[{"floor":6.0,"key":"REST"},{"floor":15.0,"key":"REST"},{"floor":23,"key":"REST"},{"data":"Fission","floor":25,"key":"SMITH"},{"floor":28,"key":"REST"}],"neow_cost":"TEN_PERCENT_HP_LOSS","seed_source_timestamp":12267503608639,"circlet_count":0,"master_deck":["AscendersBane","Strike_B","Strike_B","Strike_B","Defend_B","Defend_B","Defend_B","Defend_B","Zap","Dualcast","Defragment+1","Coolheaded","Capacitor","Steam","Leap","Electrodynamics","Ball Lightning","Cold Snap","Coolheaded","Compile Driver","Fission+1","Self Repair+1","Conserve Battery","Coolheaded","Fusion","Creative AI+1"],"special_seed":0,"relics":["Cracked Core","Anchor","Omamori","Frozen Egg 2","Gremlin Horn","Inserter","SsserpentHead","Singing Bowl"],"potions_floor_usage":[21,22,27],"damage_taken":[{"damage":13.0,"enemies":"Small Slimes","floor":1.0,"turns":4.0},{"damage":6.0,"enemies":"Cultist","floor":2.0,"turns":4.0},{"damage":4.0,"enemies":"Jaw Worm","floor":4.0,"turns":4.0},{"damage":25.0,"enemies":"Gremlin Gang","floor":5.0,"turns":8.0},{"damage":21.0,"enemies":"3 Sentries","floor":7.0,"turns":8.0},{"damage":23.0,"enemies":"Large Slime","floor":8.0,"turns":6.0},{"damage":0.0,"enemies":"Red Slaver","floor":12.0,"turns":3.0},{"damage":4.0,"enemies":"Looter","floor":13.0,"turns":3.0},{"damage":0.0,"enemies":"3 Louse","floor":14.0,"turns":3.0},{"damage":8.0,"enemies":"Hexaghost","floor":16.0,"turns":9.0},{"damage":15.0,"enemies":"2 Thieves","floor":18.0,"turns":4.0},{"damage":20,"enemies":"Chosen","floor":19,"turns":8},{"damage":9,"enemies":"Centurion and Healer","floor":21,"turns":12},{"damage":16,"enemies":"Sentry and Sphere","floor":22,"turns":8},{"damage":31,"enemies":"Snake Plant","floor":27,"turns":5},{"damage":39,"enemies":"Book of Stabbing","floor":29,"turns":5}],"seed_played":"2389165917306369970","potions_obtained":[{"floor":1.0,"key":"Strength Potion"},{"floor":2.0,"key":"FocusPotion"},{"floor":7.0,"key":"FairyPotion"},{"floor":8.0,"key":"LiquidBronze"},{"floor":22,"key":"SkillPotion"}],"is_trial":false,"path_per_floor":["M","M","$","M","M","R","E","M","T","?","?","M","M","M","R","B",null,"M","M","$","M","M","R","?","R","T","M","R","E"],"character_chosen":"DEFECT","items_purchased":["Coolheaded","Capacitor","Anchor","Block Potion","Dexterity Potion","Coolheaded"],"campfire_rested":4,"item_purchase_floors":[3,3,3,20,20,20],"current_hp_per_floor":[51,45,45,41,16,35,14,6,6,6,6,6,2,2,21,13,51,36,26,26,27,21,40,40,40,40,19,38,0],"gold":115,"neow_bonus":"TWO_FIFTY_GOLD","is_prod":false,"is_daily":false,"chose_seed":false,"campfire_upgraded":1,"win_rate":0,"timestamp":1558538975,"path_taken":["M","M","$","M","M","R","E","M","T","?","?","M","M","M","R","BOSS","M","?","$","?","M","R","?","R","T","M","R","E"],"build_version":"2019-05-07","purchased_purges":1,"victory":false,"max_hp_per_floor":[64,64,64,64,64,64,64,64,64,64,64,64,64,64,64,64,64,64,64,64,64,64,64,64,64,64,64,64,64],"card_choices":[{"not_picked":["Auto Shields","Gash"],"picked":"Defragment","floor":1.0},{"not_picked":["Darkness","White Noise","Hologram"],"picked":"SKIP","floor":2.0},{"not_picked":["Gash","Streamline"],"picked":"Steam","floor":4.0},{"not_picked":["All For One","Double Energy"],"picked":"Leap","floor":5.0},{"not_picked":["Leap","Ball Lightning"],"picked":"Electrodynamics","floor":7.0},{"not_picked":["Barrage","Lockon"],"picked":"Ball Lightning","floor":8.0},{"not_picked":["Stack","Beam Cell"],"picked":"Cold Snap","floor":12.0},{"not_picked":["Compile Driver","Barrage"],"picked":"Coolheaded","floor":13.0},{"not_picked":["FTL","Cold Snap"],"picked":"Compile Driver","floor":14.0},{"not_picked":["Core Surge","Amplify"],"picked":"Fission","floor":16.0},{"not_picked":["Doom and Gloom","Coolheaded"],"picked":"Self Repair+1","floor":18.0},{"not_picked":["Streamline","Hologram"],"picked":"Conserve Battery","floor":19},{"not_picked":["Lockon","White Noise"],"picked":"Fusion","floor":21},{"not_picked":["Conserve Battery","Rebound","FTL"],"picked":"SKIP","floor":22},{"not_picked":["Reinforced Body","Coolheaded"],"picked":"Creative AI+1","floor":27}],"player_experience":1588487,"relics_obtained":[{"floor":7.0,"key":"Omamori"},{"floor":9.0,"key":"Frozen Egg 2"},{"floor":26,"key":"Singing Bowl"}],"event_choices":[{"damage_healed":0.0,"max_hp_gain":0.0,"max_hp_loss":0.0,"gold_gain":0.0,"event_name":"Living Wall","player_choice":"Grow","floor":10.0,"gold_loss":0.0,"damage_taken":0.0,"cards_upgraded":["Defragment"]},{"damage_healed":0.0,"max_hp_gain":0.0,"max_hp_loss":0.0,"gold_gain":0.0,"event_name":"WeMeetAgain","player_choice":"Paid Gold","floor":11.0,"gold_loss":52.0,"damage_taken":0.0,"relics_obtained":["Gremlin Horn"]},{"damage_healed":0,"gold_gain":0,"player_choice":"Trade","damage_taken":0,"relics_obtained":["SsserpentHead"],"max_hp_gain":0,"max_hp_loss":0,"event_name":"FaceTrader","floor":24,"gold_loss":0}],"is_beta":true,"boss_relics":[{"not_picked":["Pandora\u0027s Box","Runic Dome"],"picked":"Inserter"}],"items_purged_floors":[20],"is_endless":false,"potions_floor_spawned":[1,2,7,8,22],"killed_by":"Book of Stabbing","ascension_level":20}