{"gold_per_floor":[111,111,122,122,197,197,213,242,323,340,340,368,368,382,382,487,487,503,503,503,428,441,476,476,476],"floor_reached":25,"playtime":959,"items_purged":[],"score":391,"play_id":"c010c73b-bf38-4043-b88f-a673e53d1471","local_time":"20190509145722","is_ascension_mode":true,"campfire_choices":[{"data":"Caltrops","floor":6,"key":"SMITH"},{"floor":11,"key":"REST"},{"data":"Cloak And Dagger","floor":13,"key":"SMITH"},{"floor":15,"key":"REST"},{"floor":24,"key":"REST"}],"neow_cost":"NONE","seed_source_timestamp":1916116467290814,"circlet_count":0,"master_deck":["AscendersBane","Defend_G","Defend_G","Defend_G","Strike_G","Strike_G","Strike_G","Survivor","Neutralize","Flying Knee","Caltrops+1","Tactician","Cloak And Dagger+1","Calculated Gamble","Underhanded Strike","Deflect","Caltrops","Accuracy"],"relics":["Runic Pyramid","Juzu Bracelet","Bottled Tornado","Shuriken","Empty Cage","Molten Egg 2","Unceasing Top"],"potions_floor_usage":[8,12,12,23,23],"damage_taken":[{"damage":2,"enemies":"Jaw Worm","floor":1,"turns":4},{"damage":0,"enemies":"Small Slimes","floor":3,"turns":3},{"damage":7,"enemies":"2 Louse","floor":7,"turns":2},{"damage":22,"enemies":"3 Sentries","floor":8,"turns":8},{"damage":19,"enemies":"Exordium Thugs","floor":10,"turns":5},{"damage":7,"enemies":"Gremlin Nob","floor":12,"turns":4},{"damage":5,"enemies":"Red Slaver","floor":14,"turns":4},{"damage":9,"enemies":"Hexaghost","floor":16,"turns":9},{"damage":22,"enemies":"Spheric Guardian","floor":18,"turns":5},{"damage":26,"enemies":"Shell Parasite","floor":22,"turns":6},{"damage":52,"enemies":"Slavers","floor":23,"turns":6},{"damage":35,"enemies":"Cultist and Chosen","floor":25,"turns":6}],"seed_played":"8737989741819694959","potions_obtained":[{"floor":3,"key":"Swift Potion"},{"floor":8,"key":"Poison Potion"},{"floor":10,"key":"Weak Potion"},{"floor":16,"key":"EssenceOfSteel"},{"floor":22,"key":"Energy Potion"}],"is_trial":false,"path_per_floor":["M","?","M","?","?","R","M","E","T","M","R","E","R","M","R","B",null,"M","?","?","?","M","E","R","M"],"character_chosen":"THE_SILENT","items_purchased":[],"campfire_rested":3,"item_purchase_floors":[],"current_hp_per_floor":[61,66,66,66,55,55,48,26,26,7,29,22,22,17,39,30,64,42,85,85,85,59,7,32,0],"gold":476,"neow_bonus":"BOSS_RELIC","is_prod":false,"is_daily":false,"chose_seed":false,"campfire_upgraded":2,"win_rate":0,"timestamp":1557406642,"path_taken":["M","?","M","?","?","R","M","E","T","M","R","E","R","M","R","BOSS","M","?","?","?","M","E","R","M"],"build_version":"2019-01-23","purchased_purges":0,"victory":false,"max_hp_per_floor":[70,75,75,75,75,75,75,75,75,75,75,75,75,75,75,75,75,75,85,85,85,85,85,85,85],"card_choices":[{"not_picked":["Expertise","Quick Slash"],"picked":"Flying Knee","floor":1},{"not_picked":["Poisoned Stab","Predator"],"picked":"Caltrops","floor":3},{"not_picked":["Deadly Poison","Blade Dance"],"picked":"Tactician","floor":7},{"not_picked":["Dodge and Roll","Reflex"],"picked":"Cloak And Dagger","floor":8},{"not_picked":["Bane","Choke","Outmaneuver"],"picked":"SKIP","floor":10},{"not_picked":["Poisoned Stab","Skewer"],"picked":"Calculated Gamble","floor":12},{"not_picked":["Deadly Poison","Endless Agony"],"picked":"Underhanded Strike","floor":14},{"not_picked":["Venomology","Glass Knife"],"picked":"Envenom","floor":16},{"not_picked":["Well Laid Plans","Endless Agony"],"picked":"Deflect","floor":18},{"not_picked":["Dagger Throw+1","Outmaneuver"],"picked":"Caltrops","floor":22},{"not_picked":["Setup+1","Masterful Stab+1"],"picked":"Accuracy","floor":23}],"player_experience":280306,"relics_obtained":[{"floor":8,"key":"Juzu Bracelet"},{"floor":9,"key":"Bottled Tornado"},{"floor":12,"key":"Shuriken"},{"floor":23,"key":"Unceasing Top"}],"event_choices":[{"damage_healed":0,"gold_gain":0,"player_choice":"Donut","damage_taken":0,"max_hp_gain":5,"max_hp_loss":0,"event_name":"Big Fish","floor":2,"gold_loss":0},{"cards_removed":["Defend_G"],"damage_healed":0,"gold_gain":0,"player_choice":"Forget","damage_taken":0,"max_hp_gain":0,"max_hp_loss":0,"event_name":"Living Wall","floor":4,"gold_loss":0},{"damage_healed":0,"gold_gain":75,"player_choice":"Gather Gold","damage_taken":11,"max_hp_gain":0,"max_hp_loss":0,"event_name":"World of Goop","floor":5,"gold_loss":0},{"cards_removed":["Envenom"],"damage_healed":33,"gold_gain":0,"player_choice":"Offered Rare","damage_taken":0,"max_hp_gain":10,"max_hp_loss":0,"event_name":"Bonfire Elementals","floor":19,"gold_loss":0},{"damage_healed":0,"gold_gain":0,"player_choice":"Opened","damage_taken":0,"relics_obtained":["Molten Egg 2"],"max_hp_gain":0,"max_hp_loss":0,"event_name":"The Mausoleum","floor":20,"gold_loss":0},{"cards_removed":["Strike_G"],"damage_healed":0,"gold_gain":0,"player_choice":"Gave Gold","damage_taken":0,"max_hp_gain":0,"max_hp_loss":0,"event_name":"Beggar","floor":21,"gold_loss":75}],"is_beta":false,"boss_relics":[{"not_picked":["Velvet Choker","Tiny House"],"picked":"Empty Cage"}],"items_purged_floors":[],"is_endless":false,"potions_floor_spawned":[3,8,10,16,22],"killed_by":"Cultist and Chosen","ascension_level":12}