{"gold_per_floor":[99,99,99,27,27,27,27,27,27,27,27,27,27,27,27,27,27,0,0,0,0,0,0,0,0,0,0,0,0,0],"floor_reached":30,"playtime":561,"items_purged":[],"score":282,"play_id":"1dc0d657-3aec-4132-ab0d-edda26e8d806","local_time":"20190526133604","is_ascension_mode":false,"campfire_choices":[{"data":"Bash","floor":6,"key":"SMITH"},{"data":"Combust","floor":8,"key":"SMITH"},{"data":"Combust","floor":12,"key":"SMITH"},{"data":"Cleave","floor":15,"key":"SMITH"},{"floor":23,"key":"REST"}],"neow_cost":"NONE","seed_source_timestamp":762122859189611,"circlet_count":0,"master_deck":["Strike_R+1","Strike_R","Strike_R","Strike_R+1","Strike_R","Defend_R","Defend_R","Defend_R","Bash+1","True Grit","Cleave+1","Combust+1","Twin Strike","Combust+1","Ghostly Armor","Immolate","Shrug It Off","Regret","Reaper"],"relics":["Ectoplasm","Happy Flower","Whetstone","Cursed Key","The Courier"],"potions_floor_usage":[7,20,27,27],"damage_taken":[{"damage":7,"enemies":"2 Louse","floor":1,"turns":3},{"damage":0,"enemies":"Cultist","floor":2,"turns":2},{"damage":1,"enemies":"Small Slimes","floor":5,"turns":2},{"damage":23,"enemies":"Lagavulin","floor":7,"turns":5},{"damage":1,"enemies":"Gremlin Gang","floor":13,"turns":1},{"damage":8,"enemies":"Exordium Wildlife","floor":14,"turns":3},{"damage":10,"enemies":"Slime Boss","floor":16,"turns":5},{"damage":15,"enemies":"2 Thieves","floor":18,"turns":2},{"damage":9,"enemies":"Shell Parasite","floor":19,"turns":4},{"damage":19,"enemies":"Colosseum Slavers","floor":20,"turns":3},{"damage":5,"enemies":"Centurion and Healer","floor":25,"turns":4},{"damage":14,"enemies":"Shelled Parasite and Fungi","floor":27,"turns":4},{"damage":37,"enemies":"Sentry and Sphere","floor":28,"turns":4},{"damage":5,"enemies":"Cultist and Chosen","floor":29,"turns":4},{"damage":23,"enemies":"Snake Plant","floor":30,"turns":2}],"seed_played":"-1109193015481329085","potions_obtained":[{"floor":1,"key":"Weak Potion"},{"floor":3,"key":"FairyPotion"},{"floor":3,"key":"Energy Potion"},{"floor":3,"key":"SteroidPotion"},{"floor":5,"key":"Regen Potion"},{"floor":7,"key":"EssenceOfSteel"},{"floor":25,"key":"Ancient Potion"},{"floor":28,"key":"PowerPotion"}],"is_trial":false,"path_per_floor":["M","M","?","$","M","R","E","R","T","$","?","R","M","M","R","B",null,"M","M","?","?","$","R","T","M","T","M","M","M","M"],"character_chosen":"IRONCLAD","items_purchased":["Combust"],"campfire_rested":1,"item_purchase_floors":[4],"current_hp_per_floor":[73,73,73,73,72,72,61,61,61,61,61,61,60,52,52,42,80,65,56,37,37,37,61,61,56,56,42,9,10,0],"gold":0,"neow_bonus":"BOSS_RELIC","is_prod":false,"is_daily":false,"chose_seed":false,"campfire_upgraded":4,"win_rate":0,"timestamp":1558870564,"path_taken":["M","M","?","$","M","R","E","R","T","?","?","R","?","M","R","BOSS","M","M","?","?","$","R","?","M","T","M","M","?","M"],"build_version":"2019-01-23","purchased_purges":0,"victory":false,"max_hp_per_floor":[80,80,80,80,80,80,80,80,80,80,80,80,80,80,80,80,80,80,80,80,80,80,80,80,80,80,80,80,80,80],"card_choices":[{"not_picked":["Rage","Entrench"],"picked":"True Grit","floor":1},{"not_picked":["Thunderclap","Combust"],"picked":"Cleave","floor":2},{"not_picked":["Sentinel","Clash"],"picked":"Twin Strike","floor":5},{"not_picked":["Reckless Charge","Uppercut"],"picked":"Combust","floor":7},{"not_picked":["Wild Strike","Armaments"],"picked":"Ghostly Armor","floor":13},{"not_picked":["Headbutt","Flex","Body Slam"],"picked":"SKIP","floor":14},{"not_picked":["Demon Form","Limit Break"],"picked":"Immolate","floor":16},{"not_picked":["Rage","True Grit"],"picked":"Shrug It Off","floor":18},{"not_picked":["Ghostly Armor","Iron Wave+1","Combust"],"picked":"SKIP","floor":19},{"not_picked":["Intimidate","Seeing Red","Fire Breathing+1"],"picked":"SKIP","floor":25},{"not_picked":["Armaments","Havoc"],"picked":"Reaper","floor":27},{"not_picked":["Twin Strike+1","Armaments","Ghostly Armor"],"picked":"SKIP","floor":28},{"not_picked":["Rage+1","Hemokinesis","Iron Wave"],"picked":"SKIP","floor":29}],"player_experience":419232,"relics_obtained":[{"floor":7,"key":"Happy Flower"},{"floor":9,"key":"Whetstone"},{"floor":26,"key":"The Courier"}],"event_choices":[{"damage_healed":0,"gold_gain":0,"player_choice":"Got Potions","damage_taken":0,"max_hp_gain":0,"max_hp_loss":0,"event_name":"Lab","floor":3,"gold_loss":0},{"cards_removed":["Defend_R"],"damage_healed":0,"gold_gain":0,"player_choice":"Purged","damage_taken":0,"max_hp_gain":0,"max_hp_loss":0,"event_name":"Purifier","floor":11,"gold_loss":0},{"damage_healed":0,"gold_gain":0,"player_choice":"Fight","damage_taken":0,"max_hp_gain":0,"max_hp_loss":0,"event_name":"Colosseum","floor":20,"gold_loss":0},{"damage_healed":0,"gold_gain":0,"player_choice":"Fled From Nobs","damage_taken":0,"max_hp_gain":0,"max_hp_loss":0,"event_name":"Colosseum","floor":20,"gold_loss":0},{"damage_healed":0,"gold_gain":0,"player_choice":"Ignored","damage_taken":0,"max_hp_gain":0,"max_hp_loss":0,"event_name":"Beggar","floor":21,"gold_loss":0}],"is_beta":false,"boss_relics":[{"not_picked":["Tiny House","Snecko Eye"],"picked":"Cursed Key"}],"items_purged_floors":[],"is_endless":false,"potions_floor_spawned":[1,5,7,16,20,25,28],"killed_by":"Snake Plant","ascension_level":0}