{"gold_per_floor":[114,133,36,52,72,72,106,117,144,158,158,222,222,248,248,351,351,361,371,371,383,383,383,397,397,397,423,423,440,475,491,491,586,586,597,608,608,72,72,99,99,115,115,126,137,165,165,192,192,192,192,192,31,31],"floor_reached":54,"playtime":2833,"items_purged":["Writhe","Strike_B"],"score":1123,"play_id":"c9602bc6-3cae-4037-9561-5d9f677a11ac","local_time":"20190321200826","is_ascension_mode":true,"campfire_choices":[{"data":"Defragment","floor":6.0,"key":"SMITH"},{"data":"Reinforced Body","floor":15.0,"key":"SMITH"},{"data":"Fission","floor":23.0,"key":"SMITH"},{"data":"Chill","floor":25.0,"key":"SMITH"},{"data":"Zap","floor":28.0,"key":"SMITH"},{"data":"Defragment","floor":32.0,"key":"SMITH"},{"data":"Machine Learning","floor":41.0,"key":"SMITH"},{"floor":47.0,"key":"RECALL"},{"data":"Coolheaded","floor":49.0,"key":"SMITH"},{"data":"Barrage","floor":52.0,"key":"SMITH"}],"neow_cost":"TEN_PERCENT_HP_LOSS","seed_source_timestamp":64943153319711,"circlet_count":0,"master_deck":["Defend_B","Defend_B","Defend_B","Zap+1","Dualcast","Chill+1","Electrodynamics","Cold Snap+1","Coolheaded+1","Defragment+1","Ball Lightning","Capacitor","Cold Snap","Barrage+1","Capacitor","Reinforced Body+1","Barrage+1","Conserve Battery","Fission+1","Coolheaded+1","Genetic Algorithm","Defragment+1","Machine Learning+1","Master of Strategy","Self Repair","Tempest+1","Blizzard+1","White Noise"],"special_seed":0,"relics":["Cracked Core","Strawberry","Smiling Mask","Tiny Chest","Lantern","Coffee Dripper","Letter Opener","Nilry\u0027s Codex","Bottled Tornado","StoneCalendar","Whetstone","Eternal Feather","Pantograph","Nunchaku","Ginger","Art of War"],"potions_floor_usage":[],"damage_taken":[{"damage":5.0,"enemies":"Jaw Worm","floor":1.0,"turns":3.0},{"damage":1.0,"enemies":"Small Slimes","floor":2.0,"turns":3.0},{"damage":0.0,"enemies":"Cultist","floor":4.0,"turns":3.0},{"damage":7.0,"enemies":"Looter","floor":5.0,"turns":3.0},{"damage":5.0,"enemies":"3 Sentries","floor":7.0,"turns":4.0},{"damage":11.0,"enemies":"Exordium Thugs","floor":8.0,"turns":2.0},{"damage":10.0,"enemies":"Blue Slaver","floor":10.0,"turns":3.0},{"damage":0.0,"enemies":"Lagavulin","floor":12.0,"turns":6.0},{"damage":3.0,"enemies":"3 Sentries","floor":14.0,"turns":5.0},{"damage":0.0,"enemies":"The Guardian","floor":16.0,"turns":7.0},{"damage":0.0,"enemies":"Spheric Guardian","floor":18.0,"turns":4.0},{"damage":0.0,"enemies":"Chosen","floor":19.0,"turns":3.0},{"damage":9.0,"enemies":"Centurion and Healer","floor":21.0,"turns":5.0},{"damage":0.0,"enemies":"Sentry and Sphere","floor":24.0,"turns":3.0},{"damage":0.0,"enemies":"Slavers","floor":27.0,"turns":3.0},{"damage":4.0,"enemies":"Snake Plant","floor":29.0,"turns":5.0},{"damage":17.0,"enemies":"Gremlin Leader","floor":30.0,"turns":5.0},{"damage":0.0,"enemies":"Chosen and Byrds","floor":31.0,"turns":3.0},{"damage":12.0,"enemies":"Champ","floor":33.0,"turns":9.0},{"damage":0.0,"enemies":"Orb Walker","floor":35.0,"turns":3.0},{"damage":3.0,"enemies":"3 Darklings","floor":36.0,"turns":5.0},{"damage":23.0,"enemies":"Nemesis","floor":40.0,"turns":7.0},{"damage":0.0,"enemies":"4 Shapes","floor":42.0,"turns":3.0},{"damage":0.0,"enemies":"Sphere and 2 Shapes","floor":44.0,"turns":3.0},{"damage":13.0,"enemies":"Maw","floor":45.0,"turns":5.0},{"damage":9.0,"enemies":"Giant Head","floor":46.0,"turns":8.0},{"damage":23.0,"enemies":"Reptomancer","floor":48.0,"turns":5.0},{"damage":33.0,"enemies":"Donu and Deca","floor":50.0,"turns":6.0},{"damage":78,"enemies":"Shield and Spear","floor":54,"turns":5}],"seed_played":"8538632708757772269","potions_obtained":[{"floor":1.0,"key":"FocusPotion"},{"floor":2.0,"key":"Explosive Potion"},{"floor":5.0,"key":"FocusPotion"},{"floor":16.0,"key":"SkillPotion"},{"floor":21.0,"key":"Block Potion"},{"floor":24.0,"key":"Weak Potion"},{"floor":27.0,"key":"Dexterity Potion"},{"floor":31.0,"key":"Weak Potion"},{"floor":35.0,"key":"SteroidPotion"},{"floor":42.0,"key":"SpeedPotion"},{"floor":46.0,"key":"FearPotion"},{"floor":48.0,"key":"LiquidBronze"}],"is_trial":false,"path_per_floor":["M","M","$","M","M","R","E","M","T","M","?","E","?","E","R","B",null,"M","M","T","M","?","R","M","R","T","E","R","M","E","M","R","B",null,"M","M","?","$","?","E","R","M","T","M","M","E","R","E","R","B",null,"R","$","E"],"character_chosen":"DEFECT","items_purchased":["Defragment","Ball Lightning","Master of Strategy","Self Repair","Pantograph","White Noise","LiquidBronze"],"campfire_rested":0,"item_purchase_floors":[3,3,38,38,38,53,53],"current_hp_per_floor":[63,62,62,62,55,55,57,46,46,36,36,36,36,33,33,33,65,65,65,65,56,40,40,40,40,40,40,40,36,19,19,19,7,58,58,55,74,74,74,58,73,75,75,75,69,67,75,59,74,42,67,75,75,0],"gold":31,"neow_bonus":"TRANSFORM_TWO_CARDS","is_prod":false,"is_daily":false,"chose_seed":false,"campfire_upgraded":9,"win_rate":0,"timestamp":1553195306,"path_taken":["M","M","$","M","M","R","E","M","T","M","?","E","?","E","R","BOSS","M","M","?","M","?","R","M","R","T","E","R","M","E","?","R","BOSS","M","M","?","$","?","E","R","?","T","M","M","E","R","E","R","BOSS","R","$","E"],"build_version":"2019-01-23","purchased_purges":2,"victory":false,"max_hp_per_floor":[68,68,68,68,68,68,75,75,75,75,75,75,75,75,75,75,75,75,75,75,75,75,75,75,75,75,75,75,75,75,75,75,75,75,75,75,75,75,75,75,75,75,75,75,75,75,75,75,75,75,75,75,75,75],"card_choices":[{"not_picked":["Lockon","Barrage"],"picked":"Cold Snap","floor":1.0},{"not_picked":["Rebound","Go for the Eyes"],"picked":"Coolheaded","floor":2.0},{"not_picked":["Steam","Redo"],"picked":"Capacitor","floor":4.0},{"not_picked":["Recycle","BootSequence"],"picked":"Cold Snap","floor":5.0},{"not_picked":["Echo Form","Reinforced Body"],"picked":"Barrage","floor":7.0},{"not_picked":["Turbo","Darkness"],"picked":"Capacitor","floor":8.0},{"not_picked":["Scrape","Compile Driver"],"picked":"Reinforced Body","floor":10.0},{"not_picked":["Sweeping Beam","Force Field"],"picked":"Barrage","floor":12.0},{"not_picked":["Ball Lightning","Aggregate"],"picked":"Conserve Battery","floor":14.0},{"not_picked":["Multi-Cast","Biased Cognition"],"picked":"Fission","floor":16.0},{"not_picked":["Turbo","Steam","Streamline+1"],"picked":"SKIP","floor":18.0},{"not_picked":["Go for the Eyes","Cold Snap"],"picked":"Coolheaded+1","floor":19.0},{"not_picked":["Recycle","Undo+1"],"picked":"Genetic Algorithm","floor":21.0},{"not_picked":["Coolheaded+1","Beam Cell+1","Turbo"],"picked":"SKIP","floor":24.0},{"not_picked":["Go for the Eyes+1","Genetic Algorithm","Sunder"],"picked":"SKIP","floor":27.0},{"not_picked":["Lockon","Static Discharge","Rip and Tear"],"picked":"SKIP","floor":29.0},{"not_picked":["FTL","Chill+1","Heatsinks+1"],"picked":"SKIP","floor":30.0},{"not_picked":["Capacitor+1","Undo"],"picked":"Defragment","floor":31.0},{"not_picked":["Core Surge","Reboot"],"picked":"Machine Learning","floor":33.0},{"not_picked":["Hologram","Fusion","Stack+1"],"picked":"SKIP","floor":35.0},{"not_picked":["Gash","Tempest","Hologram+1"],"picked":"SKIP","floor":36.0},{"not_picked":["Rebound","Multi-Cast","Darkness"],"picked":"SKIP","floor":40.0},{"not_picked":["Stack","Redo+1","Leap"],"picked":"SKIP","floor":42.0},{"not_picked":["Hello World","Rebound+1"],"picked":"Tempest+1","floor":44.0},{"not_picked":["Beam Cell","Go for the Eyes","Rebound"],"picked":"SKIP","floor":45.0},{"not_picked":["Biased Cognition","Hologram+1","Streamline"],"picked":"SKIP","floor":46.0},{"not_picked":["Go for the Eyes+1","Redo+1"],"picked":"Blizzard+1","floor":48.0}],"player_experience":118931,"relics_obtained":[{"floor":7.0,"key":"Strawberry"},{"floor":9.0,"key":"Smiling Mask"},{"floor":12.0,"key":"Tiny Chest"},{"floor":14.0,"key":"Lantern"},{"floor":20.0,"key":"Letter Opener"},{"floor":22.0,"key":"Nilry\u0027s Codex"},{"floor":26.0,"key":"Bottled Tornado"},{"floor":27.0,"key":"StoneCalendar"},{"floor":30.0,"key":"Whetstone"},{"floor":40.0,"key":"Nunchaku"},{"floor":46.0,"key":"Ginger"},{"floor":48.0,"key":"Art of War"}],"event_choices":[{"damage_healed":0.0,"max_hp_gain":0.0,"max_hp_loss":0.0,"gold_gain":0.0,"event_name":"Liars Game","player_choice":"Ignored","floor":11.0,"gold_loss":0.0,"damage_taken":0.0},{"cards_removed":["Strike_B"],"damage_healed":0.0,"max_hp_gain":0.0,"max_hp_loss":0.0,"gold_gain":0.0,"event_name":"Wheel of Change","player_choice":"Card Removal","floor":13.0,"gold_loss":0.0,"damage_taken":0.0},{"damage_healed":0.0,"max_hp_gain":0.0,"max_hp_loss":0.0,"gold_gain":0.0,"event_name":"Cursed Tome","player_choice":"Obtained Book","floor":22.0,"gold_loss":0.0,"damage_taken":16.0},{"damage_healed":19.0,"max_hp_gain":0.0,"max_hp_loss":0.0,"gold_gain":0.0,"event_name":"Winding Halls","player_choice":"Writhe","floor":37.0,"gold_loss":0.0,"damage_taken":0.0,"cards_obtained":["Writhe"]},{"cards_removed":["Strike_B"],"damage_healed":0.0,"max_hp_gain":0.0,"max_hp_loss":0.0,"gold_gain":0.0,"event_name":"Falling","player_choice":"Removed Attack","floor":39.0,"gold_loss":0.0,"damage_taken":0.0}],"is_beta":false,"boss_relics":[{"not_picked":["Tiny House","Black Star"],"picked":"Coffee Dripper"},{"not_picked":["Fusion Hammer","Philosopher\u0027s Stone"],"picked":"Eternal Feather"}],"items_purged_floors":[38,53],"is_endless":false,"potions_floor_spawned":[1,2,5,16,21,24,27,31,35,42,46,48],"killed_by":"Shield and Spear","ascension_level":6}