{"gold_per_floor":[116,132,151,161,161,161,181,181,181,181,106,125,139,139,139,237,237,254,76,95,95,95,95,108,108,108,108,122,140,15,28,28,127,127,138,138,154,170,183,212,224,224,224,224,24,38,38,38,38,38],"floor_reached":51,"playtime":2610,"items_purged":["Strike_R","Strike_R","Strike_R","Strike_R"],"score":773,"play_id":"e92ed8b0-a9c1-499c-aeb4-54503173453d","local_time":"20190613170425","is_ascension_mode":false,"campfire_choices":[{"data":"Bash","floor":6.0,"key":"SMITH"},{"data":"Rage","floor":8.0,"key":"SMITH"},{"data":"Shrug It Off","floor":10.0,"key":"SMITH"},{"data":"Uppercut","floor":15.0,"key":"SMITH"},{"data":"Juggernaut","floor":23.0,"key":"SMITH"},{"data":"Metallicize","floor":27.0,"key":"SMITH"},{"data":"Shrug It Off","floor":32,"key":"SMITH"},{"data":"Ghostly","floor":42,"key":"SMITH"},{"data":"Ghostly","floor":44,"key":"SMITH"},{"data":"Ghostly","floor":49,"key":"SMITH"}],"neow_cost":"NONE","seed_source_timestamp":26361399388625,"circlet_count":0,"master_deck":["Strike_R","Defend_R","Defend_R","Defend_R","Defend_R","Bash+1","Iron Wave","Twin Strike","Shrug It Off+1","Barricade+1","Rage+1","Iron Wave","Uppercut+1","Juggernaut+1","Metallicize+1","Ghostly+1","Ghostly+1","Ghostly+1","Ghostly","Ghostly","Shrug It Off+1","Impervious+1","Body Slam+1"],"special_seed":0,"relics":["Lizard Tail"],"potions_floor_usage":[31,40,41,46,50,50],"damage_taken":[{"damage":1.0,"enemies":"Cultist","floor":1.0,"turns":3.0},{"damage":0.0,"enemies":"Jaw Worm","floor":2.0,"turns":6.0},{"damage":1.0,"enemies":"2 Louse","floor":3.0,"turns":2.0},{"damage":5.0,"enemies":"Looter","floor":4.0,"turns":4.0},{"damage":1.0,"enemies":"2 Fungi Beasts","floor":7.0,"turns":4.0},{"damage":11.0,"enemies":"Lots of Slimes","floor":12.0,"turns":7.0},{"damage":0.0,"enemies":"Large Slime","floor":13.0,"turns":5.0},{"damage":10.0,"enemies":"The Guardian","floor":16.0,"turns":12.0},{"damage":0.0,"enemies":"3 Byrds","floor":18.0,"turns":11.0},{"damage":2.0,"enemies":"Shell Parasite","floor":20.0,"turns":6.0},{"damage":2.0,"enemies":"Snake Plant","floor":24.0,"turns":5.0},{"damage":3.0,"enemies":"Centurion and Healer","floor":28.0,"turns":10.0},{"damage":2.0,"enemies":"Chosen and Byrds","floor":29.0,"turns":9.0},{"damage":0,"enemies":"Snecko","floor":31,"turns":6},{"damage":0,"enemies":"Champ","floor":33,"turns":15},{"damage":0,"enemies":"3 Darklings","floor":35,"turns":11},{"damage":1,"enemies":"Orb Walker","floor":37,"turns":7},{"damage":0,"enemies":"Sphere and 2 Shapes","floor":38,"turns":16},{"damage":0,"enemies":"4 Shapes","floor":39,"turns":12},{"damage":4,"enemies":"Reptomancer","floor":40,"turns":8},{"damage":0,"enemies":"Maw","floor":41,"turns":9},{"damage":1,"enemies":"Jaw Worm Horde","floor":46,"turns":7},{"damage":1,"enemies":"Awakened One","floor":50,"turns":17}],"seed_played":"3994189408877493646","potions_obtained":[{"floor":1.0,"key":"Strength Potion"},{"floor":4.0,"key":"PowerPotion"},{"floor":12.0,"key":"Block Potion"},{"floor":16.0,"key":"Regen Potion"},{"floor":24.0,"key":"SkillPotion"},{"floor":29.0,"key":"FearPotion"},{"floor":31,"key":"SteroidPotion"},{"floor":33,"key":"PowerPotion"},{"floor":39,"key":"Dexterity Potion"},{"floor":40,"key":"BloodPotion"},{"floor":46,"key":"BloodPotion"}],"is_trial":false,"path_per_floor":["M","M","M","M","?","R","M","R","T","R","$","M","M","?","R","B",null,"M","$","M","?","?","R","M","$","T","R","M","M","$","M","R","B",null,"M","?","M","M","M","E","M","R","T","R","$","M","?","$","R","B",null],"character_chosen":"IRONCLAD","items_purchased":["Metallicize","Swift Potion"],"campfire_rested":0,"item_purchase_floors":[19,45],"current_hp_per_floor":[79,79,78,73,73,73,72,72,72,72,72,61,61,61,61,51,80,80,80,78,78,40,40,38,38,38,38,35,33,33,40,40,40,40,40,40,39,39,39,35,39,39,39,39,39,38,38,38,38,37],"gold":38,"neow_bonus":"BOSS_RELIC","is_prod":false,"is_daily":false,"chose_seed":false,"campfire_upgraded":10,"win_rate":0,"timestamp":1560438265,"path_taken":["M","?","M","M","?","R","M","R","T","R","?","?","?","?","R","BOSS","M","$","M","?","?","R","M","$","T","R","M","M","$","M","R","BOSS","M","?","M","M","?","E","M","R","T","R","$","?","?","?","R","BOSS"],"build_version":"2019-01-23","purchased_purges":4,"victory":true,"max_hp_per_floor":[80,80,80,80,80,80,80,80,80,80,80,80,80,80,80,80,80,80,80,80,80,40,40,40,40,40,40,40,40,40,40,40,40,40,40,40,40,40,40,40,40,40,40,40,40,40,40,40,40,40],"card_choices":[{"not_picked":["Hemokinesis","Shrug It Off"],"picked":"Iron Wave","floor":1.0},{"not_picked":["True Grit","Anger"],"picked":"Twin Strike","floor":2.0},{"not_picked":["Armaments","Rupture"],"picked":"Shrug It Off","floor":3.0},{"not_picked":["Warcry","Havoc"],"picked":"Barricade","floor":4.0},{"not_picked":["Shrug It Off","Pommel Strike"],"picked":"Rage","floor":7.0},{"not_picked":["Fire Breathing","Burning Pact"],"picked":"Iron Wave","floor":12.0},{"not_picked":["Twin Strike","Rupture"],"picked":"Uppercut","floor":13.0},{"not_picked":["Bludgeon","Exhume"],"picked":"Juggernaut","floor":16.0},{"not_picked":["Power Through","Sword Boomerang","Searing Blow"],"picked":"SKIP","floor":18.0},{"not_picked":["Clothesline+1","Warcry","Armaments+1"],"picked":"SKIP","floor":20.0},{"not_picked":["Havoc","Feel No Pain","Thunderclap+1"],"picked":"SKIP","floor":24.0},{"not_picked":["Perfected Strike","Sword Boomerang","Wild Strike"],"picked":"SKIP","floor":28.0},{"not_picked":["Thunderclap","Inflame"],"picked":"Shrug It Off","floor":29.0},{"not_picked":["Bloodletting+1","Searing Blow","Perfected Strike+1"],"picked":"SKIP","floor":31},{"not_picked":["Barricade","Dark Embrace"],"picked":"Impervious","floor":33},{"not_picked":["Heavy Blade+1","Anger","Thunderclap"],"picked":"SKIP","floor":35},{"not_picked":["Sword Boomerang","Brutality","Clash+1"],"picked":"SKIP","floor":37},{"not_picked":["Cleave+1","Clash+1"],"picked":"Body Slam+1","floor":38},{"not_picked":["Infernal Blade","Havoc+1","True Grit+1"],"picked":"SKIP","floor":39},{"not_picked":["Pummel+1","Evolve","Dual Wield"],"picked":"SKIP","floor":40},{"not_picked":["Ghostly Armor+1","Carnage","Heavy Blade"],"picked":"SKIP","floor":41},{"not_picked":["Wild Strike","Warcry","Pommel Strike+1"],"picked":"SKIP","floor":46}],"player_experience":562917,"relics_obtained":[],"event_choices":[{"damage_healed":0.0,"max_hp_gain":0.0,"max_hp_loss":0.0,"gold_gain":0.0,"event_name":"Accursed Blacksmith","player_choice":"Forge","floor":5.0,"gold_loss":0.0,"damage_taken":0.0,"cards_upgraded":["Barricade"]},{"damage_healed":0.0,"max_hp_gain":0.0,"max_hp_loss":0.0,"gold_gain":0.0,"event_name":"Scrap Ooze","player_choice":"Fled","floor":14.0,"gold_loss":0.0,"damage_taken":0.0},{"damage_healed":0.0,"max_hp_gain":0.0,"max_hp_loss":40.0,"gold_gain":0.0,"event_name":"Ghosts","player_choice":"Became a Ghost","floor":22.0,"gold_loss":0.0,"damage_taken":0.0,"cards_obtained":["Ghostly","Ghostly","Ghostly","Ghostly","Ghostly"]},{"damage_healed":0,"gold_gain":0,"player_choice":"Ignored","damage_taken":0,"max_hp_gain":0,"max_hp_loss":0,"event_name":"NoteForYourself","floor":36,"gold_loss":0},{"damage_healed":0,"gold_gain":0,"player_choice":"Upgraded","damage_taken":0,"max_hp_gain":0,"max_hp_loss":0,"event_name":"Upgrade Shrine","floor":47,"gold_loss":0,"cards_upgraded":["Impervious"]}],"is_beta":false,"boss_relics":[{"not_picked":["Cursed Key","Runic Dome","Black Star"]},{"not_picked":["Calling Bell","Fusion Hammer","Coffee Dripper"]}],"items_purged_floors":[11,19,30,45],"is_endless":false,"potions_floor_spawned":[1,4,12,16,24,29,31,33,39,40,46],"ascension_level":0}