{"gold_per_floor":[112,37,56,71,91,91,104,104,104,136,156,156,156,191,191,262,262,279,279,179,179,95,95,114,114],"floor_reached":25,"playtime":889,"items_purged":["Strike_B","Strike_B"],"score":411,"play_id":"1bf08709-c4f8-4f09-bfeb-b65f9eacd27a","local_time":"20190620034636","is_ascension_mode":true,"campfire_choices":[{"data":"Zap","floor":6.0,"key":"SMITH"},{"floor":8.0,"key":"REST"},{"data":"Barrage","floor":12.0,"key":"SMITH"},{"floor":15.0,"key":"REST"},{"data":"Coolheaded","floor":23.0,"key":"SMITH"}],"neow_cost":"NONE","seed_source_timestamp":474796998889808,"circlet_count":0,"master_deck":["AscendersBane","Strike_B","Strike_B","Defend_B","Defend_B","Defend_B","Defend_B","Zap+1","Dualcast","Sweeping Beam","Barrage+1","Coolheaded+1","Cold Snap","Electrodynamics","Coolheaded+1","Ball Lightning","Conserve Battery+1","Core Surge","Glacier+1","Consume+1"],"special_seed":0,"relics":["Cracked Core","Anchor","Toxic Egg 2","Art of War","Blue Candle","Orichalcum","Sozu"],"potions_floor_usage":[],"damage_taken":[{"damage":1.0,"enemies":"Cultist","floor":1.0,"turns":3.0},{"damage":0.0,"enemies":"2 Louse","floor":3.0,"turns":2.0},{"damage":0.0,"enemies":"Jaw Worm","floor":4.0,"turns":3.0},{"damage":25.0,"enemies":"Exordium Wildlife","floor":5.0,"turns":4.0},{"damage":15.0,"enemies":"Exordium Thugs","floor":7.0,"turns":6.0},{"damage":13.0,"enemies":"3 Sentries","floor":10.0,"turns":3.0},{"damage":0.0,"enemies":"Blue Slaver","floor":11.0,"turns":3.0},{"damage":6.0,"enemies":"Gremlin Nob","floor":14.0,"turns":3.0},{"damage":15.0,"enemies":"Slime Boss","floor":16.0,"turns":9.0},{"damage":7.0,"enemies":"3 Byrds","floor":18.0,"turns":3.0},{"damage":8.0,"enemies":"2 Thieves","floor":24.0,"turns":3.0},{"damage":30,"enemies":"Gremlin Leader","floor":25,"turns":6}],"seed_played":"-9002229582356777544","potions_obtained":[{"floor":1.0,"key":"Poison Potion"},{"floor":4.0,"key":"PowerPotion"},{"floor":10.0,"key":"Explosive Potion"}],"is_trial":false,"path_per_floor":["M","$","M","M","M","R","M","R","T","E","M","R","?","E","R","B",null,"M","?","$","?","$","R","M","E"],"character_chosen":"DEFECT","items_purchased":["Glacier+1"],"campfire_rested":2,"item_purchase_floors":[22],"current_hp_per_floor":[63,63,63,63,38,38,23,44,44,31,31,31,31,25,46,31,61,54,54,54,34,34,34,26,0],"gold":114,"neow_bonus":"RANDOM_COMMON_RELIC","is_prod":false,"is_daily":false,"chose_seed":false,"campfire_upgraded":3,"win_rate":0,"timestamp":1560995196,"path_taken":["M","?","M","M","M","R","M","R","T","E","M","R","?","E","R","BOSS","M","?","$","?","$","R","M","E"],"build_version":"2019-01-23","purchased_purges":2,"victory":false,"max_hp_per_floor":[71,71,71,71,71,71,71,71,71,71,71,71,71,71,71,71,71,71,71,71,76,76,76,76,76],"card_choices":[{"not_picked":["Rebound","Rip and Tear"],"picked":"Sweeping Beam","floor":1.0},{"not_picked":["Go for the Eyes","Tempest"],"picked":"Barrage","floor":3.0},{"not_picked":["Barrage","Redo"],"picked":"Coolheaded","floor":4.0},{"not_picked":["Recycle","Conserve Battery"],"picked":"Cold Snap","floor":5.0},{"not_picked":["Double Energy","Static Discharge"],"picked":"Electrodynamics","floor":7.0},{"not_picked":["Stack+1","Darkness+1"],"picked":"Coolheaded+1","floor":10.0},{"not_picked":["BootSequence+1","Redo+1"],"picked":"Ball Lightning","floor":11.0},{"not_picked":["Beam Cell","Stack+1"],"picked":"Conserve Battery+1","floor":14.0},{"not_picked":["Hyperbeam","All For One"],"picked":"Core Surge","floor":16.0},{"not_picked":["Blizzard","Beam Cell","Fusion+1"],"picked":"SKIP","floor":18.0},{"not_picked":["Blizzard","Doom and Gloom"],"picked":"Consume+1","floor":24.0}],"player_experience":613737,"relics_obtained":[{"floor":9.0,"key":"Toxic Egg 2"},{"floor":10.0,"key":"Art of War"},{"floor":14.0,"key":"Orichalcum"}],"event_choices":[{"damage_healed":0.0,"max_hp_gain":0.0,"max_hp_loss":0.0,"gold_gain":0.0,"event_name":"WeMeetAgain","player_choice":"Gave Potion","floor":13.0,"gold_loss":0.0,"damage_taken":0.0,"relics_obtained":["Blue Candle"]},{"damage_healed":0.0,"max_hp_gain":5.0,"max_hp_loss":0.0,"gold_gain":0.0,"event_name":"Forgotten Altar","player_choice":"Shed Blood","floor":21.0,"gold_loss":0.0,"damage_taken":25.0}],"is_beta":false,"boss_relics":[{"not_picked":["Ectoplasm","Tiny House"],"picked":"Sozu"}],"items_purged_floors":[2,20],"is_endless":false,"potions_floor_spawned":[1,4,10],"killed_by":"Gremlin Leader","ascension_level":19}