{"gold_per_floor":[119,119,44,61,61,61,74,74,74,89,99,199,217,251,251,347,347,361,14,14,14,26,56,56,67,67,67,67,67,77,2,2,98,98,115,215,215,227,245,245,265,282,282,300,300,326,337,351,351,351],"floor_reached":50,"playtime":4371,"items_purged":[],"score":541,"play_id":"a74e2f3b-97f5-4fb0-87e0-1ae9974340f9","local_time":"20190625114359","is_ascension_mode":false,"campfire_choices":[{"data":"Mind Blast","floor":6,"key":"SMITH"},{"data":"Storm of Steel","floor":8,"key":"SMITH"},{"floor":15,"key":"REST"},{"floor":24,"key":"REST"},{"data":"Accuracy","floor":27,"key":"SMITH"},{"floor":32,"key":"REST"},{"floor":40,"key":"REST"},{"floor":45,"key":"REST"},{"floor":49,"key":"REST"}],"neow_cost":"NONE","seed_source_timestamp":1441192268259380,"circlet_count":0,"master_deck":["Defend_G+1","Defend_G+1","Defend_G+1","Defend_G+1","Defend_G+1","Strike_G+1","Strike_G+1","Survivor","Neutralize","Storm of Steel+1","Dagger Spray","Mind Blast+1","Poisoned Stab","Blade Dance+1","Flying Knee","Noxious Fumes","Bane","Accuracy+1","Cloak And Dagger+1","Sucker Punch","Dash","Corpse Explosion","Heel Hook","Unload","Dodge and Roll","Phantasmal Killer","Die Die Die","Cloak And Dagger+1","Blade Dance+1","Outmaneuver+1","Wraith Form v2+1","Poisoned Stab+1","Deadly Poison+1","Writhe","Slice+1","Accuracy+1","Poisoned Stab","PiercingWail","Bane+1","Outmaneuver+1","Cloak And Dagger+1"],"relics":["Ring of the Snake","Regal Pillow","War Paint","Sozu","Happy Flower","Blood Vial","Frozen Egg 2","Runic Pyramid","Torii","Pear","Lantern"],"potions_floor_usage":[16,16],"damage_taken":[{"damage":8,"enemies":"2 Louse","floor":1,"turns":3},{"damage":0,"enemies":"Cultist","floor":4,"turns":3},{"damage":0,"enemies":"Small Slimes","floor":7,"turns":2},{"damage":8,"enemies":"Red Slaver","floor":10,"turns":2},{"damage":12,"enemies":"Exordium Thugs","floor":11,"turns":4},{"damage":10,"enemies":"2 Fungi Beasts","floor":13,"turns":3},{"damage":13,"enemies":"Gremlin Nob","floor":14,"turns":4},{"damage":24,"enemies":"Hexaghost","floor":16,"turns":8},{"damage":0,"enemies":"Chosen","floor":18,"turns":4},{"damage":0,"enemies":"3 Byrds","floor":22,"turns":2},{"damage":25,"enemies":"Book of Stabbing","floor":23,"turns":6},{"damage":2,"enemies":"Snecko","floor":25,"turns":4},{"damage":12,"enemies":"Centurion and Healer","floor":30,"turns":5},{"damage":61,"enemies":"Automaton","floor":33,"turns":9},{"damage":2,"enemies":"3 Darklings","floor":35,"turns":4},{"damage":30,"enemies":"Mind Bloom Boss Battle","floor":36,"turns":5},{"damage":16,"enemies":"3 Shapes","floor":38,"turns":4},{"damage":66,"enemies":"Spire Growth","floor":39,"turns":5},{"damage":10,"enemies":"Transient","floor":41,"turns":5},{"damage":23,"enemies":"3 Darklings","floor":42,"turns":4},{"damage":8,"enemies":"Spire Growth","floor":44,"turns":5},{"damage":17,"enemies":"Maw","floor":47,"turns":6},{"damage":14,"enemies":"Jaw Worm Horde","floor":48,"turns":4},{"damage":82,"enemies":"Time Eater","floor":50,"turns":10}],"seed_played":"-6466412863124714153","potions_obtained":[{"floor":7,"key":"Swift Potion"},{"floor":11,"key":"FairyPotion"},{"floor":13,"key":"Energy Potion"},{"floor":14,"key":"LiquidBronze"}],"is_trial":false,"path_per_floor":["M","?","$","M","?","R","M","R","T","M","M","?","M","E","R","B",null,"M","$","?","$","M","E","R","M","T","R","?","?","M","?","R","B",null,"M","?","?","M","M","R","M","M","T","M","R","T","M","M","R","B"],"character_chosen":"THE_SILENT","items_purchased":["Blade Dance","Flying Knee","Unload","Happy Flower","Dodge and Roll"],"campfire_rested":6,"item_purchase_floors":[3,3,19,19,19],"current_hp_per_floor":[62,62,62,62,62,62,62,62,62,54,42,42,32,19,55,31,70,70,70,70,70,70,45,70,68,68,68,68,80,68,68,80,19,80,78,50,70,56,8,47,39,18,28,22,64,64,49,37,79,0],"gold":351,"neow_bonus":"ONE_RANDOM_RARE_CARD","is_prod":false,"is_daily":false,"chose_seed":false,"campfire_upgraded":3,"win_rate":0,"timestamp":1561477439,"path_taken":["M","?","?","M","?","R","M","R","T","M","?","?","M","E","R","BOSS","M","$","?","?","M","E","R","M","T","R","?","?","?","?","R","BOSS","M","?","?","?","M","R","M","M","T","M","R","?","M","M","R","BOSS"],"build_version":"2019-01-23","purchased_purges":0,"victory":false,"max_hp_per_floor":[70,70,70,70,70,70,70,70,70,70,70,70,70,70,70,70,70,70,70,70,70,70,70,70,70,70,70,70,80,80,80,80,80,80,80,80,80,80,80,80,80,80,90,90,90,90,90,90,90,90],"card_choices":[{"not_picked":["Acrobatics","Caltrops"],"picked":"Dagger Spray","floor":1},{"not_picked":["Sucker Punch","Dagger Spray"],"picked":"Noxious Fumes","floor":4},{"not_picked":["Deadly Poison","Dagger Throw"],"picked":"Bane","floor":7},{"not_picked":["Setup","Backstab"],"picked":"Accuracy","floor":10},{"not_picked":["Backflip","Quick Slash"],"picked":"Cloak And Dagger","floor":11},{"not_picked":["Acrobatics","Cloak And Dagger"],"picked":"Sucker Punch","floor":13},{"not_picked":["Poisoned Stab","Envenom"],"picked":"Dash","floor":14},{"not_picked":["Burst","Tools of the Trade"],"picked":"Corpse Explosion","floor":16},{"not_picked":["Dagger Throw","Cloak And Dagger"],"picked":"Heel Hook","floor":18},{"not_picked":["Backflip","Slice+1"],"picked":"Cloak And Dagger+1","floor":22},{"not_picked":["Riddle With Holes","Setup"],"picked":"Doppelganger","floor":23},{"not_picked":["Poisoned Stab","Flying Knee+1"],"picked":"Blade Dance+1","floor":25},{"not_picked":["Slice+1","Cloak And Dagger"],"picked":"Outmaneuver+1","floor":30},{"not_picked":["Doppelganger","Malaise"],"picked":"Wraith Form v2+1","floor":33},{"not_picked":["Outmaneuver","Riddle With Holes"],"picked":"Poisoned Stab+1","floor":35},{"not_picked":["Underhanded Strike","Prepared"],"picked":"Deadly Poison+1","floor":36},{"not_picked":["Distraction","Blade Dance"],"picked":"Slice+1","floor":38},{"not_picked":["Bullet Time","Dagger Spray+1"],"picked":"Accuracy+1","floor":39},{"not_picked":["Dagger Throw","Calculated Gamble"],"picked":"Poisoned Stab","floor":41},{"not_picked":["Prepared+1","Acrobatics+1"],"picked":"PiercingWail","floor":42},{"not_picked":["PiercingWail","Flying Knee+1"],"picked":"Bane+1","floor":44},{"not_picked":["Backflip+1","Well Laid Plans+1"],"picked":"Outmaneuver+1","floor":47},{"not_picked":["Doppelganger","Poisoned Stab+1"],"picked":"Cloak And Dagger+1","floor":48}],"player_experience":1216328,"relics_obtained":[{"floor":9,"key":"Regal Pillow"},{"floor":14,"key":"War Paint"},{"floor":23,"key":"Blood Vial"},{"floor":26,"key":"Frozen Egg 2"},{"floor":36,"key":"Torii"},{"floor":43,"key":"Pear"},{"floor":46,"key":"Lantern"}],"event_choices":[{"damage_healed":0,"gold_gain":0,"player_choice":"2 cards matched","damage_taken":0,"max_hp_gain":0,"max_hp_loss":0,"event_name":"Match and Keep!","floor":2,"gold_loss":0,"cards_obtained":["Mind Blast","Poisoned Stab"]},{"damage_healed":0,"gold_gain":0,"player_choice":"Upgraded","damage_taken":0,"max_hp_gain":0,"max_hp_loss":0,"event_name":"Upgrade Shrine","floor":5,"gold_loss":0,"cards_upgraded":["Blade Dance"]},{"damage_healed":0,"gold_gain":100,"player_choice":"Pray","damage_taken":0,"max_hp_gain":0,"max_hp_loss":0,"event_name":"Golden Shrine","floor":12,"gold_loss":0},{"damage_healed":0,"gold_gain":0,"cards_transformed":["Strike_G","Strike_G"],"player_choice":"Became Test Subject","damage_taken":0,"max_hp_gain":0,"max_hp_loss":0,"event_name":"Drug Dealer","floor":20,"gold_loss":0,"cards_obtained":["Phantasmal Killer","Die Die Die"]},{"damage_healed":0,"gold_gain":0,"player_choice":"Simplicity","damage_taken":0,"max_hp_gain":0,"max_hp_loss":0,"event_name":"Back to Basics","floor":28,"gold_loss":0,"cards_upgraded":["Defend_G","Defend_G","Defend_G","Defend_G","Strike_G","Strike_G","Strike_G"]},{"cards_removed":["Doppelganger"],"damage_healed":2,"gold_gain":0,"player_choice":"Offered Rare","damage_taken":0,"max_hp_gain":10,"max_hp_loss":0,"event_name":"Bonfire Elementals","floor":29,"gold_loss":0},{"cards_removed":["Strike_G"],"damage_healed":0,"gold_gain":0,"player_choice":"Gave Gold","damage_taken":0,"max_hp_gain":0,"max_hp_loss":0,"event_name":"Beggar","floor":31,"gold_loss":75},{"damage_healed":0,"gold_gain":0,"player_choice":"Fight","damage_taken":0,"max_hp_gain":0,"max_hp_loss":0,"event_name":"MindBloom","floor":36,"gold_loss":0},{"damage_healed":20,"gold_gain":0,"player_choice":"Writhe","damage_taken":0,"max_hp_gain":0,"max_hp_loss":0,"event_name":"Winding Halls","floor":37,"gold_loss":0,"cards_obtained":["Writhe"]}],"is_beta":false,"boss_relics":[{"not_picked":["HoveringKite","Runic Dome"],"picked":"Sozu"},{"not_picked":["Pandora\u0027s Box","Empty Cage"],"picked":"Runic Pyramid"}],"items_purged_floors":[],"is_endless":false,"potions_floor_spawned":[7,11,13,14,25,30,33,36,39,42,44,48],"killed_by":"Time Eater","ascension_level":0}