{"gold_per_floor":[114,19,19,32,32,32,47,47,97,123,143,177,189,209,209,284,284,302,217,227,227,241,241,123,155,155,155,155,155,168,184,184,261,261,281,203,219,233,233,233,251,279,279,279,179,195,195,211,211,211,211],"floor_reached":52,"playtime":5005,"items_purged":["Strike_G","Well Laid Plans"],"score":1733,"play_id":"53798e66-025e-44d6-a232-6d8cdae1027e","local_time":"20190630171130","is_ascension_mode":true,"campfire_choices":[{"data":"Neutralize","floor":6,"key":"SMITH"},{"data":"Dash","floor":8,"key":"SMITH"},{"data":"Noxious Fumes","floor":15,"key":"SMITH"},{"data":"After Image","floor":23,"key":"SMITH"},{"floor":28,"key":"REST"},{"data":"Skewer","floor":32,"key":"SMITH"},{"data":"Crippling Poison","floor":40,"key":"SMITH"},{"floor":44,"key":"REST"},{"floor":49,"key":"REST"}],"neow_cost":"TEN_PERCENT_HP_LOSS","seed_source_timestamp":65558305177899,"circlet_count":0,"master_deck":["AscendersBane","Defend_G","Defend_G","Defend_G","Defend_G","Survivor","Neutralize+1","Poisoned Stab","Backflip","Noxious Fumes+1","Infinite Blades","Dash+1","Quick Slash","Deflect","Backflip","After Image+1","Skewer+1","Blur","Necronomicurse","Adrenaline","Crippling Poison+1","PiercingWail","Predator+1","Malaise","PiercingWail","Backflip+1","Backflip+1"],"relics":["Ring of the Snake","Art of War","Bronze Scales","Mango","Velvet Choker","Ancient Tea Set","Vajra","Mummified Hand","Necronomicon","Snecko Eye","Girya","Shuriken"],"potions_floor_usage":[14,25,51],"damage_taken":[{"damage":0,"enemies":"2 Louse","floor":1,"turns":4},{"damage":1,"enemies":"Cultist","floor":4,"turns":4},{"damage":4,"enemies":"Small Slimes","floor":7,"turns":5},{"damage":1,"enemies":"Blue Slaver","floor":11,"turns":3},{"damage":15,"enemies":"3 Sentries","floor":12,"turns":6},{"damage":0,"enemies":"Large Slime","floor":13,"turns":5},{"damage":0,"enemies":"Looter","floor":14,"turns":3},{"damage":33,"enemies":"The Guardian","floor":16,"turns":11},{"damage":0,"enemies":"Chosen","floor":18,"turns":5},{"damage":3,"enemies":"Spheric Guardian","floor":20,"turns":6},{"damage":5,"enemies":"Centurion and Healer","floor":22,"turns":7},{"damage":5,"enemies":"Book of Stabbing","floor":25,"turns":6},{"damage":0,"enemies":"3 Cultists","floor":30,"turns":5},{"damage":0,"enemies":"Snecko","floor":31,"turns":5},{"damage":25,"enemies":"Champ","floor":33,"turns":10},{"damage":3,"enemies":"3 Shapes","floor":35,"turns":5},{"damage":13,"enemies":"3 Darklings","floor":37,"turns":6},{"damage":10,"enemies":"Transient","floor":38,"turns":6},{"damage":0,"enemies":"4 Shapes","floor":41,"turns":4},{"damage":34,"enemies":"Giant Head","floor":42,"turns":9},{"damage":2,"enemies":"Spire Growth","floor":46,"turns":5},{"damage":0,"enemies":"3 Darklings","floor":48,"turns":4},{"damage":37,"enemies":"Donu and Deca","floor":50,"turns":13},{"damage":4,"enemies":"Awakened One","floor":51,"turns":18}],"seed_played":"153043024015085393","potions_obtained":[{"floor":7,"key":"EntropicBrew"},{"floor":13,"key":"Fruit Juice"},{"floor":14,"key":"Swift Potion"},{"floor":16,"key":"PowerPotion"},{"floor":22,"key":"GhostInAJar"},{"floor":30,"key":"Dexterity Potion"}],"is_trial":false,"path_per_floor":["M","$","?","M","?","R","M","R","T","T","M","E","M","M","R","B",null,"M","?","M","?","M","R","$","E","T","?","R","?","M","M","R","B",null,"M","$","M","M","?","R","M","E","T","R","$","M","?","M","R","B","B",null],"character_chosen":"THE_SILENT","items_purchased":["Backflip","Noxious Fumes","Blur","Malaise"],"campfire_rested":3,"item_purchase_floors":[2,2,24,36],"current_hp_per_floor":[59,59,60,59,59,59,55,55,55,55,54,53,53,58,58,25,66,66,66,63,63,58,58,58,53,53,32,55,55,55,55,55,30,67,64,64,51,41,41,41,41,7,7,30,30,28,28,28,51,14,10],"gold":211,"neow_bonus":"REMOVE_TWO","is_prod":false,"is_daily":false,"chose_seed":false,"campfire_upgraded":6,"win_rate":0,"timestamp":1561929090,"path_taken":["M","$","?","?","?","R","M","R","T","?","M","E","M","M","R","BOSS","M","?","M","?","M","R","$","E","T","?","R","?","M","M","R","BOSS","M","$","M","M","?","R","M","E","T","R","$","M","?","?","R","BOSS","BOSS"],"build_version":"2019-01-23","purchased_purges":2,"victory":true,"max_hp_per_floor":[60,60,60,60,60,60,60,60,60,60,60,74,74,79,79,79,79,79,79,79,79,79,79,79,79,79,79,79,79,79,79,79,79,79,79,79,79,79,79,79,79,79,79,79,79,79,79,79,79,79,79],"card_choices":[{"not_picked":["Crippling Poison","Choke"],"picked":"Poisoned Stab","floor":1},{"not_picked":["Slice","Dagger Throw"],"picked":"Infinite Blades","floor":4},{"not_picked":["Dagger Throw","Crippling Poison"],"picked":"Dash","floor":7},{"not_picked":["Catalyst","Underhanded Strike"],"picked":"Quick Slash","floor":11},{"not_picked":["Masterful Stab","Dagger Spray"],"picked":"Well Laid Plans","floor":12},{"not_picked":["Terror","Dagger Throw"],"picked":"Deflect","floor":13},{"not_picked":["Acrobatics","Distraction"],"picked":"Backflip","floor":14},{"not_picked":["Tools of the Trade","Phantasmal Killer"],"picked":"After Image","floor":16},{"not_picked":["Deadly Poison","Poisoned Stab+1","Bane"],"picked":"SKIP","floor":18},{"not_picked":["Cloak And Dagger","Riddle With Holes","Outmaneuver"],"picked":"SKIP","floor":20},{"not_picked":["Backflip","Slice+1","Deadly Poison"],"picked":"SKIP","floor":22},{"not_picked":["Backflip","Slice+1","Deadly Poison"],"picked":"SKIP","floor":22},{"not_picked":["Underhanded Strike","Terror+1","Acrobatics"],"picked":"SKIP","floor":25},{"not_picked":["Deadly Poison","Deflect"],"picked":"PiercingWail","floor":30},{"not_picked":["Outmaneuver","Backflip","Setup"],"picked":"SKIP","floor":31},{"not_picked":["Deflect","Bane+1"],"picked":"Predator+1","floor":35},{"not_picked":["Sucker Punch","Quick Slash"],"picked":"PiercingWail","floor":37},{"not_picked":["Dagger Throw","Outmaneuver"],"picked":"Backflip+1","floor":38},{"not_picked":["Eviscerate","Tactician+1","Acrobatics"],"picked":"SKIP","floor":41},{"not_picked":["Cloak And Dagger","Dagger Spray","Storm of Steel"],"picked":"SKIP","floor":42},{"not_picked":["Bouncing Flask","Expertise"],"picked":"Backflip+1","floor":46},{"not_picked":["Outmaneuver+1","Distraction","Deadly Poison"],"picked":"SKIP","floor":48}],"player_experience":973416,"relics_obtained":[{"floor":9,"key":"Art of War"},{"floor":10,"key":"Bronze Scales"},{"floor":12,"key":"Mango"},{"floor":25,"key":"Vajra"},{"floor":26,"key":"Mummified Hand"},{"floor":27,"key":"Necronomicon"},{"floor":42,"key":"Girya"},{"floor":43,"key":"Shuriken"}],"event_choices":[{"damage_healed":1,"gold_gain":0,"player_choice":"Full Heal","damage_taken":0,"max_hp_gain":0,"max_hp_loss":0,"event_name":"Wheel of Change","floor":3,"gold_loss":0},{"cards_removed":["Strike_G"],"damage_healed":0,"gold_gain":0,"player_choice":"Forget","damage_taken":0,"max_hp_gain":0,"max_hp_loss":0,"event_name":"Living Wall","floor":5,"gold_loss":0},{"damage_healed":0,"gold_gain":0,"player_choice":"Obtained Relic","damage_taken":0,"relics_obtained":["Ancient Tea Set"],"max_hp_gain":0,"max_hp_loss":0,"event_name":"Addict","floor":19,"gold_loss":85},{"damage_healed":0,"gold_gain":0,"player_choice":"Read","damage_taken":0,"max_hp_gain":0,"max_hp_loss":0,"event_name":"The Library","floor":21,"gold_loss":0,"cards_obtained":["Skewer"]},{"damage_healed":0,"gold_gain":0,"player_choice":"Obtained Book","damage_taken":21,"max_hp_gain":0,"max_hp_loss":0,"event_name":"Cursed Tome","floor":27,"gold_loss":0},{"damage_healed":0,"gold_gain":0,"cards_transformed":["Strike_G","Strike_G"],"player_choice":"Became Test Subject","damage_taken":0,"max_hp_gain":0,"max_hp_loss":0,"event_name":"Drug Dealer","floor":29,"gold_loss":0,"cards_obtained":["Adrenaline","Crippling Poison"]},{"damage_healed":0,"gold_gain":0,"player_choice":"Ignored","damage_taken":0,"max_hp_gain":0,"max_hp_loss":0,"event_name":"Mysterious Sphere","floor":39,"gold_loss":0},{"damage_healed":0,"gold_gain":0,"player_choice":"Ignored","damage_taken":0,"max_hp_gain":0,"max_hp_loss":0,"event_name":"SecretPortal","floor":47,"gold_loss":0}],"is_beta":false,"boss_relics":[{"not_picked":["Tiny House","Empty Cage"],"picked":"Velvet Choker"},{"not_picked":["Orrery","Eternal Feather"],"picked":"Snecko Eye"}],"items_purged_floors":[24,45],"is_endless":false,"potions_floor_spawned":[7,13,14,16,22,30,33,38,41,42,46],"ascension_level":20}