{"gold_per_floor":[13,13,13,13,32,32,32,58,58,90,90,35,61,81,81,81],"floor_reached":16,"playtime":616,"items_purged":[],"score":232,"play_id":"3b9d4d1a-ae0d-439f-a468-c53688a76c63","local_time":"20190622124114","is_ascension_mode":true,"campfire_choices":[{"data":"Perfected Strike","floor":6,"key":"SMITH"},{"data":"Bash","floor":7,"key":"SMITH"},{"data":"Perfected Strike","floor":15,"key":"SMITH"}],"neow_cost":"NO_GOLD","seed_source_timestamp":6426441003534,"circlet_count":0,"master_deck":["AscendersBane","Strike_R+1","Strike_R","Strike_R+1","Strike_R","Strike_R","Defend_R","Defend_R","Defend_R+1","Defend_R+1","Bash+1","Perfected Strike+1","Battle Trance","Double Tap","Shockwave","Parasite","Perfected Strike+1","Perfected Strike"],"relics":["Burning Blood","WingedGreaves","Dead Branch","Peace Pipe","Pear","Turnip","Whetstone"],"potions_floor_usage":[13,16],"damage_taken":[{"damage":2,"enemies":"2 Louse","floor":1,"turns":4},{"damage":0,"enemies":"Small Slimes","floor":5,"turns":3},{"damage":32,"enemies":"Gremlin Nob","floor":8,"turns":4},{"damage":19,"enemies":"Lagavulin","floor":10,"turns":5},{"damage":20,"enemies":"3 Sentries","floor":13,"turns":7},{"damage":0,"enemies":"Cultist","floor":14,"turns":2},{"damage":39,"enemies":"Hexaghost","floor":16,"turns":8}],"seed_played":"-3701624132144466324","potions_obtained":[{"floor":8,"key":"Swift Potion"},{"floor":13,"key":"Swift Potion"}],"is_trial":false,"path_per_floor":["M","?","?","?","M","R","R","E","T","E","?","$","E","M","R","B"],"character_chosen":"IRONCLAD","items_purchased":["Perfected Strike"],"campfire_rested":0,"item_purchase_floors":[12],"current_hp_per_floor":[72,67,67,44,50,50,50,24,34,21,42,42,28,34,34,0],"gold":81,"neow_bonus":"ONE_RARE_RELIC","is_prod":false,"is_daily":false,"chose_seed":false,"campfire_upgraded":3,"win_rate":0,"timestamp":1561200074,"path_taken":["M","?","?","?","M","R","R","E","T","E","?","$","E","M","R","BOSS"],"build_version":"2019-01-23","purchased_purges":0,"victory":false,"max_hp_per_floor":[75,75,75,75,75,75,75,75,85,85,85,85,85,85,85,85],"card_choices":[{"not_picked":["Shrug It Off","Sword Boomerang"],"picked":"Perfected Strike","floor":1},{"not_picked":["Body Slam","Headbutt"],"picked":"Battle Trance","floor":5},{"not_picked":["Seeing Red","Bloodletting"],"picked":"Double Tap","floor":8},{"not_picked":["Evolve","Heavy Blade"],"picked":"Shockwave","floor":10},{"not_picked":["Dropkick","Metallicize"],"picked":"Perfected Strike","floor":13},{"not_picked":["Headbutt","Rupture","Body Slam"],"picked":"SKIP","floor":14}],"player_experience":646082,"relics_obtained":[{"floor":8,"key":"Peace Pipe"},{"floor":9,"key":"Pear"},{"floor":10,"key":"Turnip"},{"floor":13,"key":"Whetstone"}],"event_choices":[{"damage_healed":0,"gold_gain":0,"player_choice":"Success","damage_taken":5,"relics_obtained":["Dead Branch"],"max_hp_gain":0,"max_hp_loss":0,"event_name":"Scrap Ooze","floor":2,"gold_loss":0},{"damage_healed":0,"gold_gain":0,"player_choice":"Ignored","damage_taken":0,"max_hp_gain":0,"max_hp_loss":0,"event_name":"Golden Wing","floor":3,"gold_loss":0},{"damage_healed":0,"gold_gain":0,"player_choice":"Entered Light","damage_taken":23,"max_hp_gain":0,"max_hp_loss":0,"event_name":"Shining Light","floor":4,"gold_loss":0,"cards_upgraded":["Defend_R","Defend_R"]},{"damage_healed":21,"gold_gain":0,"player_choice":"Healed and dodged fight","damage_taken":0,"max_hp_gain":0,"max_hp_loss":0,"event_name":"Mushrooms","floor":11,"gold_loss":0,"cards_obtained":["Parasite"]}],"is_beta":false,"boss_relics":[],"items_purged_floors":[],"is_endless":false,"potions_floor_spawned":[8,13],"killed_by":"Hexaghost","ascension_level":20}