{"gold_per_floor":[111,17,27,127,138,138,157,182,207,248,260,272,297,329,341,448,460,489,192,192,16,30,57,57,83,83,93,105,131,131,12,12,116,116,133,153,153,0,0,0,31,31,58,75,86,186,198,198,198,198],"floor_reached":50,"playtime":3568,"items_purged":["Defend_G","Decay","Parasite"],"score":797,"play_id":"91c67e3d-a272-4a84-b104-683feb6df10f","local_time":"20190624183725","is_ascension_mode":true,"campfire_choices":[{"data":"1","floor":6,"key":"LIFT"},{"floor":11,"key":"REST"},{"data":"2","floor":15,"key":"LIFT"},{"data":"Apotheosis","floor":24,"key":"SMITH"},{"floor":32,"key":"REST"},{"data":"3","floor":40,"key":"LIFT"},{"floor":49,"key":"REST"}],"neow_cost":"TEN_PERCENT_HP_LOSS","seed_source_timestamp":868306859184800,"circlet_count":0,"master_deck":["Defend_G+1","Defend_G+1","Defend_G+1","Defend_G+1","Strike_G+1","Strike_G+1","Strike_G+1","Strike_G+1","Survivor","Neutralize","Backflip","Footwork","Deadly Poison","PiercingWail","Footwork","Backflip","Glass Knife","Grand Finale","Escape Plan","Tools of the Trade","Catalyst+1","Apotheosis+1","Noxious Fumes","Dagger Spray","Escape Plan","Bouncing Flask","Leg Sweep+1","Bullet Time","Well Laid Plans","PiercingWail+1","Writhe","Regret","Parasite","Calculated Gamble+1"],"relics":["Ring of the Snake","Girya","Smiling Mask","MawBank","Orichalcum","Cursed Key","Bottled Tornado","Oddly Smooth Stone","Letter Opener","Bottled Flame","Black Star","Red Mask","Boot","Ice Cream","Ancient Tea Set","Bird Faced Urn"],"potions_floor_usage":[8,23,23,27,29,29,41,44,50],"damage_taken":[{"damage":0,"enemies":"Cultist","floor":1,"turns":4},{"damage":0,"enemies":"Small Slimes","floor":3,"turns":6},{"damage":0,"enemies":"2 Louse","floor":5,"turns":4},{"damage":9,"enemies":"Looter","floor":7,"turns":4},{"damage":24,"enemies":"3 Sentries","floor":8,"turns":10},{"damage":8,"enemies":"Lagavulin","floor":10,"turns":10},{"damage":0,"enemies":"3 Louse","floor":13,"turns":4},{"damage":0,"enemies":"Large Slime","floor":14,"turns":6},{"damage":11,"enemies":"Hexaghost","floor":16,"turns":11},{"damage":10,"enemies":"3 Byrds","floor":18,"turns":9},{"damage":0,"enemies":"Shell Parasite","floor":22,"turns":6},{"damage":7,"enemies":"Gremlin Leader","floor":23,"turns":6},{"damage":9,"enemies":"Book of Stabbing","floor":25,"turns":6},{"damage":14,"enemies":"Snake Plant","floor":27,"turns":5},{"damage":0,"enemies":"Cultist and Chosen","floor":28,"turns":6},{"damage":0,"enemies":"Gremlin Leader","floor":29,"turns":7},{"damage":10,"enemies":"Automaton","floor":33,"turns":8},{"damage":15,"enemies":"3 Darklings","floor":35,"turns":5},{"damage":0,"enemies":"3 Shapes","floor":36,"turns":7},{"damage":0,"enemies":"Giant Head","floor":41,"turns":8},{"damage":14,"enemies":"Transient","floor":44,"turns":5},{"damage":3,"enemies":"Writhing Mass","floor":45,"turns":4},{"damage":3,"enemies":"Mind Bloom Boss Battle","floor":46,"turns":5},{"damage":2,"enemies":"Maw","floor":47,"turns":6},{"damage":72,"enemies":"Donu and Deca","floor":50,"turns":11}],"seed_played":"-8671220547145287494","potions_obtained":[{"floor":3,"key":"Dexterity Potion"},{"floor":7,"key":"Dexterity Potion"},{"floor":16,"key":"Block Potion"},{"floor":23,"key":"EssenceOfSteel"},{"floor":27,"key":"EssenceOfSteel"},{"floor":28,"key":"SkillPotion"},{"floor":36,"key":"PowerPotion"},{"floor":41,"key":"Strength Potion"},{"floor":45,"key":"Swift Potion"}],"is_trial":false,"path_per_floor":["M","$","M","?","M","R","M","E","T","E","R","?","M","M","R","B",null,"M","$","?","$","M","E","R","E","T","M","M","E","?","$","R","B",null,"M","M","?","?","?","R","E","$","T","M","M","?","M","?","R","B"],"character_chosen":"THE_SILENT","items_purchased":["Footwork","Deadly Poison","Apotheosis","Noxious Fumes","Dagger Spray","Escape Plan","Well Laid Plans"],"campfire_rested":3,"item_purchase_floors":[2,2,19,19,21,21,31],"current_hp_per_floor":[63,63,63,63,63,63,54,30,30,22,40,40,40,40,40,29,55,45,45,45,45,45,38,38,29,29,15,15,15,15,15,33,23,51,36,36,51,51,51,51,51,51,51,37,34,31,39,39,57,0],"gold":198,"neow_bonus":"ONE_RARE_RELIC","is_prod":false,"is_daily":false,"chose_seed":false,"campfire_upgraded":1,"win_rate":0,"timestamp":1561426645,"path_taken":["M","$","M","?","M","R","?","E","T","E","R","?","?","M","R","BOSS","M","$","?","$","?","E","R","E","T","M","M","E","?","$","R","BOSS","M","M","?","?","?","R","E","$","T","M","M","?","M","?","R","BOSS"],"build_version":"2019-01-23","purchased_purges":3,"victory":false,"max_hp_per_floor":[63,63,63,63,63,63,63,63,63,63,63,63,63,63,63,63,63,63,63,63,63,63,63,63,63,63,63,63,63,63,60,60,60,60,60,60,60,60,60,60,60,60,60,60,60,60,60,60,60,60],"card_choices":[{"not_picked":["Flying Knee","Setup"],"picked":"Backflip","floor":1},{"not_picked":["Poisoned Stab","Prepared"],"picked":"PiercingWail","floor":3},{"not_picked":["Deflect","PiercingWail"],"picked":"Footwork","floor":5},{"not_picked":["Cloak And Dagger","Underhanded Strike"],"picked":"Backflip","floor":7},{"not_picked":["Dagger Throw","Blade Dance"],"picked":"Glass Knife","floor":8},{"not_picked":["Leg Sweep","Flying Knee"],"picked":"Grand Finale","floor":10},{"not_picked":["Cloak And Dagger","Outmaneuver","Predator"],"picked":"SKIP","floor":13},{"not_picked":["Expertise","Dodge and Roll"],"picked":"Escape Plan","floor":14},{"not_picked":["Malaise","Die Die Die"],"picked":"Tools of the Trade","floor":16},{"not_picked":["Slice","Dodge and Roll"],"picked":"Catalyst+1","floor":18},{"not_picked":["Prepared","PiercingWail","Sucker Punch"],"picked":"SKIP","floor":22},{"not_picked":["Accuracy","Malaise","Blade Dance"],"picked":"SKIP","floor":23},{"not_picked":["Accuracy","Malaise","Blade Dance"],"picked":"SKIP","floor":23},{"not_picked":["Dash","Cloak And Dagger"],"picked":"Bouncing Flask","floor":25},{"not_picked":["Slice","Infinite Blades+1"],"picked":"Leg Sweep+1","floor":27},{"not_picked":["Slice","Underhanded Strike","Acrobatics"],"picked":"SKIP","floor":28},{"not_picked":["Deflect","Doppelganger"],"picked":"Bullet Time","floor":29},{"not_picked":["Deflect","Flechettes+1"],"picked":"PiercingWail+1","floor":35},{"not_picked":["Underhanded Strike+1","PiercingWail+1","Noxious Fumes"],"picked":"SKIP","floor":36},{"not_picked":["Dagger Spray","Outmaneuver","Bane"],"picked":"SKIP","floor":41},{"not_picked":["Bane+1","Poisoned Stab+1","Glass Knife"],"picked":"SKIP","floor":44},{"not_picked":["Heel Hook+1","Flechettes+1","Sucker Punch"],"picked":"SKIP","floor":45},{"not_picked":["Bane","Dagger Spray+1"],"picked":"Calculated Gamble+1","floor":47}],"player_experience":369194,"relics_obtained":[{"floor":8,"key":"Smiling Mask"},{"floor":9,"key":"MawBank"},{"floor":10,"key":"Orichalcum"},{"floor":23,"key":"Bottled Tornado"},{"floor":25,"key":"Oddly Smooth Stone"},{"floor":26,"key":"Letter Opener"},{"floor":29,"key":"Bottled Flame"},{"floor":41,"key":"Boot"},{"floor":41,"key":"Ice Cream"},{"floor":43,"key":"Ancient Tea Set"},{"floor":46,"key":"Bird Faced Urn"}],"event_choices":[{"damage_healed":0,"gold_gain":100,"player_choice":"Pray","damage_taken":0,"max_hp_gain":0,"max_hp_loss":0,"event_name":"Golden Shrine","floor":4,"gold_loss":0},{"damage_healed":0,"gold_gain":0,"player_choice":"0 cards matched","damage_taken":0,"max_hp_gain":0,"max_hp_loss":0,"event_name":"Match and Keep!","floor":12,"gold_loss":0,"cards_obtained":[]},{"damage_healed":0,"gold_gain":0,"player_choice":"Cursed","damage_taken":0,"max_hp_gain":0,"max_hp_loss":0,"event_name":"Wheel of Change","floor":20,"gold_loss":0,"cards_obtained":["Decay"]},{"damage_healed":0,"gold_gain":0,"player_choice":"Simplicity","damage_taken":0,"max_hp_gain":0,"max_hp_loss":0,"event_name":"Back to Basics","floor":30,"gold_loss":0,"cards_upgraded":["Defend_G","Defend_G","Defend_G","Defend_G","Strike_G","Strike_G","Strike_G","Strike_G","Strike_G"]},{"damage_healed":15,"gold_gain":0,"player_choice":"Writhe","damage_taken":0,"max_hp_gain":0,"max_hp_loss":0,"event_name":"Winding Halls","floor":37,"gold_loss":0,"cards_obtained":["Writhe"]},{"damage_healed":0,"gold_gain":0,"player_choice":"Paid","damage_taken":0,"relics_obtained":["Red Mask"],"max_hp_gain":0,"max_hp_loss":0,"event_name":"Tomb of Lord Red Mask","floor":38,"gold_loss":153},{"cards_removed":["Strike_G"],"damage_healed":0,"gold_gain":0,"player_choice":"Removed Attack","damage_taken":0,"max_hp_gain":0,"max_hp_loss":0,"event_name":"Falling","floor":39,"gold_loss":0},{"damage_healed":0,"gold_gain":0,"player_choice":"Fight","damage_taken":0,"max_hp_gain":0,"max_hp_loss":0,"event_name":"MindBloom","floor":46,"gold_loss":0},{"damage_healed":0,"gold_gain":0,"player_choice":"Ignored","damage_taken":0,"max_hp_gain":0,"max_hp_loss":0,"event_name":"SecretPortal","floor":48,"gold_loss":0}],"is_beta":false,"boss_relics":[{"not_picked":["Orrery","Lizard Tail"],"picked":"Cursed Key"},{"not_picked":["Coffee Dripper","Pandora\u0027s Box"],"picked":"Black Star"}],"items_purged_floors":[19,21,31],"is_endless":false,"potions_floor_spawned":[3,7,16,23,27,28,36,41,45],"killed_by":"Donu and Deca","ascension_level":7}