{"gold_per_floor":[109,121,138,213,230,230,241,255,255,267,11,11,41,75,75,179,179,189,205,224,239,249,249,314,314,386,386,413,148,159,159,159,254,254,264,264,69,69,84,84,112,124,124,124,141,160,160,3,3,3,3,3,3,31,31],"floor_reached":56,"playtime":4310,"items_purged":["Strike_G"],"score":1176,"play_id":"14b29b5a-4378-41c9-a389-378730eb41bb","local_time":"20190328200809","is_ascension_mode":false,"campfire_choices":[{"data":"Catalyst","floor":6.0,"key":"SMITH"},{"floor":12.0,"key":"REST"},{"data":"After Image","floor":15.0,"key":"SMITH"},{"floor":23.0,"key":"REST"},{"floor":25.0,"key":"REST"},{"data":"Footwork","floor":32.0,"key":"SMITH"},{"floor":40.0,"key":"REST"},{"floor":44,"key":"RECALL"},{"floor":47,"key":"REST"},{"data":"Poisoned Stab","floor":49,"key":"SMITH"},{"data":"Neutralize","floor":52,"key":"SMITH"}],"neow_cost":"NONE","seed_source_timestamp":0,"circlet_count":0,"master_deck":["Survivor+1","Neutralize+1","After Image+1","Deadly Poison","Prepared+1","Catalyst+1","Bane","Footwork+1","Dagger Throw","Dash","Poisoned Stab+1","Adrenaline+1","Dodge and Roll+1","Poisoned Stab+1","Backstab+1","RitualDagger","Crippling Poison+1","Adrenaline+1","Deflect+1","Bane","Grand Finale","Malaise+1","Flying Knee","Bouncing Flask+1","Malaise+1","Blur+1","Cloak And Dagger+1","Corpse Explosion+1","Cloak And Dagger+1","Cloak And Dagger+1"],"special_seed":0,"relics":["Ring of the Serpent","Ornamental Fan","Pantograph","Odd Mushroom","Toxic Egg 2","Tiny Chest","Bottled Tornado","Strawberry","Pandora\u0027s Box","Singing Bowl","Molten Egg 2","Gremlin Horn","War Paint","Mummified Hand"],"potions_floor_usage":[42,54,55,55],"damage_taken":[{"damage":0.0,"enemies":"2 Louse","floor":1.0,"turns":3.0},{"damage":2.0,"enemies":"Small Slimes","floor":2.0,"turns":5.0},{"damage":1.0,"enemies":"Jaw Worm","floor":3.0,"turns":4.0},{"damage":6.0,"enemies":"Exordium Wildlife","floor":5.0,"turns":6.0},{"damage":14.0,"enemies":"2 Fungi Beasts","floor":7.0,"turns":6.0},{"damage":0.0,"enemies":"Exordium Thugs","floor":8.0,"turns":4.0},{"damage":0.0,"enemies":"Blue Slaver","floor":10.0,"turns":5.0},{"damage":6.0,"enemies":"The Mushroom Lair","floor":13.0,"turns":4.0},{"damage":15.0,"enemies":"3 Sentries","floor":14.0,"turns":11.0},{"damage":59.0,"enemies":"Slime Boss","floor":16.0,"turns":23.0},{"damage":15.0,"enemies":"2 Thieves","floor":18.0,"turns":5.0},{"damage":0.0,"enemies":"Chosen","floor":19.0,"turns":6.0},{"damage":0.0,"enemies":"Snecko","floor":20.0,"turns":4.0},{"damage":15.0,"enemies":"Chosen and Byrds","floor":21.0,"turns":7.0},{"damage":8.0,"enemies":"Centurion and Healer","floor":22.0,"turns":11.0},{"damage":12.0,"enemies":"Book of Stabbing","floor":24.0,"turns":7.0},{"damage":19.0,"enemies":"Snake Plant","floor":30.0,"turns":5.0},{"damage":57.0,"enemies":"Champ","floor":33.0,"turns":14.0},{"damage":15.0,"enemies":"3 Shapes","floor":35.0,"turns":3.0},{"damage":11.0,"enemies":"3 Darklings","floor":39.0,"turns":4.0},{"damage":10.0,"enemies":"Giant Head","floor":41.0,"turns":7.0},{"damage":23,"enemies":"Jaw Worm Horde","floor":42,"turns":4},{"damage":3,"enemies":"Spire Growth","floor":45,"turns":7},{"damage":0,"enemies":"Maw","floor":46,"turns":6},{"damage":5,"enemies":"Donu and Deca","floor":50,"turns":7},{"damage":28,"enemies":"Shield and Spear","floor":54,"turns":7},{"damage":48,"enemies":"The Heart","floor":55,"turns":10}],"seed_played":"1555247327170574035","potions_obtained":[{"floor":3.0,"key":"SneckoOil"},{"floor":7.0,"key":"GhostInAJar"},{"floor":8.0,"key":"LiquidBronze"},{"floor":10.0,"key":"Energy Potion"},{"floor":16.0,"key":"Poison Potion"},{"floor":18.0,"key":"Block Potion"},{"floor":22.0,"key":"GhostInAJar"},{"floor":24.0,"key":"GamblersBrew"},{"floor":30.0,"key":"Regen Potion"},{"floor":39.0,"key":"Fruit Juice"},{"floor":45,"key":"GhostInAJar"},{"floor":46,"key":"Weak Potion"},{"floor":54,"key":"PowerPotion"}],"is_trial":false,"path_per_floor":["M","M","M","?","M","R","M","M","T","M","$","R","?","E","R","B",null,"M","M","M","M","M","R","E","R","T","?","T","$","M","?","R","B",null,"M","T","$","?","M","R","E","M","T","R","M","M","R","$","R","B",null,"R","$","E","B",null],"character_chosen":"THE_SILENT","items_purchased":["Pantograph","Crippling Poison+1","Strawberry","Cloak And Dagger+1","Corpse Explosion+1","War Paint"],"campfire_rested":5,"item_purchase_floors":[11,29,29,37,37,48],"current_hp_per_floor":[70,68,67,56,50,50,36,36,36,36,36,57,51,36,36,2,70,55,55,55,40,32,53,41,62,62,56,56,63,44,44,44,12,77,62,62,62,62,56,80,72,51,51,51,48,50,76,76,76,83,88,88,88,62,39],"gold":31,"neow_bonus":"ONE_RANDOM_RARE_CARD","is_prod":false,"is_daily":false,"chose_seed":false,"campfire_upgraded":5,"win_rate":0,"timestamp":1553828889,"path_taken":["M","M","M","?","M","R","M","M","T","M","$","R","?","E","R","BOSS","M","M","M","M","M","R","E","R","T","?","?","?","M","?","R","BOSS","M","?","$","?","M","R","E","M","T","R","M","?","R","$","R","BOSS","R","$","E","BOSS"],"build_version":"2019-01-23","purchased_purges":1,"victory":true,"max_hp_per_floor":[70,70,70,70,70,70,70,70,70,70,70,70,70,70,70,70,70,70,70,70,70,70,70,70,70,70,70,70,77,77,77,77,77,77,77,77,77,77,82,82,84,86,86,86,86,88,88,88,88,88,88,88,88,90,90],"card_choices":[{"not_picked":["Blur","Expertise"],"picked":"Deadly Poison","floor":1.0},{"not_picked":["Deadly Poison","PiercingWail"],"picked":"Prepared","floor":2.0},{"not_picked":["Bouncing Flask","Dash"],"picked":"Catalyst","floor":3.0},{"not_picked":["Bouncing Flask","Setup"],"picked":"Bane","floor":5.0},{"not_picked":["Caltrops","Noxious Fumes"],"picked":"Footwork","floor":7.0},{"not_picked":["Concentrate","Deflect"],"picked":"Dagger Throw","floor":8.0},{"not_picked":["Concentrate","Cloak And Dagger"],"picked":"Dash","floor":10.0},{"not_picked":["Concentrate","Underhanded Strike"],"picked":"Poisoned Stab","floor":14.0},{"not_picked":["Doppelganger+1","Storm of Steel+1"],"picked":"Adrenaline+1","floor":16.0},{"not_picked":["Flechettes+1","Choke+1"],"picked":"Dodge and Roll+1","floor":18.0},{"not_picked":["Underhanded Strike+1","Predator"],"picked":"Poisoned Stab+1","floor":19.0},{"not_picked":["PiercingWail+1","Quick Slash"],"picked":"Backstab+1","floor":20.0},{"not_picked":["Quick Slash+1","All Out Attack","Expertise+1"],"picked":"SKIP","floor":21.0},{"not_picked":["Dagger Throw","Backstab","Acrobatics+1"],"picked":"SKIP","floor":22.0},{"not_picked":["Quick Slash","Blade Dance+1","Setup+1"],"picked":"SKIP","floor":24.0},{"not_picked":["Dash","Eviscerate","Accuracy"],"picked":"SKIP","floor":30.0},{"not_picked":["Die Die Die","Glass Knife"],"picked":"Adrenaline+1","floor":33.0},{"not_picked":["Underhanded Strike","Bane","Dagger Throw"],"picked":"SKIP","floor":35.0},{"not_picked":["Underhanded Strike","Caltrops+1"],"picked":"Cloak And Dagger+1","floor":39.0},{"not_picked":["Tools of the Trade","Acrobatics+1","Well Laid Plans+1"],"picked":"Singing Bowl","floor":41.0},{"not_picked":["Bane+1","Predator+1","Poisoned Stab+1"],"picked":"Singing Bowl","floor":42},{"not_picked":["Prepared+1","Catalyst+1"],"picked":"Cloak And Dagger+1","floor":45},{"not_picked":["Distraction+1","Sucker Punch+1","Choke+1"],"picked":"Singing Bowl","floor":46},{"not_picked":["Dagger Throw+1","Finisher+1","Cloak And Dagger+1"],"picked":"Singing Bowl","floor":54}],"player_experience":183413,"relics_obtained":[{"floor":9.0,"key":"Ornamental Fan"},{"floor":13.0,"key":"Odd Mushroom"},{"floor":14.0,"key":"Toxic Egg 2"},{"floor":24.0,"key":"Tiny Chest"},{"floor":26.0,"key":"Bottled Tornado"},{"floor":36.0,"key":"Singing Bowl"},{"floor":41.0,"key":"Molten Egg 2"},{"floor":43,"key":"Gremlin Horn"},{"floor":54,"key":"Mummified Hand"}],"event_choices":[{"damage_healed":0.0,"max_hp_gain":0.0,"max_hp_loss":0.0,"gold_gain":75.0,"event_name":"World of Goop","player_choice":"Gather Gold","floor":4.0,"gold_loss":0.0,"damage_taken":11.0},{"damage_healed":0.0,"max_hp_gain":0.0,"max_hp_loss":0.0,"gold_gain":0.0,"event_name":"Mushrooms","player_choice":"Fought Mushrooms","floor":13.0,"gold_loss":0.0,"damage_taken":0.0},{"damage_healed":0.0,"max_hp_gain":0.0,"max_hp_loss":0.0,"gold_gain":0.0,"event_name":"Nest","player_choice":"Joined the Cult","floor":27.0,"gold_loss":0.0,"damage_taken":6.0,"cards_obtained":["RitualDagger"]},{"damage_healed":0.0,"max_hp_gain":0.0,"max_hp_loss":0.0,"gold_gain":0.0,"event_name":"N\u0027loth","player_choice":"Ignored","floor":31.0,"gold_loss":0.0,"damage_taken":0.0},{"cards_removed":["Distraction"],"damage_healed":0.0,"max_hp_gain":0.0,"max_hp_loss":0.0,"gold_gain":0.0,"event_name":"Falling","player_choice":"Removed Skill","floor":38.0,"gold_loss":0.0,"damage_taken":0.0}],"is_beta":false,"boss_relics":[{"not_picked":["White Beast Statue","WristBlade"],"picked":"Ring of the Serpent"},{"not_picked":["Runic Pyramid","Velvet Choker"],"picked":"Pandora\u0027s Box"}],"items_purged_floors":[29],"is_endless":false,"potions_floor_spawned":[3,7,8,10,16,18,22,24,30,39,45,46,54],"ascension_level":0}