{"gold_per_floor":[118,118,118,118,38,63,63,63,63,63,96,96,116,136,136,232,232,247,247],"floor_reached":19,"playtime":852,"items_purged":[],"score":268,"play_id":"1348652f-96e5-40a5-9ffe-1961bc0c8b32","local_time":"20190311153339","is_ascension_mode":true,"campfire_choices":[{"data":"Searing Blow","floor":8,"key":"SMITH"},{"data":"Searing Blow+1","floor":10,"key":"SMITH"},{"data":"Evolve","floor":15,"key":"SMITH"}],"neow_cost":"NONE","seed_source_timestamp":836145078591717,"circlet_count":0,"master_deck":["Strike_R","Strike_R","Strike_R","Strike_R","Strike_R","Defend_R","Defend_R","Defend_R","Defend_R","Bash","Clash","Searing Blow+2","Wild Strike","Warcry","Sever Soul","Evolve+1","Double Tap","Flame Barrier"],"special_seed":0,"relics":["Burning Blood","NeowsBlessing","Magic Flower","Regal Pillow","Sundial","Question Card","Art of War","Velvet Choker"],"potions_floor_usage":[19,19,19],"damage_taken":[{"damage":0.0,"enemies":"Small Slimes","floor":1.0,"turns":1.0},{"damage":0,"enemies":"Lagavulin","floor":6,"turns":1},{"damage":0,"enemies":"Gremlin Nob","floor":11,"turns":1},{"damage":0,"enemies":"2 Louse","floor":13,"turns":2},{"damage":7,"enemies":"Jaw Worm","floor":14,"turns":2},{"damage":30,"enemies":"Slime Boss","floor":16,"turns":8},{"damage":27,"enemies":"3 Byrds","floor":18,"turns":6},{"damage":41,"enemies":"Colosseum Slavers","floor":19,"turns":6},{"damage":52,"enemies":"Colosseum Nobs","floor":19,"turns":4}],"seed_played":"-4874590763573695145","potions_obtained":[{"floor":11,"key":"Block Potion"},{"floor":13,"key":"PowerPotion"},{"floor":18,"key":"Energy Potion"}],"is_trial":false,"path_per_floor":["M","?","?","?","$","E","$","R","T","R","E","?","M","M","R","B",null,"M","?"],"character_chosen":"IRONCLAD","items_purchased":["Searing Blow"],"campfire_rested":0,"item_purchase_floors":[5],"current_hp_per_floor":[80,80,80,73,73,80,80,80,80,80,80,73,80,80,80,59,80,62,0],"gold":247,"neow_bonus":"THREE_ENEMY_KILL","is_prod":false,"is_daily":false,"chose_seed":false,"campfire_upgraded":3,"win_rate":0,"timestamp":1552314819,"path_taken":["M","?","?","?","$","E","$","R","T","R","E","?","M","M","R","BOSS","M","?"],"build_version":"2019-01-23","purchased_purges":0,"victory":false,"max_hp_per_floor":[80,80,80,80,80,80,80,80,80,80,80,80,80,80,80,80,80,80,80],"card_choices":[{"not_picked":["Armaments","Ghostly Armor"],"picked":"Perfected Strike","floor":1.0},{"not_picked":["Blood for Blood","Flame Barrier"],"picked":"Wild Strike","floor":6},{"not_picked":["Rampage","Wild Strike"],"picked":"Warcry","floor":11},{"not_picked":["Cleave","Havoc","Headbutt"],"picked":"Sever Soul","floor":13},{"not_picked":["Immolate","Headbutt","Shrug It Off"],"picked":"Evolve","floor":14},{"not_picked":["Reaper","Barricade","Offering"],"picked":"Double Tap","floor":16},{"not_picked":["Hemokinesis","Warcry","Searing Blow","Flame Barrier"],"picked":"SKIP","floor":18},{"not_picked":["Hemokinesis","Warcry","Searing Blow"],"picked":"Flame Barrier","floor":18}],"player_experience":62040,"relics_obtained":[{"floor":6,"key":"Regal Pillow"},{"floor":9,"key":"Sundial"},{"floor":11,"key":"Question Card"}],"event_choices":[{"damage_healed":0.0,"max_hp_gain":0.0,"max_hp_loss":0.0,"gold_gain":0.0,"event_name":"Big Fish","player_choice":"Box","floor":2.0,"gold_loss":0.0,"damage_taken":0.0,"relics_obtained":["Magic Flower"],"cards_obtained":["Regret"]},{"damage_healed":0.0,"max_hp_gain":0.0,"max_hp_loss":0.0,"gold_gain":0.0,"cards_transformed":["Perfected Strike"],"event_name":"Living Wall","player_choice":"Change","floor":3.0,"gold_loss":0.0,"damage_taken":0.0,"cards_obtained":["Clash"]},{"cards_removed":["Regret"],"damage_healed":0.0,"max_hp_gain":0.0,"max_hp_loss":0.0,"gold_gain":0.0,"event_name":"Golden Wing","player_choice":"Card Removal","floor":4.0,"gold_loss":0.0,"damage_taken":7.0},{"damage_healed":0,"gold_gain":0,"player_choice":"Success","damage_taken":7,"relics_obtained":["Art of War"],"max_hp_gain":0,"max_hp_loss":0,"event_name":"Scrap Ooze","floor":12,"gold_loss":0},{"damage_healed":0,"gold_gain":0,"player_choice":"Fight","damage_taken":0,"max_hp_gain":0,"max_hp_loss":0,"event_name":"Colosseum","floor":19,"gold_loss":0},{"damage_healed":0,"gold_gain":0,"player_choice":"Fought Nobs","damage_taken":0,"max_hp_gain":0,"max_hp_loss":0,"event_name":"Colosseum","floor":19,"gold_loss":0}],"is_beta":false,"boss_relics":[{"not_picked":["Fusion Hammer","Empty Cage"],"picked":"Velvet Choker"}],"items_purged_floors":[],"is_endless":false,"potions_floor_spawned":[11,13,18,19],"killed_by":"Colosseum Nobs","ascension_level":4}