{"gold_per_floor":[13,28,38,38,51,51,78,89,116,116,116,116,17,52,52,52],"floor_reached":16,"playtime":685,"items_purged":[],"score":220,"play_id":"385de367-d8a9-4dac-b001-5bdbb120f5a9","local_time":"20190618165959","is_ascension_mode":true,"campfire_choices":[{"data":"Dagger Spray","floor":6.0,"key":"SMITH"},{"floor":12.0,"key":"REST"},{"data":"Dash","floor":15.0,"key":"SMITH"}],"neow_cost":"NO_GOLD","seed_source_timestamp":349643184557736,"circlet_count":0,"master_deck":["AscendersBane","Defend_G","Defend_G","Defend_G","Defend_G","Defend_G","Strike_G","Strike_G","Strike_G","Strike_G","Strike_G","Survivor","Neutralize","Backflip","Dagger Spray+1","Deadly Poison","Flying Knee","Dash+1","PiercingWail","Dagger Spray"],"special_seed":0,"relics":["Ring of the Snake","FossilizedHelix","Tingsha","Orichalcum","Vajra","Dream Catcher"],"potions_floor_usage":[16,16],"damage_taken":[{"damage":5.0,"enemies":"2 Louse","floor":1.0,"turns":6.0},{"damage":0.0,"enemies":"Small Slimes","floor":2.0,"turns":5.0},{"damage":0.0,"enemies":"Jaw Worm","floor":3.0,"turns":5.0},{"damage":10.0,"enemies":"Large Slime","floor":5.0,"turns":9.0},{"damage":21.0,"enemies":"Gremlin Nob","floor":7.0,"turns":5.0},{"damage":0.0,"enemies":"2 Fungi Beasts","floor":8.0,"turns":3.0},{"damage":5.0,"enemies":"3 Sentries","floor":14.0,"turns":6.0},{"damage":33,"enemies":"Slime Boss","floor":16,"turns":13}],"seed_played":"-755715376085465754","potions_obtained":[{"floor":3.0,"key":"Weak Potion"},{"floor":7.0,"key":"Block Potion"}],"is_trial":false,"path_per_floor":["M","M","M","?","M","R","E","M","T","?","?","R","$","E","R","B"],"character_chosen":"THE_SILENT","items_purchased":["Dash","PiercingWail"],"campfire_rested":1,"item_purchase_floors":[13,13],"current_hp_per_floor":[54,54,54,59,49,49,28,28,28,28,17,38,38,33,33,0],"gold":52,"neow_bonus":"ONE_RARE_RELIC","is_prod":false,"is_daily":false,"chose_seed":false,"campfire_upgraded":2,"win_rate":0,"timestamp":1560869999,"path_taken":["M","M","M","?","M","R","E","M","T","?","?","R","$","E","R","BOSS"],"build_version":"2019-01-23","purchased_purges":0,"victory":false,"max_hp_per_floor":[66,66,66,71,71,71,71,71,71,71,71,71,71,71,71,71],"card_choices":[{"not_picked":["Acrobatics","Outmaneuver"],"picked":"Backflip","floor":1.0},{"not_picked":["Endless Agony","Crippling Poison"],"picked":"Dagger Spray","floor":2.0},{"not_picked":["Backflip","Escape Plan","Catalyst"],"picked":"SKIP","floor":3.0},{"not_picked":["Tactician","Acrobatics"],"picked":"Deadly Poison","floor":5.0},{"not_picked":["Distraction","Doppelganger","Riddle With Holes"],"picked":"SKIP","floor":7.0},{"not_picked":["Outmaneuver","Masterful Stab"],"picked":"Flying Knee","floor":8.0},{"not_picked":["Grand Finale","Sucker Punch"],"picked":"Dagger Spray","floor":14.0}],"player_experience":599018,"relics_obtained":[{"floor":7.0,"key":"Tingsha"},{"floor":9.0,"key":"Orichalcum"},{"floor":14.0,"key":"Dream Catcher"}],"event_choices":[{"damage_healed":0.0,"max_hp_gain":5.0,"max_hp_loss":0.0,"gold_gain":0.0,"event_name":"Big Fish","player_choice":"Donut","floor":4.0,"gold_loss":0.0,"damage_taken":0.0},{"damage_healed":0.0,"max_hp_gain":0.0,"max_hp_loss":0.0,"gold_gain":0.0,"event_name":"Liars Game","player_choice":"Ignored","floor":10.0,"gold_loss":0.0,"damage_taken":0.0},{"damage_healed":0.0,"max_hp_gain":0.0,"max_hp_loss":0.0,"gold_gain":0.0,"event_name":"Scrap Ooze","player_choice":"Success","floor":11.0,"gold_loss":0.0,"damage_taken":11.0,"relics_obtained":["Vajra"]}],"is_beta":false,"boss_relics":[],"items_purged_floors":[],"is_endless":false,"potions_floor_spawned":[3,7,8],"killed_by":"Slime Boss","ascension_level":20}