{"gold_per_floor":[113,123,136,136,136,136,166,186,234,268,280,315,326,336,336,413,413,433,446,30,42,55,82,82,115,169,169,198,216,275,275,275,351,351,367,267,286,299,299,299,60,93,116,142,160,160,195,208,208,208],"floor_reached":50,"playtime":1561,"items_purged":["Strike_B","Strike_B"],"score":1518,"play_id":"01783744-47c7-48c1-910e-d37f033fe94b","local_time":"20190514191831","is_ascension_mode":true,"campfire_choices":[{"data":"Loop","floor":6.0,"key":"SMITH"},{"data":"Defragment","floor":15.0,"key":"SMITH"},{"data":"Loop","floor":24.0,"key":"SMITH"},{"floor":27.0,"key":"REST"},{"floor":32.0,"key":"REST"},{"floor":40.0,"key":"REST"},{"floor":49.0,"key":"REST"}],"neow_cost":"NONE","seed_source_timestamp":6375671637630,"circlet_count":0,"master_deck":["AscendersBane","Strike_B+1","Strike_B+1","Defend_B","Defend_B","Defend_B","Defend_B","Zap","Dualcast+1","Doom and Gloom+1","Loop+1","Genetic Algorithm","Electrodynamics","Loop+1","Zap","Conserve Battery","Leap","Defragment+1","Cold Snap","Biased Cognition","Compile Driver+1","Turbo+1","BootSequence","Stack","Compile Driver","Violence","Decay","Reprogram","Coolheaded+1"],"special_seed":0,"relics":["Cracked Core","NeowsBlessing","Dodecahedron","Whetstone","Blood Vial","Bag of Preparation","Busted Crown","Art of War","Lantern","Question Card","Bag of Marbles","Orichalcum","Bronze Scales","Tiny Chest","Meat on the Bone","Cursed Key","Potion Belt","Anchor","Boot","Turnip"],"potions_floor_usage":[],"damage_taken":[{"damage":0.0,"enemies":"2 Louse","floor":1.0,"turns":1.0},{"damage":0.0,"enemies":"Small Slimes","floor":2.0,"turns":1.0},{"damage":0.0,"enemies":"Cultist","floor":3.0,"turns":1.0},{"damage":0.0,"enemies":"Gremlin Nob","floor":7.0,"turns":2.0},{"damage":10.0,"enemies":"Red Slaver","floor":8.0,"turns":3.0},{"damage":18.0,"enemies":"Lagavulin","floor":10.0,"turns":5.0},{"damage":5.0,"enemies":"Blue Slaver","floor":11.0,"turns":4.0},{"damage":5.0,"enemies":"Gremlin Nob","floor":12.0,"turns":3.0},{"damage":1.0,"enemies":"Looter","floor":13.0,"turns":3.0},{"damage":0.0,"enemies":"Exordium Thugs","floor":14.0,"turns":4.0},{"damage":0.0,"enemies":"Slime Boss","floor":16.0,"turns":6.0},{"damage":1.0,"enemies":"Spheric Guardian","floor":18.0,"turns":3.0},{"damage":5.0,"enemies":"Shell Parasite","floor":19.0,"turns":5.0},{"damage":7.0,"enemies":"Shelled Parasite and Fungi","floor":21.0,"turns":3.0},{"damage":4.0,"enemies":"Centurion and Healer","floor":22.0,"turns":3.0},{"damage":13.0,"enemies":"Book of Stabbing","floor":23.0,"turns":5.0},{"damage":26.0,"enemies":"Slavers","floor":25.0,"turns":3.0},{"damage":11.0,"enemies":"Book of Stabbing","floor":28.0,"turns":4.0},{"damage":3.0,"enemies":"Cultist and Chosen","floor":29.0,"turns":4.0},{"damage":12.0,"enemies":"Slavers","floor":30.0,"turns":2.0},{"damage":18.0,"enemies":"Automaton","floor":33.0,"turns":6.0},{"damage":0.0,"enemies":"3 Shapes","floor":35.0,"turns":1.0},{"damage":41.0,"enemies":"3 Darklings","floor":37.0,"turns":3.0},{"damage":28.0,"enemies":"Sphere and 2 Shapes","floor":38.0,"turns":5.0},{"damage":43.0,"enemies":"Reptomancer","floor":42.0,"turns":5.0},{"damage":12.0,"enemies":"Nemesis","floor":44.0,"turns":8.0},{"damage":13.0,"enemies":"Spire Growth","floor":45.0,"turns":4.0},{"damage":0.0,"enemies":"Giant Head","floor":47.0,"turns":5.0},{"damage":0.0,"enemies":"Maw","floor":48.0,"turns":6.0},{"damage":72,"enemies":"Donu and Deca","floor":50,"turns":7}],"seed_played":"-6379234887480980064","potions_obtained":[{"floor":1.0,"key":"Ancient Potion"},{"floor":2.0,"key":"AttackPotion"},{"floor":7.0,"key":"Fire Potion"},{"floor":12.0,"key":"Ancient Potion"},{"floor":13.0,"key":"EssenceOfSteel"},{"floor":19.0,"key":"Block Potion"},{"floor":22.0,"key":"Regen Potion"},{"floor":23.0,"key":"Weak Potion"},{"floor":25.0,"key":"FocusPotion"},{"floor":42.0,"key":"Energy Potion"},{"floor":44.0,"key":"Fire Potion"},{"floor":45.0,"key":"SteroidPotion"},{"floor":46.0,"key":"Fire Potion"},{"floor":47.0,"key":"SteroidPotion"}],"is_trial":false,"path_per_floor":["M","M","M","?","?","R","E","M","T","E","M","E","M","M","R","B",null,"M","M","$","M","M","E","R","E","T","R","E","M","E","T","R","B",null,"M","$","M","M","?","R","$","E","T","E","M","?","E","M","R","B"],"character_chosen":"DEFECT","items_purchased":["Art of War","Lantern","Compile Driver","Violence"],"campfire_rested":4,"item_purchase_floors":[20,20,41,41],"current_hp_per_floor":[64,64,64,43,43,43,43,33,33,15,12,9,10,12,12,14,57,58,55,55,50,48,51,51,27,27,48,39,38,28,28,49,45,65,67,67,40,26,26,47,47,18,18,20,21,21,35,37,58,0],"gold":208,"neow_bonus":"THREE_ENEMY_KILL","is_prod":false,"is_daily":false,"chose_seed":false,"campfire_upgraded":3,"win_rate":0,"timestamp":1557854311,"path_taken":["M","M","M","?","?","R","E","M","T","E","M","E","M","?","R","BOSS","M","M","$","M","M","E","R","E","T","R","E","M","E","?","R","BOSS","M","$","M","M","?","R","$","E","T","E","M","?","E","M","R","BOSS"],"build_version":"2019-05-07","purchased_purges":2,"victory":false,"max_hp_per_floor":[71,71,71,71,71,71,71,71,71,71,71,71,71,71,71,71,71,71,71,71,71,71,71,71,71,71,71,71,71,71,71,71,71,71,71,71,71,71,71,71,71,71,71,71,71,71,71,71,71,71],"card_choices":[{"not_picked":["Tempest","Conserve Battery"],"picked":"Doom and Gloom","floor":1.0},{"not_picked":["Chaos","BootSequence"],"picked":"Loop","floor":2.0},{"not_picked":["Cold Snap","Lockon"],"picked":"Genetic Algorithm","floor":3.0},{"not_picked":["Melter","Rebound","Reprogram"],"picked":"SKIP","floor":7.0},{"not_picked":["Beam Cell","Hologram"],"picked":"Conserve Battery","floor":8.0},{"not_picked":["Barrage","Blizzard"],"picked":"Leap","floor":10.0},{"not_picked":["Sweeping Beam","Reboot"],"picked":"Defragment","floor":11.0},{"not_picked":["Turbo","Rebound"],"picked":"Cold Snap","floor":12.0},{"not_picked":["Hologram","Darkness","Conserve Battery"],"picked":"SKIP","floor":13.0},{"not_picked":["Go for the Eyes","Rebound","Melter"],"picked":"SKIP","floor":14.0},{"not_picked":["Creative AI","Seek"],"picked":"Biased Cognition","floor":16.0},{"not_picked":["Heatsinks+1"],"picked":"SKIP","floor":18.0},{"not_picked":["Streamline"],"picked":"SKIP","floor":19.0},{"not_picked":[],"picked":"Compile Driver+1","floor":21.0},{"not_picked":["Go for the Eyes"],"picked":"SKIP","floor":22.0},{"not_picked":[],"picked":"Turbo+1","floor":23.0},{"not_picked":["Steam","Beam Cell+1"],"picked":"SKIP","floor":25.0},{"not_picked":["Rebound","Go for the Eyes"],"picked":"SKIP","floor":28.0},{"not_picked":["Storm"],"picked":"BootSequence","floor":29.0},{"not_picked":["Reboot","Hello World"],"picked":"SKIP","floor":30.0},{"not_picked":["Sweeping Beam"],"picked":"Stack","floor":35.0},{"not_picked":["Scrape","Beam Cell+1"],"picked":"SKIP","floor":37.0},{"not_picked":["Beam Cell","Redo"],"picked":"SKIP","floor":38.0},{"not_picked":["Force Field","Streamline"],"picked":"SKIP","floor":42.0},{"not_picked":["Fission","Hologram"],"picked":"SKIP","floor":44.0},{"not_picked":["Redo+1","Tempest"],"picked":"SKIP","floor":45.0},{"not_picked":["Sunder"],"picked":"Reprogram","floor":47.0},{"not_picked":["Gash+1"],"picked":"Coolheaded+1","floor":48.0}],"player_experience":1547689,"relics_obtained":[{"floor":7.0,"key":"Dodecahedron"},{"floor":9.0,"key":"Whetstone"},{"floor":10.0,"key":"Blood Vial"},{"floor":12.0,"key":"Bag of Preparation"},{"floor":23.0,"key":"Question Card"},{"floor":25.0,"key":"Bag of Marbles"},{"floor":26.0,"key":"Orichalcum"},{"floor":28.0,"key":"Bronze Scales"},{"floor":30.0,"key":"Tiny Chest"},{"floor":31.0,"key":"Meat on the Bone"},{"floor":42.0,"key":"Potion Belt"},{"floor":43.0,"key":"Anchor"},{"floor":44.0,"key":"Boot"},{"floor":47.0,"key":"Turnip"}],"event_choices":[{"damage_healed":0.0,"max_hp_gain":0.0,"max_hp_loss":0.0,"gold_gain":0.0,"event_name":"Shining Light","player_choice":"Entered Light","floor":4.0,"gold_loss":0.0,"damage_taken":21.0,"cards_upgraded":["Dualcast","Doom and Gloom"]},{"damage_healed":0.0,"max_hp_gain":0.0,"max_hp_loss":0.0,"gold_gain":0.0,"event_name":"Match and Keep!","player_choice":"3 cards matched","floor":5.0,"gold_loss":0.0,"damage_taken":0.0,"cards_obtained":["Electrodynamics","Loop","Zap"]},{"damage_healed":0.0,"max_hp_gain":0.0,"max_hp_loss":0.0,"gold_gain":0.0,"event_name":"Mysterious Sphere","player_choice":"Ignored","floor":39.0,"gold_loss":0.0,"damage_taken":0.0},{"damage_healed":0.0,"max_hp_gain":0.0,"max_hp_loss":0.0,"gold_gain":0.0,"event_name":"Lab","player_choice":"Got Potions","floor":46.0,"gold_loss":0.0,"damage_taken":0.0}],"is_beta":true,"boss_relics":[{"not_picked":["Lizard Tail","Sozu"],"picked":"Busted Crown"},{"not_picked":["Snecko Eye","Orrery"],"picked":"Cursed Key"}],"items_purged_floors":[20,36],"is_endless":false,"potions_floor_spawned":[1,2,7,12,13,19,22,23,25,38,42,44,45,47],"killed_by":"Donu and Deca","ascension_level":20}