{"gold_per_floor":[17,17,33,33,51,51,78,78,132,159,159,188,201,201,201,327,327,351,276,316,316,14,14,41,79,79,79,104,104,117,132,132,132],"floor_reached":33,"playtime":1535,"items_purged":["Strike_B","Strike_B"],"score":450,"play_id":"11902659-3d5f-4ea3-b5af-64ba3dbbde21","local_time":"20190509223431","is_ascension_mode":true,"campfire_choices":[{"data":"Gash","floor":6.0,"key":"SMITH"},{"data":"Deep Breath","floor":8.0,"key":"SMITH"},{"data":"Auto Shields","floor":11.0,"key":"SMITH"},{"floor":15.0,"key":"REST"},{"floor":23.0,"key":"REST"},{"floor":27.0,"key":"REST"},{"floor":32.0,"key":"REST"}],"neow_cost":"NO_GOLD","seed_source_timestamp":1942690124111867,"circlet_count":0,"master_deck":["AscendersBane","Strike_B","Defend_B","Defend_B","Defend_B","Zap+1","Dualcast","Dramatic Entrance","Deep Breath+1","Cold Snap","Gash+1","Auto Shields+1","Coolheaded","Gash","Hologram","FTL+1","Gash","Hologram+1"],"special_seed":0,"relics":["Cracked Core","Pen Nib","Happy Flower","Mummified Hand","Matryoshka","Golden Idol","Empty Cage","Red Mask","PreservedInsect","Vajra","Dream Catcher","Regal Pillow","Frozen Egg 2"],"potions_floor_usage":[],"damage_taken":[{"damage":7.0,"enemies":"Jaw Worm","floor":1.0,"turns":3.0},{"damage":0.0,"enemies":"2 Louse","floor":3.0,"turns":2.0},{"damage":0.0,"enemies":"Small Slimes","floor":5.0,"turns":2.0},{"damage":8.0,"enemies":"Lagavulin","floor":7.0,"turns":8.0},{"damage":9.0,"enemies":"3 Sentries","floor":10.0,"turns":7.0},{"damage":26.0,"enemies":"Lagavulin","floor":12.0,"turns":7.0},{"damage":0.0,"enemies":"Looter","floor":13.0,"turns":3.0},{"damage":15.0,"enemies":"The Guardian","floor":16.0,"turns":13.0},{"damage":18.0,"enemies":"Shell Parasite","floor":18.0,"turns":7.0},{"damage":29.0,"enemies":"Masked Bandits","floor":20.0,"turns":6.0},{"damage":17.0,"enemies":"Gremlin Leader","floor":25.0,"turns":6.0},{"damage":7.0,"enemies":"Spheric Guardian","floor":28.0,"turns":3.0},{"damage":13.0,"enemies":"Snake Plant","floor":30.0,"turns":4.0},{"damage":2.0,"enemies":"Centurion and Healer","floor":31.0,"turns":5.0},{"damage":64,"enemies":"Automaton","floor":33,"turns":6}],"seed_played":"-2091284631615706254","potions_obtained":[{"floor":1.0,"key":"Weak Potion"},{"floor":13.0,"key":"SteroidPotion"},{"floor":16.0,"key":"Energy Potion"},{"floor":28.0,"key":"SpeedPotion"}],"is_trial":false,"path_per_floor":["M","?","M","$","M","R","E","R","T","E","R","E","M","?","R","B",null,"M","$","?","?","$","R","T","E","T","R","M","$","M","M","R","B"],"character_chosen":"DEFECT","items_purchased":["Hologram","PreservedInsect"],"campfire_rested":4,"item_purchase_floors":[22,22],"current_hp_per_floor":[61,61,61,61,61,61,53,53,53,44,44,18,18,18,38,23,58,40,40,11,11,11,31,31,14,14,49,42,42,29,27,62,0],"gold":132,"neow_bonus":"RANDOM_COLORLESS_2","is_prod":false,"is_daily":false,"chose_seed":false,"campfire_upgraded":3,"win_rate":0,"timestamp":1557434071,"path_taken":["M","?","M","$","M","R","E","R","T","E","R","E","M","?","R","BOSS","M","$","?","?","$","R","?","E","T","R","M","?","M","M","R","BOSS"],"build_version":"2019-01-23","purchased_purges":2,"victory":false,"max_hp_per_floor":[75,75,75,75,75,75,75,75,75,75,75,75,75,69,69,69,69,69,69,69,69,69,69,69,69,69,69,69,69,69,69,69,69],"card_choices":[{"not_picked":["Go for the Eyes","Compile Driver"],"picked":"Cold Snap","floor":1.0},{"not_picked":["Conserve Battery","Leap"],"picked":"Gash","floor":3.0},{"not_picked":["Go for the Eyes","Heatsinks"],"picked":"Auto Shields","floor":5.0},{"not_picked":["Auto Shields","Chaos","Rainbow"],"picked":"SKIP","floor":7.0},{"not_picked":["Go for the Eyes","Double Energy","Cold Snap"],"picked":"SKIP","floor":10.0},{"not_picked":["Force Field","Barrage"],"picked":"Coolheaded","floor":12.0},{"not_picked":["Conserve Battery","Ball Lightning","Recycle"],"picked":"SKIP","floor":13.0},{"not_picked":["Static Discharge","Lockon","Steam Power"],"picked":"SKIP","floor":18.0},{"not_picked":["Conserve Battery","Chaos"],"picked":"Gash","floor":20.0},{"not_picked":["Reprogram","Undo+1"],"picked":"FTL+1","floor":25.0},{"not_picked":["Sunder","Auto Shields","Lockon"],"picked":"SKIP","floor":28.0},{"not_picked":["Steam","Force Field"],"picked":"Gash","floor":30.0},{"not_picked":["Ball Lightning","Leap","Stack"],"picked":"SKIP","floor":31.0},{"not_picked":["Leap","Electrodynamics+1"],"picked":"Hologram+1","floor":32.0}],"player_experience":290837,"relics_obtained":[{"floor":7.0,"key":"Pen Nib"},{"floor":9.0,"key":"Happy Flower"},{"floor":10.0,"key":"Mummified Hand"},{"floor":12.0,"key":"Matryoshka"},{"floor":20.0,"key":"Red Mask"},{"floor":24.0,"key":"Vajra"},{"floor":24.0,"key":"Dream Catcher"},{"floor":25.0,"key":"Regal Pillow"},{"floor":26.0,"key":"Frozen Egg 2"}],"event_choices":[{"damage_healed":0.0,"max_hp_gain":0.0,"max_hp_loss":0.0,"gold_gain":0.0,"event_name":"Living Wall","player_choice":"Grow","floor":2.0,"gold_loss":0.0,"damage_taken":0.0,"cards_upgraded":["Zap"]},{"damage_healed":0.0,"max_hp_gain":0.0,"max_hp_loss":6.0,"gold_gain":0.0,"event_name":"Golden Idol","player_choice":"Lose Max HP","floor":14.0,"gold_loss":0.0,"damage_taken":0.0,"relics_obtained":["Golden Idol"]},{"damage_healed":0.0,"max_hp_gain":0.0,"max_hp_loss":0.0,"gold_gain":0.0,"event_name":"Masked Bandits","player_choice":"Fought Bandits","floor":20.0,"gold_loss":0.0,"damage_taken":0.0},{"damage_healed":0.0,"max_hp_gain":0.0,"max_hp_loss":0.0,"gold_gain":0.0,"event_name":"Cursed Tome","player_choice":"Ignored","floor":21.0,"gold_loss":0.0,"damage_taken":0.0}],"is_beta":false,"boss_relics":[{"not_picked":["Cursed Key","Snecko Eye"],"picked":"Empty Cage"}],"items_purged_floors":[19,22],"is_endless":false,"potions_floor_spawned":[1,13,16,28],"killed_by":"Automaton","ascension_level":12}