{"gold_per_floor":[117,134,150,120,120,146,157,157],"floor_reached":8,"playtime":455,"items_purged":[],"score":87,"play_id":"316be4cc-16c5-4d18-8b28-b07925a08052","local_time":"20190402151803","is_ascension_mode":true,"campfire_choices":[],"neow_cost":"NONE","seed_source_timestamp":333442562088970,"circlet_count":0,"master_deck":["Defend_G","Defend_G","Defend_G","Defend_G","Defend_G","Strike_G","Strike_G","Strike_G","Strike_G","Survivor","Neutralize+1","Flying Knee","Underhanded Strike","PiercingWail","Well Laid Plans","Blur","Dagger Spray"],"relics":["Ring of the Snake","Ornamental Fan"],"potions_floor_usage":[8],"damage_taken":[{"damage":8,"enemies":"Jaw Worm","floor":1,"turns":7},{"damage":0,"enemies":"Cultist","floor":2,"turns":3},{"damage":0,"enemies":"2 Louse","floor":3,"turns":3},{"damage":7,"enemies":"Exordium Thugs","floor":4,"turns":5},{"damage":18,"enemies":"3 Sentries","floor":6,"turns":12},{"damage":0,"enemies":"Looter","floor":7,"turns":4},{"damage":36,"enemies":"Gremlin Nob","floor":8,"turns":5}],"seed_played":"1702436630746482042","potions_obtained":[{"floor":3,"key":"Swift Potion"}],"is_trial":false,"path_per_floor":["M","M","M","M","?","E","M","E"],"character_chosen":"THE_SILENT","items_purchased":[],"campfire_rested":0,"item_purchase_floors":[],"current_hp_per_floor":[55,55,55,48,48,30,30,0],"gold":157,"neow_bonus":"UPGRADE_CARD","is_prod":false,"is_daily":false,"chose_seed":false,"campfire_upgraded":0,"win_rate":0,"timestamp":1554211083,"path_taken":["M","M","M","M","?","E","M","E"],"build_version":"2019-01-23","purchased_purges":0,"victory":false,"max_hp_per_floor":[70,70,70,70,70,70,70,70],"card_choices":[{"not_picked":["Poisoned Stab","Dagger Throw"],"picked":"Flying Knee","floor":1},{"not_picked":["Poisoned Stab","Masterful Stab"],"picked":"Underhanded Strike","floor":2},{"not_picked":["Infinite Blades","Prepared"],"picked":"PiercingWail","floor":3},{"not_picked":["Dagger Throw","Acrobatics"],"picked":"Well Laid Plans","floor":4},{"not_picked":["Deadly Poison","Bane"],"picked":"Blur","floor":6},{"not_picked":["Doppelganger","Escape Plan"],"picked":"Dagger Spray","floor":7}],"player_experience":184804,"relics_obtained":[{"floor":6,"key":"Ornamental Fan"}],"event_choices":[{"cards_removed":["Strike_G"],"damage_healed":0,"gold_gain":0,"player_choice":"Purged","damage_taken":0,"max_hp_gain":0,"max_hp_loss":0,"event_name":"Purifier","floor":5,"gold_loss":0}],"is_beta":false,"boss_relics":[],"items_purged_floors":[],"is_endless":false,"potions_floor_spawned":[3],"killed_by":"Gremlin Nob","ascension_level":9}