{"gold_per_floor":[114,114,139,150,150,150,150,150,150,165,180,213,233,250,250,250],"floor_reached":16,"playtime":450,"items_purged":[],"score":148,"play_id":"ac6c618f-d7a4-4816-8701-5eac4e09732e","local_time":"20190621175039","is_ascension_mode":true,"campfire_choices":[{"data":"Searing Blow","floor":6,"key":"SMITH"},{"data":"Searing Blow+1","floor":8,"key":"SMITH"},{"data":"Searing Blow+2","floor":15,"key":"SMITH"}],"neow_cost":"NONE","seed_source_timestamp":77525543861259,"circlet_count":0,"master_deck":["Strike_R","Strike_R","Strike_R","Strike_R","Strike_R","Defend_R","Defend_R","Defend_R","Defend_R","Bash","Searing Blow+3","Spot Weakness","Shrug It Off"],"relics":["Burning Blood","NeowsBlessing","Juzu Bracelet","Ancient Tea Set","Bronze Scales","Kunai"],"potions_floor_usage":[11,14],"damage_taken":[{"damage":0,"enemies":"Jaw Worm","floor":1,"turns":1},{"damage":0,"enemies":"Small Slimes","floor":4,"turns":1},{"damage":0,"enemies":"2 Louse","floor":10,"turns":1},{"damage":1,"enemies":"2 Fungi Beasts","floor":11,"turns":2},{"damage":40,"enemies":"3 Sentries","floor":12,"turns":8},{"damage":20,"enemies":"Large Slime","floor":13,"turns":5},{"damage":18,"enemies":"Exordium Wildlife","floor":14,"turns":4},{"damage":30,"enemies":"The Guardian","floor":16,"turns":11}],"seed_played":"1544679505542067767","potions_obtained":[{"floor":1,"key":"FearPotion"},{"floor":4,"key":"AttackPotion"},{"floor":11,"key":"BloodPotion"}],"is_trial":false,"path_per_floor":["M","?","T","M","?","R","$","R","T","M","M","E","M","M","R","B"],"character_chosen":"IRONCLAD","items_purchased":[],"campfire_rested":0,"item_purchase_floors":[],"current_hp_per_floor":[78,78,78,80,73,73,73,73,73,79,80,46,32,28,28,0],"gold":250,"neow_bonus":"THREE_ENEMY_KILL","is_prod":false,"is_daily":false,"chose_seed":false,"campfire_upgraded":3,"win_rate":0,"timestamp":1561157439,"path_taken":["M","?","?","M","?","R","?","R","T","M","M","E","M","M","R","BOSS"],"build_version":"2019-01-23","purchased_purges":0,"victory":false,"max_hp_per_floor":[80,80,80,80,80,80,80,80,80,80,80,80,80,80,80,80],"card_choices":[{"not_picked":["Pummel","Feel No Pain"],"picked":"Searing Blow","floor":1},{"not_picked":["Clash","Pommel Strike"],"picked":"Spot Weakness","floor":4},{"not_picked":["Second Wind","Anger","Twin Strike"],"picked":"SKIP","floor":10},{"not_picked":["Thunderclap","Flex","Body Slam"],"picked":"SKIP","floor":11},{"not_picked":["Sever Soul","Clash","Power Through"],"picked":"SKIP","floor":12},{"not_picked":["True Grit","Uppercut"],"picked":"Shrug It Off","floor":13},{"not_picked":["Intimidate","Second Wind","Dropkick"],"picked":"SKIP","floor":14}],"player_experience":233168,"relics_obtained":[{"floor":3,"key":"Ancient Tea Set"},{"floor":9,"key":"Bronze Scales"},{"floor":12,"key":"Kunai"}],"event_choices":[{"damage_healed":0,"gold_gain":0,"player_choice":"Box","damage_taken":0,"relics_obtained":["Juzu Bracelet"],"max_hp_gain":0,"max_hp_loss":0,"event_name":"Big Fish","floor":2,"gold_loss":0,"cards_obtained":["Regret"]},{"cards_removed":["Regret"],"damage_healed":0,"gold_gain":0,"player_choice":"Card Removal","damage_taken":7,"max_hp_gain":0,"max_hp_loss":0,"event_name":"Golden Wing","floor":5,"gold_loss":0}],"is_beta":false,"boss_relics":[],"items_purged_floors":[],"is_endless":false,"potions_floor_spawned":[1,4,11],"killed_by":"The Guardian","ascension_level":9}