{"gold_per_floor":[112,112,124,49,99,99,130,149,149,180,4,37,47,57,57,131,131,146,166,183,216,235,260,260,286,286,286,313,331,331,246,246,323,323,342,354,5,5,23,52,52,79,105,116,116,116,146,163,163,163,163,163,163,13,41,41],"floor_reached":56,"playtime":2327,"items_purged":["Strike_G","Strike_G","Outmaneuver+1","Parasite"],"score":2330,"play_id":"b0212356-dd40-49a9-8621-c7b2fdd252ef","local_time":"20190608165900","is_ascension_mode":true,"campfire_choices":[{"data":"Catalyst","floor":6.0,"key":"SMITH"},{"data":"Caltrops","floor":15.0,"key":"SMITH"},{"data":"Backflip","floor":24.0,"key":"SMITH"},{"data":"Noxious Fumes","floor":30.0,"key":"SMITH"},{"data":"Survivor","floor":32.0,"key":"SMITH"},{"data":"Well Laid Plans","floor":41.0,"key":"SMITH"},{"floor":49.0,"key":"RECALL"},{"data":"Deadly Poison","floor":53,"key":"SMITH"}],"neow_cost":"NONE","seed_source_timestamp":320704734524805,"circlet_count":0,"master_deck":["AscendersBane","Defend_G","Defend_G","Defend_G","Defend_G","Defend_G","Survivor+1","Neutralize","Catalyst+1","Deadly Poison+1","Backflip+1","Poisoned Stab","Caltrops+1","Leg Sweep+1","Catalyst+1","Burst+1","Burst+1","Deflect+1","PiercingWail+1","Adrenaline+1","Deadly Poison+1","Noxious Fumes+1","Corpse Explosion+1","Dagger Throw+1","Footwork+1","Well Laid Plans+1","PiercingWail+1","Blur+1"],"special_seed":0,"relics":["Ring of the Snake","NeowsBlessing","Blood Vial","Question Card","Toxic Egg 2","Blue Candle","Coffee Dripper","Red Mask","PreservedInsect","Regal Pillow","Dodecahedron","Snake Skull","Anchor","Astrolabe","TwistedFunnel","Paper Crane","Kunai","The Specimen","Mercury Hourglass"],"potions_floor_usage":[],"damage_taken":[{"damage":0.0,"enemies":"2 Louse","floor":1.0,"turns":1.0},{"damage":0.0,"enemies":"Cultist","floor":3.0,"turns":1.0},{"damage":0.0,"enemies":"Gremlin Nob","floor":7.0,"turns":1.0},{"damage":1.0,"enemies":"Small Slimes","floor":8.0,"turns":4.0},{"damage":10.0,"enemies":"Lagavulin","floor":10.0,"turns":5.0},{"damage":1.0,"enemies":"Gremlin Nob","floor":12.0,"turns":3.0},{"damage":3.0,"enemies":"Exordium Thugs","floor":13.0,"turns":5.0},{"damage":4.0,"enemies":"Blue Slaver","floor":14.0,"turns":5.0},{"damage":6.0,"enemies":"The Guardian","floor":16.0,"turns":4.0},{"damage":0.0,"enemies":"3 Byrds","floor":18.0,"turns":4.0},{"damage":2.0,"enemies":"Shell Parasite","floor":19.0,"turns":3.0},{"damage":7.0,"enemies":"Shelled Parasite and Fungi","floor":20.0,"turns":4.0},{"damage":3.0,"enemies":"Masked Bandits","floor":21.0,"turns":2.0},{"damage":2.0,"enemies":"Snake Plant","floor":22.0,"turns":3.0},{"damage":9.0,"enemies":"Slavers","floor":23.0,"turns":7.0},{"damage":9.0,"enemies":"Book of Stabbing","floor":25.0,"turns":4.0},{"damage":27.0,"enemies":"Gremlin Leader","floor":28.0,"turns":4.0},{"damage":0.0,"enemies":"Snecko","floor":29.0,"turns":3.0},{"damage":0.0,"enemies":"Collector","floor":33.0,"turns":3.0},{"damage":12.0,"enemies":"Orb Walker","floor":35.0,"turns":5.0},{"damage":0.0,"enemies":"3 Darklings","floor":36.0,"turns":1.0},{"damage":5.0,"enemies":"4 Shapes","floor":39.0,"turns":3.0},{"damage":0.0,"enemies":"Giant Head","floor":40.0,"turns":2.0},{"damage":37.0,"enemies":"Nemesis","floor":42.0,"turns":3.0},{"damage":0.0,"enemies":"Writhing Mass","floor":44.0,"turns":3.0},{"damage":0.0,"enemies":"Giant Head","floor":47.0,"turns":3.0},{"damage":0.0,"enemies":"3 Darklings","floor":48.0,"turns":3.0},{"damage":20.0,"enemies":"Awakened One","floor":50.0,"turns":11.0},{"damage":16,"enemies":"Time Eater","floor":51,"turns":7},{"damage":0,"enemies":"Shield and Spear","floor":55,"turns":3},{"damage":69,"enemies":"The Heart","floor":56,"turns":5}],"seed_played":"2655483452811748331","potions_obtained":[{"floor":1.0,"key":"SteroidPotion"},{"floor":7.0,"key":"Fire Potion"},{"floor":12.0,"key":"PowerPotion"},{"floor":21.0,"key":"EssenceOfSteel"},{"floor":22.0,"key":"Swift Potion"},{"floor":25.0,"key":"PowerPotion"},{"floor":29.0,"key":"Ancient Potion"},{"floor":35.0,"key":"Poison Potion"},{"floor":39.0,"key":"PowerPotion"},{"floor":42.0,"key":"Dexterity Potion"},{"floor":48.0,"key":"GhostInAJar"}],"is_trial":false,"path_per_floor":["M","?","M","$","?","R","E","M","T","E","$","E","M","M","R","B",null,"M","M","M","?","M","E","R","E","T","?","E","M","R","?","R","B",null,"M","M","$","?","M","E","R","E","T","M","?","?","E","M","R","B","B",null,"R","$","E","B"],"character_chosen":"THE_SILENT","items_purchased":["Caltrops","TwistedFunnel"],"campfire_rested":0,"item_purchase_floors":[11,37],"current_hp_per_floor":[59,59,59,59,59,59,59,60,60,52,52,53,52,50,50,46,61,63,63,58,57,57,50,50,43,43,43,18,20,20,20,20,22,55,45,47,47,47,44,46,46,11,11,13,52,52,52,52,52,32,18,44,44,44,46,0],"gold":41,"neow_bonus":"THREE_ENEMY_KILL","is_prod":false,"is_daily":false,"chose_seed":false,"campfire_upgraded":7,"win_rate":0,"timestamp":1560005940,"path_taken":["M","?","?","?","?","R","E","M","T","E","$","E","M","M","R","BOSS","M","M","M","?","M","E","R","E","T","?","E","M","R","?","R","BOSS","M","M","$","?","M","E","R","E","T","M","?","?","E","M","R","BOSS","BOSS","R","$","E","BOSS"],"build_version":"2019-01-23","purchased_purges":4,"victory":false,"max_hp_per_floor":[66,66,66,66,66,66,66,66,66,66,66,66,66,66,66,66,66,66,66,66,66,66,66,66,66,66,66,66,66,66,66,66,66,66,66,66,66,63,63,63,63,63,63,63,52,52,52,52,52,52,52,52,52,49,49,49],"card_choices":[{"not_picked":["Prepared","Blade Dance"],"picked":"Poisoned Stab","floor":1.0},{"not_picked":["Choke","Footwork"],"picked":"Deadly Poison","floor":3.0},{"not_picked":["Dagger Throw","Dodge and Roll"],"picked":"Backflip","floor":7.0},{"not_picked":["Backflip","Dagger Spray"],"picked":"Poisoned Stab","floor":8.0},{"not_picked":["Skewer","Terror","Distraction","Envenom"],"picked":"SKIP","floor":10.0},{"not_picked":["Expertise+1","Masterful Stab","Deadly Poison+1"],"picked":"Leg Sweep+1","floor":12.0},{"not_picked":["Outmaneuver+1","Infinite Blades","Flying Knee"],"picked":"Catalyst+1","floor":13.0},{"not_picked":["Backflip+1","Deflect+1","Blade Dance+1"],"picked":"Burst+1","floor":14.0},{"not_picked":["Venomology+1","Envenom","Phantasmal Killer+1"],"picked":"Burst+1","floor":16.0},{"not_picked":["Riddle With Holes","Flying Knee","Underhanded Strike+1"],"picked":"Deflect+1","floor":18.0},{"not_picked":["Blade Dance+1","Phantasmal Killer+1","Deflect+1"],"picked":"PiercingWail+1","floor":19.0},{"not_picked":["Quick Slash","Eviscerate","Dagger Spray","Sucker Punch"],"picked":"SKIP","floor":20.0},{"not_picked":["Backflip+1","Blade Dance+1","Caltrops"],"picked":"Adrenaline+1","floor":21.0},{"not_picked":["Riddle With Holes","PiercingWail+1","Skewer"],"picked":"Deadly Poison+1","floor":22.0},{"not_picked":["Deadly Poison+1","Prepared+1","Quick Slash","Concentrate+1"],"picked":"SKIP","floor":23.0},{"not_picked":["Endless Agony","Concentrate+1","Prepared+1","Die Die Die"],"picked":"SKIP","floor":25.0},{"not_picked":["Terror+1","Dagger Throw","Poisoned Stab","Die Die Die"],"picked":"SKIP","floor":28.0},{"not_picked":["Acrobatics+1","Blade Dance+1","Tactician+1"],"picked":"Noxious Fumes","floor":29.0},{"not_picked":["Wraith Form v2","A Thousand Cuts","Doppelganger+1"],"picked":"Corpse Explosion+1","floor":33.0},{"not_picked":["Expertise+1","Escape Plan+1","Skewer","Finisher+1"],"picked":"SKIP","floor":35.0},{"not_picked":["Underhanded Strike","Catalyst+1","Acrobatics+1","Caltrops"],"picked":"SKIP","floor":36.0},{"not_picked":["Poisoned Stab","Bouncing Flask+1","Sucker Punch"],"picked":"Footwork+1","floor":39.0},{"not_picked":["Well Laid Plans","Blade Dance+1","Burst+1","Prepared+1"],"picked":"SKIP","floor":40.0},{"not_picked":["Blade Dance+1","Burst+1","Prepared+1"],"picked":"Well Laid Plans","floor":40.0},{"not_picked":["Prepared+1","Backflip+1","Dagger Spray","Outmaneuver+1"],"picked":"SKIP","floor":42.0},{"not_picked":["Slice+1","Flying Knee","Underhanded Strike+1"],"picked":"PiercingWail+1","floor":44.0},{"not_picked":["Dodge and Roll+1","Prepared+1","Backstab","All Out Attack"],"picked":"SKIP","floor":47.0},{"not_picked":["Prepared+1","Heel Hook+1","Backflip+1"],"picked":"Blur+1","floor":48.0},{"not_picked":["Setup+1","Cloak And Dagger+1","Doppelganger+1","Acrobatics+1"],"picked":"SKIP","floor":55}],"player_experience":544822,"relics_obtained":[{"floor":7.0,"key":"Blood Vial"},{"floor":9.0,"key":"Question Card"},{"floor":10.0,"key":"Toxic Egg 2"},{"floor":12.0,"key":"Blue Candle"},{"floor":21.0,"key":"Red Mask"},{"floor":23.0,"key":"PreservedInsect"},{"floor":25.0,"key":"Regal Pillow"},{"floor":26.0,"key":"Dodecahedron"},{"floor":28.0,"key":"Snake Skull"},{"floor":40.0,"key":"Paper Crane"},{"floor":42.0,"key":"Kunai"},{"floor":47.0,"key":"The Specimen"},{"floor":55,"key":"Mercury Hourglass"}],"event_choices":[{"damage_healed":0.0,"max_hp_gain":0.0,"max_hp_loss":0.0,"gold_gain":0.0,"cards_transformed":["Strike_G"],"event_name":"Transmorgrifier","player_choice":"Transformed","floor":2.0,"gold_loss":0.0,"damage_taken":0.0,"cards_obtained":["Catalyst"]},{"damage_healed":0.0,"max_hp_gain":0.0,"max_hp_loss":0.0,"gold_gain":50.0,"event_name":"Golden Shrine","player_choice":"Pray","floor":5.0,"gold_loss":0.0,"damage_taken":0.0},{"damage_healed":0.0,"max_hp_gain":0.0,"max_hp_loss":0.0,"gold_gain":0.0,"event_name":"Masked Bandits","player_choice":"Fought Bandits","floor":21.0,"gold_loss":0.0,"damage_taken":0.0},{"damage_healed":0.0,"max_hp_gain":0.0,"max_hp_loss":0.0,"gold_gain":0.0,"event_name":"Vampires","player_choice":"Ignored","floor":27.0,"gold_loss":0.0,"damage_taken":0.0},{"damage_healed":0.0,"max_hp_gain":0.0,"max_hp_loss":0.0,"gold_gain":0.0,"event_name":"Addict","player_choice":"Obtained Relic","floor":31.0,"gold_loss":85.0,"damage_taken":0.0,"relics_obtained":["Anchor"]},{"damage_healed":0.0,"max_hp_gain":0.0,"max_hp_loss":3.0,"gold_gain":0.0,"event_name":"Winding Halls","player_choice":"Max HP","floor":38.0,"gold_loss":0.0,"damage_taken":0.0},{"damage_healed":52.0,"max_hp_gain":0.0,"max_hp_loss":11.0,"gold_gain":0.0,"event_name":"The Moai Head","player_choice":"Heal","floor":45.0,"gold_loss":0.0,"damage_taken":0.0},{"cards_removed":["Predator"],"damage_healed":0.0,"max_hp_gain":0.0,"max_hp_loss":0.0,"gold_gain":0.0,"event_name":"Falling","player_choice":"Removed Attack","floor":46.0,"gold_loss":0.0,"damage_taken":0.0}],"is_beta":false,"boss_relics":[{"not_picked":["Black Star","Tiny House"],"picked":"Coffee Dripper"},{"not_picked":["Velvet Choker","Cursed Key"],"picked":"Astrolabe"}],"items_purged_floors":[4,11,37,54],"is_endless":false,"potions_floor_spawned":[1,7,12,13,16,21,22,25,29,35,39,40,42,48],"killed_by":"The Heart","ascension_level":20}