{"gold_per_floor":[109,109,127,138,156,156,187,112,166,176,204,51,51,62,62,62],"floor_reached":16,"playtime":397,"items_purged":["Strike_B"],"score":224,"play_id":"968819e0-1b89-4ec6-b3cd-ce63b936af49","local_time":"20190601235421","is_ascension_mode":true,"campfire_choices":[{"data":"Rip and Tear","floor":6.0,"key":"SMITH"},{"data":"Defragment","floor":15.0,"key":"SMITH"}],"neow_cost":"NONE","seed_source_timestamp":157336637158,"circlet_count":0,"master_deck":["AscendersBane","Strike_B","Strike_B","Defend_B","Defend_B","Defend_B","Defend_B","Zap+1","Dualcast","Glacier","Rip and Tear+1","Compile Driver","Rip and Tear","Chaos","Sweeping Beam","Multi-Cast","Defragment+1"],"special_seed":0,"relics":["Cracked Core","Centennial Puzzle","Sundial","Boot","Orichalcum"],"potions_floor_usage":[],"damage_taken":[{"damage":4.0,"enemies":"Small Slimes","floor":1.0,"turns":3.0},{"damage":0.0,"enemies":"Cultist","floor":3.0,"turns":4.0},{"damage":0.0,"enemies":"2 Louse","floor":4.0,"turns":3.0},{"damage":1.0,"enemies":"Looter","floor":5.0,"turns":3.0},{"damage":11.0,"enemies":"Gremlin Nob","floor":7.0,"turns":3.0},{"damage":7.0,"enemies":"Exordium Thugs","floor":10.0,"turns":3.0},{"damage":17.0,"enemies":"3 Sentries","floor":11.0,"turns":7.0},{"damage":6.0,"enemies":"2 Fungi Beasts","floor":14.0,"turns":4.0},{"damage":30,"enemies":"The Guardian","floor":16,"turns":2}],"seed_played":"3332613393219204328","potions_obtained":[{"floor":3.0,"key":"Energy Potion"},{"floor":5.0,"key":"Dexterity Potion"},{"floor":11.0,"key":"Dexterity Potion"},{"floor":13.0,"key":"Regen Potion"}],"is_trial":false,"path_per_floor":["M","?","M","M","M","R","E","?","T","M","E","$","?","M","R","B"],"character_chosen":"DEFECT","items_purchased":["Defragment"],"campfire_rested":0,"item_purchase_floors":[12],"current_hp_per_floor":[60,60,60,60,59,59,48,48,48,41,24,24,24,30,30,0],"gold":62,"neow_bonus":"RANDOM_COMMON_RELIC","is_prod":false,"is_daily":false,"chose_seed":false,"campfire_upgraded":2,"win_rate":0,"timestamp":1559426061,"path_taken":["M","?","M","?","M","R","E","?","T","M","E","$","?","M","R","BOSS"],"build_version":"2019-05-31","purchased_purges":1,"victory":false,"max_hp_per_floor":[71,71,71,71,71,71,71,71,71,71,71,71,71,71,71,71],"card_choices":[{"not_picked":["Steam","Compile Driver"],"picked":"Glacier","floor":1.0},{"not_picked":["Stack","Blizzard"],"picked":"Rip and Tear","floor":3.0},{"not_picked":["Streamline","Hologram"],"picked":"Compile Driver","floor":4.0},{"not_picked":["Gash","Coolheaded"],"picked":"Rip and Tear","floor":5.0},{"not_picked":["Compile Driver","Redo"],"picked":"Chaos","floor":7.0},{"not_picked":["Barrage","Capacitor"],"picked":"Sweeping Beam","floor":10.0},{"not_picked":["Steam","Recycle"],"picked":"Multi-Cast","floor":11.0},{"not_picked":["Beam Cell","Turbo","Rip and Tear"],"picked":"SKIP","floor":14.0}],"player_experience":1649158,"relics_obtained":[{"floor":7.0,"key":"Sundial"},{"floor":9.0,"key":"Boot"},{"floor":11.0,"key":"Orichalcum"}],"event_choices":[{"damage_healed":0.0,"max_hp_gain":0.0,"max_hp_loss":0.0,"gold_gain":0.0,"event_name":"Upgrade Shrine","player_choice":"Upgraded","floor":2.0,"gold_loss":0.0,"damage_taken":0.0,"cards_upgraded":["Zap"]},{"cards_removed":["Strike_B"],"damage_healed":0.0,"max_hp_gain":0.0,"max_hp_loss":0.0,"gold_gain":0.0,"event_name":"The Cleric","player_choice":"Card Removal","floor":8.0,"gold_loss":75.0,"damage_taken":0.0},{"damage_healed":0.0,"max_hp_gain":0.0,"max_hp_loss":0.0,"gold_gain":0.0,"event_name":"Lab","player_choice":"Got Potions","floor":13.0,"gold_loss":0.0,"damage_taken":0.0}],"is_beta":true,"boss_relics":[],"items_purged_floors":[12],"is_endless":false,"potions_floor_spawned":[3,5,7,10,11],"killed_by":"The Guardian","ascension_level":20}