{"gold_per_floor":[111,111,36,36,49,74,74,4,4,17,17,64,64,74,74,74],"floor_reached":16,"playtime":2918,"items_purged":["Strike_R"],"score":123,"play_id":"784b566c-6976-4399-8406-80e28c6af512","local_time":"20190425190021","is_ascension_mode":false,"campfire_choices":[{"data":"1","floor":7,"key":"LIFT"},{"data":"2","floor":13,"key":"LIFT"},{"floor":15,"key":"REST"}],"neow_cost":"NONE","seed_source_timestamp":1108319530515410,"circlet_count":0,"master_deck":["Strike_R","Strike_R","Strike_R","Defend_R+1","Defend_R","Defend_R+1","Defend_R","Bash","Armaments","Cleave","Metallicize","Dual Wield","Bloodletting","Searing Blow"],"relics":["Burning Blood","NeowsBlessing","Girya","Centennial Puzzle","Bag of Preparation"],"potions_floor_usage":[16],"damage_taken":[{"damage":0,"enemies":"Small Slimes","floor":1,"turns":1},{"damage":0,"enemies":"2 Louse","floor":5,"turns":2},{"damage":0,"enemies":"Gremlin Nob","floor":6,"turns":1},{"damage":16,"enemies":"Jaw Worm","floor":10,"turns":7},{"damage":12,"enemies":"Blue Slaver","floor":14,"turns":4},{"damage":78,"enemies":"Hexaghost","floor":16,"turns":14}],"seed_played":"2036010492743945403","potions_obtained":[{"floor":10,"key":"AttackPotion"},{"floor":14,"key":"Energy Potion"}],"is_trial":false,"path_per_floor":["M","?","$","?","M","E","R","$","T","M","?","T","R","M","R","B"],"character_chosen":"IRONCLAD","items_purchased":["Dual Wield"],"campfire_rested":1,"item_purchase_floors":[8],"current_hp_per_floor":[80,73,73,57,63,69,69,69,69,59,59,59,59,53,77,0],"gold":74,"neow_bonus":"THREE_ENEMY_KILL","is_prod":false,"is_daily":false,"chose_seed":false,"campfire_upgraded":0,"win_rate":0.0,"timestamp":1556233221,"path_taken":["M","?","$","?","M","E","R","$","T","M","?","?","R","M","R","BOSS"],"build_version":"2019-01-23","purchased_purges":1,"victory":false,"max_hp_per_floor":[80,80,80,80,80,80,80,80,80,80,80,80,80,80,80,80],"card_choices":[{"not_picked":["Iron Wave","Perfected Strike"],"picked":"Armaments","floor":1},{"not_picked":["Wild Strike","Ghostly Armor"],"picked":"Cleave","floor":5},{"not_picked":["Iron Wave","Carnage"],"picked":"Metallicize","floor":6},{"not_picked":["Headbutt","Pommel Strike"],"picked":"Bloodletting","floor":10},{"not_picked":["Corruption","Battle Trance"],"picked":"Searing Blow","floor":14}],"player_experience":38310,"relics_obtained":[{"floor":6,"key":"Girya"},{"floor":9,"key":"Centennial Puzzle"},{"floor":12,"key":"Bag of Preparation"}],"event_choices":[{"cards_removed":["Strike_R"],"damage_healed":0,"gold_gain":0,"player_choice":"Card Removal","damage_taken":7,"max_hp_gain":0,"max_hp_loss":0,"event_name":"Golden Wing","floor":2,"gold_loss":0},{"damage_healed":0,"gold_gain":0,"player_choice":"Entered Light","damage_taken":16,"max_hp_gain":0,"max_hp_loss":0,"event_name":"Shining Light","floor":4,"gold_loss":0,"cards_upgraded":["Defend_R","Defend_R"]},{"damage_healed":0,"gold_gain":0,"player_choice":"Leave","damage_taken":0,"max_hp_gain":0,"max_hp_loss":0,"event_name":"The Cleric","floor":11,"gold_loss":0}],"is_beta":false,"boss_relics":[],"items_purged_floors":[3],"is_endless":false,"potions_floor_spawned":[10,14],"killed_by":"Hexaghost","ascension_level":0}