{"gold_per_floor":[119,137,62,72,83,83,108,108,108,135,135,135,60,60,60,186,186,202,202,216,239,275,316,316,316,341,341,357,397,397,441,441,570,570,583,604,351,573,41,74,74,92,92,92,123,123,154,154,154,154,154,154,4,39,39],"floor_reached":56,"playtime":3850,"items_purged":["Strike_G","Defend_G","Strike_G","Strike_G"],"score":1577,"play_id":"c5f5ef99-1412-4b79-9f18-002181f4fae3","local_time":"20190308184235","is_ascension_mode":true,"campfire_choices":[{"data":"Leg Sweep","floor":6.0,"key":"SMITH"},{"data":"Sucker Punch","floor":8.0,"key":"SMITH"},{"data":"Noxious Fumes","floor":12.0,"key":"SMITH"},{"data":"Caltrops","floor":15.0,"key":"SMITH"},{"floor":24,"key":"REST"},{"data":"Malaise","floor":27,"key":"SMITH"},{"floor":30,"key":"DIG"},{"floor":32,"key":"REST"},{"floor":41,"key":"DIG"},{"floor":49,"key":"RECALL"},{"floor":52,"key":"DIG"}],"neow_cost":"NONE","seed_source_timestamp":585194710059024,"circlet_count":0,"master_deck":["Defend_G","Defend_G+1","Defend_G","Defend_G+1","Strike_G","Strike_G+1","Survivor","Neutralize","Leg Sweep+1","Cloak And Dagger","Noxious Fumes+1","Dash+1","Sucker Punch+1","Crippling Poison","Caltrops+1","Malaise+1","RitualDagger","Blur","Backstab","Heel Hook","Bullet Time","Backflip","Dark Shackles"],"special_seed":0,"relics":["Ring of the Snake","Oddly Smooth Stone","Girya","Pocketwatch","Shovel","Golden Idol","Philosopher\u0027s Stone","Red Mask","Turnip","Vajra","Strawberry","Mummified Hand","Paper Crane","Black Star","Ancient Tea Set","Mercury Hourglass","Bag of Preparation","FossilizedHelix","War Paint","Gambling Chip","Snake Skull","Bronze Scales","Orichalcum","Meat on the Bone","Molten Egg 2","Whetstone","Sundial","Lantern","Kunai"],"potions_floor_usage":[21,22,23,31,36,50,55],"damage_taken":[{"damage":0.0,"enemies":"Cultist","floor":1.0,"turns":4.0},{"damage":0.0,"enemies":"Small Slimes","floor":2.0,"turns":4.0},{"damage":0.0,"enemies":"2 Louse","floor":4.0,"turns":3.0},{"damage":9.0,"enemies":"Exordium Wildlife","floor":5.0,"turns":7.0},{"damage":20.0,"enemies":"Gremlin Nob","floor":7.0,"turns":6.0},{"damage":2.0,"enemies":"Lagavulin","floor":10.0,"turns":7.0},{"damage":7.0,"enemies":"Slime Boss","floor":16.0,"turns":10.0},{"damage":0.0,"enemies":"Shell Parasite","floor":18.0,"turns":5.0},{"damage":19,"enemies":"2 Thieves","floor":20,"turns":4},{"damage":6,"enemies":"3 Cultists","floor":21,"turns":6},{"damage":10,"enemies":"Masked Bandits","floor":22,"turns":4},{"damage":21,"enemies":"Slavers","floor":23,"turns":9},{"damage":3,"enemies":"Snake Plant","floor":28,"turns":6},{"damage":3,"enemies":"Book of Stabbing","floor":29,"turns":7},{"damage":2,"enemies":"Slavers","floor":31,"turns":6},{"damage":10,"enemies":"Champ","floor":33,"turns":14},{"damage":0,"enemies":"Orb Walker","floor":35,"turns":4},{"damage":6,"enemies":"3 Darklings","floor":36,"turns":5},{"damage":1,"enemies":"Reptomancer","floor":40,"turns":8},{"damage":0,"enemies":"Writhing Mass","floor":42,"turns":6},{"damage":7,"enemies":"Giant Head","floor":45,"turns":10},{"damage":0,"enemies":"Reptomancer","floor":47,"turns":7},{"damage":0,"enemies":"Awakened One","floor":50,"turns":16},{"damage":12,"enemies":"Shield and Spear","floor":54,"turns":6},{"damage":59,"enemies":"The Heart","floor":55,"turns":11}],"seed_played":"3070026945869692431","potions_obtained":[{"floor":1.0,"key":"AttackPotion"},{"floor":4.0,"key":"FearPotion"},{"floor":5.0,"key":"Explosive Potion"},{"floor":16.0,"key":"Dexterity Potion"},{"floor":21,"key":"Weak Potion"},{"floor":23,"key":"Ancient Potion"},{"floor":28,"key":"Weak Potion"},{"floor":33,"key":"SteroidPotion"},{"floor":42,"key":"FearPotion"}],"is_trial":false,"path_per_floor":["M","M","$","M","M","R","E","R","T","E","$","R","$","?","R","B",null,"M","?","M","M","?","E","R","T","T","R","M","E","R","E","R","B",null,"M","M","$","?","$","E","R","M","T","?","E","T","E","$","R","B",null,"R","$","E","B",null],"character_chosen":"THE_SILENT","items_purchased":["Noxious Fumes","Ancient Tea Set","Mercury Hourglass","Bag of Preparation"],"campfire_rested":2,"item_purchase_floors":[3,37,39,39],"current_hp_per_floor":[70,70,70,70,61,61,41,41,41,39,39,39,39,22,22,15,70,70,64,45,39,29,8,29,29,29,29,26,30,30,28,51,41,77,77,71,71,71,71,70,70,70,70,70,63,63,63,63,63,63,77,77,77,65,18],"gold":39,"neow_bonus":"RANDOM_COMMON_RELIC","is_prod":false,"is_daily":false,"chose_seed":false,"campfire_upgraded":5,"win_rate":0,"timestamp":1552066955,"path_taken":["M","?","?","M","?","R","E","R","T","E","$","R","$","?","R","BOSS","M","?","M","M","?","E","R","?","T","R","M","E","R","E","R","BOSS","M","M","$","?","$","E","R","M","T","?","E","?","E","?","R","BOSS","R","$","E","BOSS"],"build_version":"2019-01-23","purchased_purges":4,"victory":true,"max_hp_per_floor":[70,70,70,70,70,70,70,70,70,70,70,70,70,70,70,70,70,70,70,70,70,70,70,70,70,70,70,70,77,77,77,77,77,77,77,77,77,77,77,77,77,77,77,77,77,77,77,77,77,77,77,77,77,77,77],"card_choices":[{"not_picked":["Setup","Outmaneuver"],"picked":"Leg Sweep","floor":1.0},{"not_picked":["Underhanded Strike","Deflect"],"picked":"Cloak And Dagger","floor":2.0},{"not_picked":["Outmaneuver","Slice"],"picked":"Dash","floor":4.0},{"not_picked":["Outmaneuver","Slice"],"picked":"Sucker Punch","floor":5.0},{"not_picked":["Bouncing Flask","Bane"],"picked":"Crippling Poison","floor":7.0},{"not_picked":["Choke","Dodge and Roll"],"picked":"Caltrops","floor":10.0},{"not_picked":["Glass Knife","Venomology"],"picked":"Malaise","floor":16.0},{"not_picked":["All Out Attack","Infinite Blades","Flying Knee"],"picked":"SKIP","floor":18.0},{"not_picked":["Well Laid Plans","Quick Slash"],"picked":"Blur","floor":20},{"not_picked":["Acrobatics","Reflex"],"picked":"Backstab","floor":21},{"not_picked":["Masterful Stab","Expertise","Outmaneuver"],"picked":"SKIP","floor":23},{"not_picked":["Noxious Fumes+1","Reflex","Setup"],"picked":"SKIP","floor":28},{"not_picked":["Noxious Fumes","Caltrops","Infinite Blades"],"picked":"SKIP","floor":29},{"not_picked":["Catalyst","Predator"],"picked":"Heel Hook","floor":31},{"not_picked":["Unload","Glass Knife"],"picked":"Bullet Time","floor":33},{"not_picked":["Quick Slash+1","Flying Knee","Setup"],"picked":"SKIP","floor":35},{"not_picked":["Expertise","Acrobatics"],"picked":"Backflip","floor":36},{"not_picked":["PiercingWail","Choke+1","Sucker Punch"],"picked":"SKIP","floor":40},{"not_picked":["Blade Dance","Acrobatics+1","Dagger Throw"],"picked":"SKIP","floor":42},{"not_picked":["Secret Technique","Trip"],"picked":"Dark Shackles","floor":44},{"not_picked":["Reflex+1","Outmaneuver+1","Poisoned Stab+1"],"picked":"SKIP","floor":45},{"not_picked":["Deadly Poison+1","Underhanded Strike+1","Deflect"],"picked":"SKIP","floor":47},{"not_picked":["Eviscerate+1","Terror+1","Doppelganger"],"picked":"SKIP","floor":54}],"player_experience":37422,"relics_obtained":[{"floor":7.0,"key":"Girya"},{"floor":9.0,"key":"Pocketwatch"},{"floor":10.0,"key":"Shovel"},{"floor":22,"key":"Red Mask"},{"floor":23,"key":"Turnip"},{"floor":26,"key":"Vajra"},{"floor":29,"key":"Strawberry"},{"floor":30,"key":"Mummified Hand"},{"floor":31,"key":"Paper Crane"},{"floor":40,"key":"FossilizedHelix"},{"floor":40,"key":"War Paint"},{"floor":41,"key":"Gambling Chip"},{"floor":43,"key":"Snake Skull"},{"floor":45,"key":"Bronze Scales"},{"floor":45,"key":"Orichalcum"},{"floor":46,"key":"Meat on the Bone"},{"floor":47,"key":"Molten Egg 2"},{"floor":47,"key":"Whetstone"},{"floor":52,"key":"Sundial"},{"floor":54,"key":"Lantern"},{"floor":54,"key":"Kunai"}],"event_choices":[{"damage_healed":0.0,"max_hp_gain":0.0,"max_hp_loss":0.0,"gold_gain":0.0,"event_name":"Golden Idol","player_choice":"Take Damage","floor":14.0,"gold_loss":0.0,"damage_taken":17.0,"relics_obtained":["Golden Idol"]},{"damage_healed":0.0,"max_hp_gain":0.0,"max_hp_loss":0.0,"gold_gain":0.0,"event_name":"Nest","player_choice":"Joined the Cult","floor":19.0,"gold_loss":0.0,"damage_taken":6.0,"cards_obtained":["RitualDagger"]},{"damage_healed":0,"gold_gain":0,"player_choice":"Fought Bandits","damage_taken":0,"max_hp_gain":0,"max_hp_loss":0,"event_name":"Masked Bandits","floor":22,"gold_loss":0},{"damage_healed":0,"gold_gain":222,"player_choice":"Wore Mask","damage_taken":0,"max_hp_gain":0,"max_hp_loss":0,"event_name":"Tomb of Lord Red Mask","floor":38,"gold_loss":0},{"damage_healed":0,"gold_gain":0,"player_choice":"Memory 1","damage_taken":0,"max_hp_gain":0,"max_hp_loss":0,"event_name":"SensoryStone","floor":44,"gold_loss":0}],"is_beta":false,"boss_relics":[{"not_picked":["Calling Bell","Coffee Dripper"],"picked":"Philosopher\u0027s Stone"},{"not_picked":["WristBlade","White Beast Statue"],"picked":"Black Star"}],"items_purged_floors":[13,37,39,53],"is_endless":false,"potions_floor_spawned":[1,4,5,16,20,21,23,28,33,42,45,47],"ascension_level":2}