{"gold_per_floor":[119,119,138,152,165,165,208,221,244,244,287,4,39,39,39,167,167,192,49,70,89,105,145,161,161,161,76,76,112,126,140,140,270,270,289,289,358,371,63,103,103,121,144,144,167,188,211,236,236,236,236,236,11,42,42],"floor_reached":55,"playtime":4879,"items_purged":["Injury","Strike_B","Strike_B"],"score":763,"play_id":"5cfdf3dd-1414-42cd-a489-3ac71b452113","local_time":"20190329165127","is_ascension_mode":false,"campfire_choices":[{"data":"White Noise","floor":6.0,"key":"SMITH"},{"floor":10.0,"key":"REST"},{"floor":15.0,"key":"REST"},{"floor":28.0,"key":"RECALL"},{"data":"Defragment","floor":32.0,"key":"SMITH"},{"floor":49,"key":"REST"},{"data":"Strike_B","floor":52,"key":"PURGE"}],"neow_cost":"NONE","seed_source_timestamp":0,"circlet_count":0,"master_deck":["Strike_B","Defend_B","Defend_B","Defend_B","Defend_B","Zap","Dualcast","Rip and Tear","Coolheaded","Conserve Battery","FTL","White Noise+1","Double Energy","Rip and Tear","Electrodynamics","Hologram","Ball Lightning","Self Repair","Machine Learning","Thunder Strike","White Noise+1","Cold Snap","Tempest+1","Leap+1","Undo","Reinforced Body","Defragment+1","Amplify","Madness","Madness","Undo+1","Reboot"],"special_seed":0,"relics":["Cracked Core","Golden Idol","Happy Flower","Bag of Marbles","Oddly Smooth Stone","Bag of Preparation","Philosopher\u0027s Stone","Lantern","Blood Vial","Pen Nib","Peace Pipe","Strawberry","Inserter","Dead Branch","Chemical X","Torii","Pantograph","Question Card","Letter Opener"],"potions_floor_usage":[40,54,54,55],"damage_taken":[{"damage":7.0,"enemies":"Small Slimes","floor":1.0,"turns":3.0},{"damage":0.0,"enemies":"2 Louse","floor":3.0,"turns":2.0},{"damage":0.0,"enemies":"Cultist","floor":4.0,"turns":3.0},{"damage":0.0,"enemies":"Looter","floor":5.0,"turns":2.0},{"damage":22.0,"enemies":"Lagavulin","floor":7.0,"turns":5.0},{"damage":1.0,"enemies":"2 Fungi Beasts","floor":8.0,"turns":3.0},{"damage":13.0,"enemies":"3 Sentries","floor":11.0,"turns":6.0},{"damage":17.0,"enemies":"Gremlin Nob","floor":13.0,"turns":4.0},{"damage":15.0,"enemies":"Slime Boss","floor":16.0,"turns":6.0},{"damage":23.0,"enemies":"3 Byrds","floor":18.0,"turns":3.0},{"damage":0.0,"enemies":"Spheric Guardian","floor":20.0,"turns":2.0},{"damage":3.0,"enemies":"Centurion and Healer","floor":21.0,"turns":6.0},{"damage":0.0,"enemies":"Snecko","floor":22.0,"turns":3.0},{"damage":0.0,"enemies":"Gremlin Leader","floor":23.0,"turns":3.0},{"damage":26.0,"enemies":"3 Cultists","floor":24.0,"turns":4.0},{"damage":10.0,"enemies":"Book of Stabbing","floor":29.0,"turns":4.0},{"damage":6.0,"enemies":"Centurion and Healer","floor":30.0,"turns":5.0},{"damage":0.0,"enemies":"Chosen and Byrds","floor":31.0,"turns":4.0},{"damage":36.0,"enemies":"Champ","floor":33.0,"turns":8.0},{"damage":7.0,"enemies":"3 Darklings","floor":35.0,"turns":4.0},{"damage":25.0,"enemies":"2 Orb Walkers","floor":37.0,"turns":4.0},{"damage":5,"enemies":"3 Shapes","floor":38,"turns":3},{"damage":45,"enemies":"Giant Head","floor":40,"turns":8},{"damage":0,"enemies":"Transient","floor":42,"turns":5},{"damage":0,"enemies":"Sphere and 2 Shapes","floor":45,"turns":3},{"damage":15,"enemies":"Jaw Worm Horde","floor":46,"turns":4},{"damage":0,"enemies":"Maw","floor":47,"turns":5},{"damage":11,"enemies":"Spire Growth","floor":48,"turns":5},{"damage":25,"enemies":"Donu and Deca","floor":50,"turns":9},{"damage":74,"enemies":"Shield and Spear","floor":54,"turns":6},{"damage":50,"enemies":"The Heart","floor":55,"turns":9}],"seed_played":"1196718769193166562","potions_obtained":[{"floor":5.0,"key":"Poison Potion"},{"floor":7.0,"key":"EssenceOfSteel"},{"floor":11.0,"key":"Regen Potion"},{"floor":13.0,"key":"SkillPotion"},{"floor":16.0,"key":"SkillPotion"},{"floor":20.0,"key":"AttackPotion"},{"floor":21.0,"key":"Swift Potion"},{"floor":23.0,"key":"Fire Potion"},{"floor":24.0,"key":"Swift Potion"},{"floor":33.0,"key":"FocusPotion"},{"floor":35.0,"key":"Energy Potion"},{"floor":37,"key":"LiquidBronze"},{"floor":38,"key":"GamblersBrew"},{"floor":40,"key":"FocusPotion"}],"is_trial":false,"path_per_floor":["M","?","M","M","M","R","E","M","T","R","E","$","E","?","R","B",null,"M","$","M","M","M","E","M","?","T","?","R","E","M","M","R","B",null,"M","?","?","M","$","E","?","M","T","T","M","M","M","M","R","B",null,"R","$","E","B"],"character_chosen":"DEFECT","items_purchased":["Electrodynamics","Hologram","Lantern","Chemical X","FearPotion","Swift Potion"],"campfire_rested":3,"item_purchase_floors":[12,12,19,39,53,53],"current_hp_per_floor":[68,68,68,68,68,68,46,45,45,67,54,54,49,49,71,63,75,52,52,52,56,56,63,46,46,46,46,46,52,55,64,64,37,82,75,65,49,60,60,38,38,40,40,40,49,43,52,50,74,57,82,82,82,22,0],"gold":42,"neow_bonus":"THREE_CARDS","is_prod":false,"is_daily":false,"chose_seed":false,"campfire_upgraded":2,"win_rate":0,"timestamp":1553903487,"path_taken":["M","?","M","M","M","R","E","M","T","R","E","$","E","?","R","BOSS","M","$","M","M","?","E","M","?","T","?","R","E","M","M","R","BOSS","M","?","?","M","$","E","?","?","T","?","M","M","M","M","R","BOSS","R","$","E","BOSS"],"build_version":"2019-01-23","purchased_purges":3,"victory":false,"max_hp_per_floor":[75,75,75,75,75,75,75,75,75,75,75,75,75,75,75,75,75,75,75,75,75,75,75,75,75,75,75,75,82,82,82,82,82,82,82,82,82,82,82,82,82,82,82,82,82,82,82,82,82,82,82,82,82,82,82],"card_choices":[{"not_picked":["Go for the Eyes","Coolheaded"],"picked":"Rip and Tear","floor":0.0},{"not_picked":["Hologram","Go for the Eyes"],"picked":"Coolheaded","floor":1.0},{"not_picked":["Compile Driver","Gash"],"picked":"Conserve Battery","floor":3.0},{"not_picked":["Beam Cell","Cold Snap"],"picked":"FTL","floor":4.0},{"not_picked":["Beam Cell","Amplify"],"picked":"White Noise","floor":5.0},{"not_picked":["Sunder","Streamline"],"picked":"Double Energy","floor":7.0},{"not_picked":["Turbo","Coolheaded"],"picked":"Rip and Tear","floor":8.0},{"not_picked":["Conserve Battery","Heatsinks","Scrape"],"picked":"SKIP","floor":11.0},{"not_picked":["Rip and Tear","Go for the Eyes"],"picked":"Ball Lightning","floor":13.0},{"not_picked":["Reboot","Buffer"],"picked":"Thunder Strike","floor":16.0},{"not_picked":["Streamline","Lockon"],"picked":"White Noise+1","floor":18.0},{"not_picked":["Rebound+1","Streamline"],"picked":"Cold Snap","floor":20.0},{"not_picked":["Storm","Cold Snap","Defragment"],"picked":"SKIP","floor":21.0},{"not_picked":["Turbo+1","Gash+1","Streamline"],"picked":"SKIP","floor":22.0},{"not_picked":["Compile Driver","Consume"],"picked":"Tempest+1","floor":23.0},{"not_picked":["Fusion","Rainbow"],"picked":"Leap+1","floor":24.0},{"not_picked":["Aggregate+1","Lockon"],"picked":"Reinforced Body","floor":29.0},{"not_picked":["Recycle+1","Skim+1","Conserve Battery"],"picked":"SKIP","floor":30.0},{"not_picked":["Beam Cell","Compile Driver"],"picked":"Defragment","floor":31.0},{"not_picked":["Hyperbeam","Machine Learning"],"picked":"Amplify","floor":33.0},{"not_picked":["Self Repair+1","Compile Driver+1","Ball Lightning"],"picked":"SKIP","floor":35.0},{"not_picked":["Conserve Battery","Chill"],"picked":"Undo+1","floor":37},{"not_picked":["Ball Lightning","Redo","Capacitor+1"],"picked":"SKIP","floor":38},{"not_picked":["White Noise+1","Hologram+1"],"picked":"Reboot","floor":40},{"not_picked":["Undo+1","Leap+1","Capacitor+1"],"picked":"SKIP","floor":42},{"not_picked":["Beam Cell+1","Sunder+1","Streamline+1","Gash+1"],"picked":"SKIP","floor":45},{"not_picked":["Go for the Eyes","Stack","Steam","Double Energy+1"],"picked":"SKIP","floor":46},{"not_picked":["Rebound","Cold Snap+1","Beam Cell","Compile Driver+1"],"picked":"SKIP","floor":47},{"not_picked":["Stack+1","Barrage","Cold Snap","Conserve Battery"],"picked":"SKIP","floor":48},{"not_picked":["Compile Driver+1","Scrape","Buffer","Amplify"],"picked":"SKIP","floor":54}],"player_experience":187723,"relics_obtained":[{"floor":7.0,"key":"Happy Flower"},{"floor":9.0,"key":"Bag of Marbles"},{"floor":11.0,"key":"Oddly Smooth Stone"},{"floor":13.0,"key":"Bag of Preparation"},{"floor":23.0,"key":"Blood Vial"},{"floor":26.0,"key":"Pen Nib"},{"floor":29.0,"key":"Strawberry"},{"floor":37,"key":"Dead Branch"},{"floor":40,"key":"Torii"},{"floor":41,"key":"Pantograph"},{"floor":44,"key":"Question Card"},{"floor":54,"key":"Letter Opener"}],"event_choices":[{"damage_healed":0.0,"max_hp_gain":0.0,"max_hp_loss":0.0,"gold_gain":0.0,"event_name":"Golden Idol","player_choice":"Take Wound","floor":2.0,"gold_loss":0.0,"damage_taken":0.0,"relics_obtained":["Golden Idol"],"cards_obtained":["Injury"]},{"damage_healed":0.0,"max_hp_gain":0.0,"max_hp_loss":0.0,"gold_gain":0.0,"event_name":"Match and Keep!","player_choice":"2 cards matched","floor":14.0,"gold_loss":0.0,"damage_taken":0.0,"cards_obtained":["Self Repair","Machine Learning"]},{"damage_healed":0.0,"max_hp_gain":0.0,"max_hp_loss":0.0,"gold_gain":0.0,"event_name":"The Library","player_choice":"Read","floor":25.0,"gold_loss":0.0,"damage_taken":0.0,"cards_obtained":["Undo"]},{"damage_healed":0.0,"max_hp_gain":0.0,"max_hp_loss":0.0,"gold_gain":0.0,"event_name":"Addict","player_choice":"Obtained Relic","floor":27.0,"gold_loss":85.0,"damage_taken":0.0,"relics_obtained":["Peace Pipe"]},{"damage_healed":0.0,"max_hp_gain":0.0,"max_hp_loss":0.0,"gold_gain":0.0,"event_name":"Winding Halls","player_choice":"Embrace Madness","floor":36.0,"gold_loss":0.0,"damage_taken":10.0,"cards_obtained":["Madness","Madness"]},{"damage_healed":0.0,"max_hp_gain":0.0,"max_hp_loss":0.0,"gold_gain":0.0,"event_name":"Mysterious Sphere","player_choice":"Fight","floor":37.0,"gold_loss":0.0,"damage_taken":0.0},{"damage_healed":0,"gold_gain":0,"player_choice":"Relic","damage_taken":0,"max_hp_gain":0,"max_hp_loss":0,"event_name":"Wheel of Change","floor":41,"gold_loss":0}],"is_beta":false,"boss_relics":[{"not_picked":["Cursed Key","Astrolabe"],"picked":"Philosopher\u0027s Stone"},{"not_picked":["FrozenCore","Pandora\u0027s Box"],"picked":"Inserter"}],"items_purged_floors":[12,39,53],"is_endless":false,"potions_floor_spawned":[5,7,11,13,16,20,21,23,24,33,35,37,38,40],"killed_by":"The Heart","ascension_level":0}