{"gold_per_floor":[113,113,113,59,83,83,107,107,131,146,159,159,159],"floor_reached":13,"playtime":375,"items_purged":[],"score":150,"play_id":"458fa17b-e270-4b87-935b-db4faa6a90ea","local_time":"20190530213329","is_ascension_mode":true,"campfire_choices":[{"data":"Battle Trance","floor":6,"key":"SMITH"},{"data":"Shockwave","floor":8,"key":"SMITH"},{"data":"Flex","floor":12,"key":"SMITH"}],"neow_cost":"NONE","seed_source_timestamp":1136589446739904,"circlet_count":0,"master_deck":["AscendersBane","Strike_R","Strike_R","Strike_R","Strike_R","Strike_R","Defend_R","Defend_R","Defend_R","Bash+1","Shockwave+1","Twin Strike","Battle Trance+1","Cleave","Twin Strike","Flex+1"],"relics":["Burning Blood","Golden Idol","Bag of Marbles"],"potions_floor_usage":[13,13],"damage_taken":[{"damage":4,"enemies":"Jaw Worm","floor":1,"turns":5},{"damage":10,"enemies":"Small Slimes","floor":5,"turns":3},{"damage":0,"enemies":"Cultist","floor":7,"turns":3},{"damage":18,"enemies":"Lots of Slimes","floor":10,"turns":3},{"damage":18,"enemies":"Exordium Thugs","floor":11,"turns":5},{"damage":22,"enemies":"3 Sentries","floor":13,"turns":5}],"seed_played":"8426973344433335332","potions_obtained":[{"floor":1,"key":"Dexterity Potion"},{"floor":10,"key":"Dexterity Potion"}],"is_trial":false,"path_per_floor":["M","?","?","$","M","R","M","R","T","M","M","R","E"],"character_chosen":"IRONCLAD","items_purchased":["Twin Strike"],"campfire_rested":0,"item_purchase_floors":[4],"current_hp_per_floor":[70,70,44,44,40,40,46,46,46,34,22,22,0],"gold":159,"neow_bonus":"UPGRADE_CARD","is_prod":false,"is_daily":false,"chose_seed":false,"campfire_upgraded":3,"win_rate":0,"timestamp":1559244809,"path_taken":["M","?","?","?","M","R","?","R","T","M","?","R","E"],"build_version":"2019-01-23","purchased_purges":0,"victory":false,"max_hp_per_floor":[75,75,75,75,75,75,75,75,75,75,75,75,75],"card_choices":[{"not_picked":["Warcry","Entrench"],"picked":"Shockwave","floor":1},{"not_picked":["Pommel Strike","Havoc"],"picked":"Battle Trance","floor":5},{"not_picked":["Perfected Strike","Impervious"],"picked":"Cleave","floor":7},{"not_picked":["Second Wind","Seeing Red"],"picked":"Twin Strike","floor":10},{"not_picked":["Second Wind","Thunderclap"],"picked":"Flex","floor":11}],"player_experience":470394,"relics_obtained":[{"floor":9,"key":"Bag of Marbles"}],"event_choices":[{"cards_removed":["Defend_R"],"damage_healed":0,"gold_gain":0,"player_choice":"Forget","damage_taken":0,"max_hp_gain":0,"max_hp_loss":0,"event_name":"Living Wall","floor":2,"gold_loss":0},{"damage_healed":0,"gold_gain":0,"player_choice":"Take Damage","damage_taken":26,"relics_obtained":["Golden Idol"],"max_hp_gain":0,"max_hp_loss":0,"event_name":"Golden Idol","floor":3,"gold_loss":0}],"is_beta":false,"boss_relics":[],"items_purged_floors":[],"is_endless":false,"potions_floor_spawned":[1,10],"killed_by":"3 Sentries","ascension_level":20}