{"gold_per_floor":[115,125,50,50,66,32,32,32,56,11,11,26,26,26,26,26],"floor_reached":16,"playtime":331,"items_purged":["Strike_B"],"score":90,"play_id":"08eef44f-0ff9-41d4-83c6-b74ab842b3ab","local_time":"20190607173612","is_ascension_mode":false,"campfire_choices":[{"data":"Strike_B","floor":7.0,"key":"SMITH"},{"data":"Streamline","floor":11.0,"key":"SMITH"},{"data":"Sweeping Beam","floor":15,"key":"SMITH"}],"neow_cost":"NONE","seed_source_timestamp":238739033307830,"circlet_count":0,"master_deck":["Strike_B","Strike_B","Strike_B+1","Defend_B","Defend_B","Defend_B","Defend_B","Sweeping Beam+1","Core Surge+1","Streamline+1"],"special_seed":0,"relics":["Empty Cage"],"potions_floor_usage":[],"damage_taken":[{"damage":7.0,"enemies":"Cultist","floor":1.0,"turns":5.0},{"damage":1.0,"enemies":"Jaw Worm","floor":2.0,"turns":4.0},{"damage":5.0,"enemies":"2 Louse","floor":5.0,"turns":3.0},{"damage":18.0,"enemies":"Exordium Thugs","floor":6.0,"turns":5.0},{"damage":13.0,"enemies":"Exordium Wildlife","floor":12.0,"turns":3.0},{"damage":47,"enemies":"Slime Boss","floor":16,"turns":6}],"seed_played":"-2369479727367854671","potions_obtained":[{"floor":2.0,"key":"EssenceOfSteel"},{"floor":12.0,"key":"Fruit Juice"}],"is_trial":false,"path_per_floor":["M","M","$","?","M","M","R","?","T","$","R","M","?","?","R","B"],"character_chosen":"DEFECT","items_purchased":["Streamline"],"campfire_rested":0,"item_purchase_floors":[10],"current_hp_per_floor":[68,67,67,67,62,44,44,44,44,44,44,36,36,36,36,0],"gold":26,"neow_bonus":"BOSS_RELIC","is_prod":false,"is_daily":false,"chose_seed":false,"campfire_upgraded":3,"win_rate":0,"timestamp":1559921772,"path_taken":["M","M","$","?","M","M","R","?","T","$","R","?","?","?","R","BOSS"],"build_version":"2019-01-23","purchased_purges":1,"victory":false,"max_hp_per_floor":[75,75,75,75,75,75,75,75,75,75,75,80,80,80,80,80],"card_choices":[{"not_picked":["Compile Driver","Force Field"],"picked":"Sweeping Beam","floor":1.0},{"not_picked":["Static Discharge","Stack","Ball Lightning"],"picked":"SKIP","floor":2.0},{"not_picked":["Leap","Compile Driver","Defragment"],"picked":"SKIP","floor":5.0},{"not_picked":["Compile Driver","Doom and Gloom"],"picked":"Core Surge","floor":6.0},{"not_picked":["Leap","Redo","Consume"],"picked":"SKIP","floor":12.0}],"player_experience":543534,"relics_obtained":[],"event_choices":[{"damage_healed":0.0,"max_hp_gain":0.0,"max_hp_loss":0.0,"gold_gain":0.0,"event_name":"Liars Game","player_choice":"Ignored","floor":4.0,"gold_loss":0.0,"damage_taken":0.0},{"damage_healed":0.0,"max_hp_gain":0.0,"max_hp_loss":0.0,"gold_gain":0.0,"event_name":"NoteForYourself","player_choice":"Ignored","floor":8.0,"gold_loss":0.0,"damage_taken":0.0},{"damage_healed":0,"gold_gain":0,"player_choice":"Searched \u00270\u0027 times","damage_taken":0,"max_hp_gain":0,"max_hp_loss":0,"event_name":"Dead Adventurer","floor":13,"gold_loss":0},{"damage_healed":0,"gold_gain":0,"player_choice":"Upgraded","damage_taken":0,"max_hp_gain":0,"max_hp_loss":0,"event_name":"Upgrade Shrine","floor":14,"gold_loss":0,"cards_upgraded":["Core Surge"]}],"is_beta":false,"boss_relics":[],"items_purged_floors":[3],"is_endless":false,"potions_floor_spawned":[2,12],"killed_by":"Slime Boss","ascension_level":0}