{"gold_per_floor":[110,128,128,146,171,171,206,206,206,244,244,263,263,301,301,431,431,454,454,478,87,102,102,137,161,161,161,202,202,216,216,216,342,342,357,357,375,500,515,538,579,600,600,14,50,50,50,63,63,63],"floor_reached":51,"playtime":3575,"items_purged":["Strike_R","Dropkick"],"score":878,"play_id":"f40edf77-28b2-40fe-b208-d1fc1c9e18c9","local_time":"20190629175725","is_ascension_mode":true,"campfire_choices":[{"data":"Bash","floor":6.0,"key":"SMITH"},{"data":"Headbutt","floor":11.0,"key":"SMITH"},{"data":"Infernal Blade","floor":13.0,"key":"SMITH"},{"data":"Uppercut","floor":15.0,"key":"SMITH"},{"data":"Whirlwind","floor":23.0,"key":"SMITH"},{"floor":29,"key":"REST"},{"floor":32,"key":"REST"},{"floor":46,"key":"REST"},{"floor":49,"key":"REST"}],"neow_cost":"NONE","seed_source_timestamp":1263348178767181,"circlet_count":0,"master_deck":["Defend_R","Defend_R","Defend_R","Defend_R","Bash+1","Impervious","Infernal Blade+1","Uppercut+1","Headbutt+1","Pommel Strike","Warcry","Twin Strike","Impervious","Anger","Spot Weakness","Apotheosis","Whirlwind+1","Reaper","Disarm+1","Blood for Blood+1","Impervious+1","Dark Embrace+1","Metallicize","Limit Break","Disarm+1","Infernal Blade"],"special_seed":0,"relics":["Burning Blood","Golden Idol","Kunai","Meat on the Bone","Dodecahedron","Pocketwatch","Philosopher\u0027s Stone","Omamori","Self Forming Clay","Bottled Lightning","Shuriken","Red Skull","Astrolabe","Dead Branch","Potion Belt","Bottled Tornado","OrangePellets","Bag of Preparation","Mummified Hand"],"potions_floor_usage":[28,33,40,45,50,50,50,50],"damage_taken":[{"damage":3.0,"enemies":"2 Louse","floor":1.0,"turns":3.0},{"damage":0.0,"enemies":"Cultist","floor":2.0,"turns":2.0},{"damage":3.0,"enemies":"Small Slimes","floor":4.0,"turns":3.0},{"damage":13.0,"enemies":"3 Louse","floor":5.0,"turns":5.0},{"damage":25.0,"enemies":"3 Sentries","floor":7.0,"turns":9.0},{"damage":6.0,"enemies":"Gremlin Nob","floor":10.0,"turns":4.0},{"damage":2.0,"enemies":"Large Slime","floor":12.0,"turns":5.0},{"damage":35.0,"enemies":"3 Sentries","floor":14.0,"turns":7.0},{"damage":48.0,"enemies":"Slime Boss","floor":16.0,"turns":11.0},{"damage":2.0,"enemies":"Shell Parasite","floor":18.0,"turns":4.0},{"damage":18.0,"enemies":"3 Byrds","floor":20.0,"turns":4.0},{"damage":0.0,"enemies":"Centurion and Healer","floor":22.0,"turns":4.0},{"damage":43.0,"enemies":"Book of Stabbing","floor":24.0,"turns":6.0},{"damage":37.0,"enemies":"Shelled Parasite and Fungi","floor":25.0,"turns":4.0},{"damage":33,"enemies":"Slavers","floor":28,"turns":4},{"damage":18,"enemies":"Sentry and Sphere","floor":30,"turns":4},{"damage":18,"enemies":"Collector","floor":33,"turns":8},{"damage":5,"enemies":"3 Darklings","floor":35,"turns":5},{"damage":1,"enemies":"3 Shapes","floor":37,"turns":4},{"damage":0,"enemies":"Mind Bloom Boss Battle","floor":38,"turns":5},{"damage":0,"enemies":"Sphere and 2 Shapes","floor":39,"turns":4},{"damage":29,"enemies":"Transient","floor":40,"turns":5},{"damage":0,"enemies":"Giant Head","floor":41,"turns":6},{"damage":21,"enemies":"Jaw Worm Horde","floor":42,"turns":5},{"damage":21,"enemies":"Nemesis","floor":45,"turns":7},{"damage":12,"enemies":"Spire Growth","floor":48,"turns":5},{"damage":17,"enemies":"Donu and Deca","floor":50,"turns":7}],"seed_played":"-4975036438930180228","potions_obtained":[{"floor":1.0,"key":"Regen Potion"},{"floor":5.0,"key":"FearPotion"},{"floor":7.0,"key":"Fire Potion"},{"floor":12.0,"key":"Regen Potion"},{"floor":20.0,"key":"Block Potion"},{"floor":25.0,"key":"PowerPotion"},{"floor":30,"key":"Dexterity Potion"},{"floor":38,"key":"BloodPotion"},{"floor":40,"key":"LiquidBronze"},{"floor":42,"key":"SteroidPotion"},{"floor":45,"key":"Poison Potion"}],"is_trial":false,"path_per_floor":["M","M","?","M","M","R","E","?","T","E","R","M","R","E","R","B",null,"M","?","M","$","M","R","E","M","T","?","E","R","M","?","R","B",null,"M","?","M","?","M","M","E","M","T","$","E","R","$","M","R","B",null],"character_chosen":"IRONCLAD","items_purchased":["Spot Weakness","Apotheosis","Strength Potion","OrangePellets","Infernal Blade","EssenceOfSteel","Bag of Preparation"],"campfire_rested":4,"item_purchase_floors":[21,21,21,44,44,44,44],"current_hp_per_floor":[80,80,74,74,67,67,63,63,63,63,63,67,67,53,53,23,74,74,74,62,62,68,68,43,28,28,28,34,56,44,44,66,54,74,74,74,74,74,74,58,64,49,49,49,46,68,68,62,74,65],"gold":63,"neow_bonus":"ONE_RANDOM_RARE_CARD","is_prod":false,"is_daily":false,"chose_seed":false,"campfire_upgraded":5,"win_rate":0,"timestamp":1561856245,"path_taken":["M","M","?","M","M","R","E","?","T","E","R","M","R","E","R","BOSS","M","?","M","?","M","R","E","M","T","?","E","R","M","?","R","BOSS","M","?","?","?","M","M","E","M","T","$","E","R","?","?","R","BOSS"],"build_version":"2019-01-23","purchased_purges":2,"victory":true,"max_hp_per_floor":[80,80,74,74,74,74,74,74,74,74,74,74,74,74,74,74,74,74,74,74,74,74,74,74,74,74,74,74,74,74,74,74,74,74,74,74,74,74,74,74,74,74,74,74,74,74,74,74,74,74],"card_choices":[{"not_picked":["Spot Weakness","Searing Blow"],"picked":"Infernal Blade","floor":1.0},{"not_picked":["Havoc","Warcry"],"picked":"Uppercut","floor":2.0},{"not_picked":["Dropkick","Rampage"],"picked":"Headbutt","floor":4.0},{"not_picked":["Uppercut","Bloodletting"],"picked":"Pommel Strike","floor":5.0},{"not_picked":["Barricade","Havoc"],"picked":"Warcry","floor":7.0},{"not_picked":["Heavy Blade","Sentinel"],"picked":"Twin Strike","floor":10.0},{"not_picked":["Flex","Second Wind"],"picked":"Dropkick","floor":12.0},{"not_picked":["Perfected Strike","Havoc","Warcry"],"picked":"SKIP","floor":14.0},{"not_picked":["Barricade","Limit Break"],"picked":"Impervious","floor":16.0},{"not_picked":["Clothesline","Warcry"],"picked":"Anger","floor":18.0},{"not_picked":["Anger","Flex+1","Clash+1"],"picked":"SKIP","floor":20.0},{"not_picked":["Body Slam","Wild Strike+1"],"picked":"Whirlwind","floor":22.0},{"not_picked":["Pummel","Bloodletting"],"picked":"Reaper","floor":24.0},{"not_picked":["Evolve","Anger","Heavy Blade"],"picked":"SKIP","floor":25.0},{"not_picked":["Wild Strike","Uppercut","Body Slam"],"picked":"SKIP","floor":28},{"not_picked":["Reckless Charge","True Grit+1"],"picked":"Disarm+1","floor":30},{"not_picked":["Anger+1","Clothesline+1","Iron Wave+1"],"picked":"SKIP","floor":35},{"not_picked":["Dropkick","Clash+1"],"picked":"Metallicize","floor":37},{"not_picked":["Clothesline+1","Warcry","Pommel Strike+1"],"picked":"SKIP","floor":39},{"not_picked":["Sword Boomerang+1","Sever Soul+1"],"picked":"Limit Break","floor":40},{"not_picked":["Havoc","Inflame","Flex+1"],"picked":"SKIP","floor":41},{"not_picked":["Power Through","Battle Trance+1"],"picked":"Disarm+1","floor":42},{"not_picked":["Burning Pact","Twin Strike","Clothesline+1"],"picked":"SKIP","floor":45},{"not_picked":["Cleave+1","Sword Boomerang+1","Heavy Blade"],"picked":"SKIP","floor":48}],"player_experience":510273,"relics_obtained":[{"floor":7.0,"key":"Kunai"},{"floor":9.0,"key":"Meat on the Bone"},{"floor":10.0,"key":"Dodecahedron"},{"floor":14.0,"key":"Pocketwatch"},{"floor":19.0,"key":"Omamori"},{"floor":24.0,"key":"Self Forming Clay"},{"floor":26.0,"key":"Bottled Lightning"},{"floor":28,"key":"Shuriken"},{"floor":38,"key":"Dead Branch"},{"floor":41,"key":"Potion Belt"},{"floor":43,"key":"Bottled Tornado"},{"floor":45,"key":"Mummified Hand"}],"event_choices":[{"damage_healed":0.0,"max_hp_gain":0.0,"max_hp_loss":6.0,"gold_gain":0.0,"event_name":"Golden Idol","player_choice":"Lose Max HP","floor":3.0,"gold_loss":0.0,"damage_taken":0.0,"relics_obtained":["Golden Idol"]},{"cards_removed":["Strike_R"],"damage_healed":0.0,"max_hp_gain":0.0,"max_hp_loss":0.0,"gold_gain":0.0,"event_name":"Living Wall","player_choice":"Forget","floor":8.0,"gold_loss":0.0,"damage_taken":0.0},{"damage_healed":0.0,"max_hp_gain":0.0,"max_hp_loss":0.0,"gold_gain":0.0,"event_name":"Wheel of Change","player_choice":"Relic","floor":19.0,"gold_loss":0.0,"damage_taken":0.0},{"damage_healed":0.0,"max_hp_gain":0.0,"max_hp_loss":0.0,"gold_gain":0.0,"event_name":"Ghosts","player_choice":"Ignored","floor":27.0,"gold_loss":0.0,"damage_taken":0.0},{"damage_healed":0,"gold_gain":0,"player_choice":"Opened","damage_taken":0,"relics_obtained":["Red Skull"],"max_hp_gain":0,"max_hp_loss":0,"event_name":"The Mausoleum","floor":31,"gold_loss":0},{"damage_healed":0,"gold_gain":0,"player_choice":"0 cards matched","damage_taken":0,"max_hp_gain":0,"max_hp_loss":0,"event_name":"Match and Keep!","floor":36,"gold_loss":0,"cards_obtained":[]},{"damage_healed":0,"gold_gain":0,"player_choice":"Fight","damage_taken":0,"max_hp_gain":0,"max_hp_loss":0,"event_name":"MindBloom","floor":38,"gold_loss":0}],"is_beta":false,"boss_relics":[{"not_picked":["Eternal Feather","Snecko Eye"],"picked":"Philosopher\u0027s Stone"},{"not_picked":["Pandora\u0027s Box","Coffee Dripper"],"picked":"Astrolabe"}],"items_purged_floors":[21,44],"is_endless":false,"potions_floor_spawned":[1,5,7,12,20,25,30,38,40,42,45],"ascension_level":3}