{"gold_per_floor":[109,128,14,26,26,26,46,46,46,77,77,89,89,89,89,187,187,199,199,599,12,62,74,98,110,122,134,158,185,197,238,250,367,379,411,10,24,0,0,0,12,12],"floor_reached":42,"playtime":4766,"items_purged":["Strike_G"],"score":439,"play_id":"3e63e688-9d68-49fe-8c04-f51481d6a00a","local_time":"20190604235914","is_ascension_mode":false,"campfire_choices":[{"data":"Adrenaline","floor":6,"key":"SMITH"},{"data":"Poisoned Stab","floor":8,"key":"SMITH"},{"data":"A Thousand Cuts","floor":13,"key":"SMITH"},{"floor":15,"key":"REST"},{"data":"1","floor":23,"key":"LIFT"},{"data":"2","floor":25,"key":"LIFT"},{"data":"3","floor":27,"key":"LIFT"},{"floor":32,"key":"REST"},{"data":"Caltrops","floor":40,"key":"SMITH"}],"neow_cost":"PERCENT_DAMAGE","seed_source_timestamp":3310295523358800,"circlet_count":0,"master_deck":["Defend_G+1","Defend_G+1","Defend_G+1","Defend_G+1","Defend_G+1","Strike_G+1","Strike_G+1","Strike_G+1","Survivor","Neutralize","Adrenaline+1","Outmaneuver","Outmaneuver","Expertise","Flying Knee","Poisoned Stab+1","Poisoned Stab+1","A Thousand Cuts+1","Burst","Catalyst","Poisoned Stab+1","Catalyst","Footwork+1","Dash+1","Doppelganger","Caltrops+1","Die Die Die+1","Predator+1","Parasite","PiercingWail"],"relics":["Ring of the Snake","Anchor","Molten Egg 2","Nunchaku","Eternal Feather","Old Coin","Ornamental Fan","Toy Ornithopter","Girya","MawBank","Centennial Puzzle","Darkstone Periapt","Dream Catcher","Empty Cage","Bottled Tornado","Red Mask"],"potions_floor_usage":[10,12,16,24,29,33],"damage_taken":[{"damage":0,"enemies":"Cultist","floor":1,"turns":3},{"damage":0,"enemies":"Small Slimes","floor":2,"turns":4},{"damage":0,"enemies":"Jaw Worm","floor":4,"turns":5},{"damage":0,"enemies":"Blue Slaver","floor":7,"turns":4},{"damage":42,"enemies":"Gremlin Nob","floor":10,"turns":5},{"damage":0,"enemies":"Large Slime","floor":12,"turns":6},{"damage":42,"enemies":"Hexaghost","floor":16,"turns":8},{"damage":16,"enemies":"Shell Parasite","floor":18,"turns":6},{"damage":4,"enemies":"Colosseum Slavers","floor":20,"turns":5},{"damage":18,"enemies":"Colosseum Nobs","floor":20,"turns":5},{"damage":17,"enemies":"2 Thieves","floor":24,"turns":4},{"damage":0,"enemies":"Centurion and Healer","floor":28,"turns":4},{"damage":2,"enemies":"Sentry and Sphere","floor":29,"turns":4},{"damage":33,"enemies":"Book of Stabbing","floor":31,"turns":5},{"damage":60,"enemies":"Automaton","floor":33,"turns":11},{"damage":0,"enemies":"3 Shapes","floor":35,"turns":4},{"damage":52,"enemies":"3 Darklings","floor":37,"turns":6},{"damage":9,"enemies":"Writhing Mass","floor":41,"turns":5},{"damage":61,"enemies":"Nemesis","floor":42,"turns":6}],"seed_played":"7033381694917713818","potions_obtained":[{"floor":4,"key":"Regen Potion"},{"floor":7,"key":"SkillPotion"},{"floor":12,"key":"Poison Potion"},{"floor":20,"key":"PowerPotion"},{"floor":28,"key":"Dexterity Potion"},{"floor":33,"key":"SteroidPotion"},{"floor":41,"key":"Ancient Potion"}],"is_trial":false,"path_per_floor":["M","M","$","M","$","R","M","R","T","E","?","M","R","?","R","B",null,"M","?","?","$","T","R","M","R","T","R","M","M","?","E","R","B",null,"M","$","M","?","$","R","M","E"],"character_chosen":"THE_SILENT","items_purchased":["Expertise","Toy Ornithopter","Girya","Catalyst","PowerPotion","Bottled Tornado","Die Die Die+1"],"campfire_rested":2,"item_purchase_floors":[3,21,21,21,21,36,36],"current_hp_per_floor":[49,49,49,49,49,49,49,49,49,19,42,42,42,39,60,18,70,54,54,32,32,32,44,32,44,44,56,56,59,65,32,69,14,76,76,76,24,24,24,39,36,0],"gold":12,"neow_bonus":"THREE_RARE_CARDS","is_prod":false,"is_daily":false,"chose_seed":false,"campfire_upgraded":4,"win_rate":0.0,"timestamp":1559707154,"path_taken":["M","?","?","M","?","R","M","R","T","E","?","?","R","?","R","BOSS","M","?","?","$","?","R","M","R","T","R","M","M","?","E","R","BOSS","M","$","M","?","$","R","M","E"],"build_version":"2019-01-23","purchased_purges":1,"victory":false,"max_hp_per_floor":[70,70,70,70,70,70,70,70,70,70,70,70,70,70,70,70,70,70,70,70,70,70,70,70,70,70,70,70,70,76,76,76,76,76,76,76,76,76,76,76,82,82],"card_choices":[{"not_picked":["Unload","A Thousand Cuts"],"picked":"Adrenaline","floor":0},{"not_picked":["Dodge and Roll","Skewer"],"picked":"Outmaneuver","floor":1},{"not_picked":["Dagger Spray","Reflex"],"picked":"Outmaneuver","floor":2},{"not_picked":["Riddle With Holes","Backflip"],"picked":"Flying Knee","floor":4},{"not_picked":["Bane","PiercingWail"],"picked":"Poisoned Stab","floor":7},{"not_picked":["Dagger Throw","Quick Slash"],"picked":"Poisoned Stab","floor":10},{"not_picked":["Accuracy","Acrobatics"],"picked":"A Thousand Cuts","floor":12},{"not_picked":["Tools of the Trade","Grand Finale+1"],"picked":"Burst","floor":16},{"not_picked":["Cloak And Dagger+1","Outmaneuver","Dagger Throw+1"],"picked":"SKIP","floor":18},{"not_picked":["Concentrate","Doppelganger"],"picked":"Poisoned Stab+1","floor":24},{"not_picked":["PiercingWail+1","Dagger Throw+1"],"picked":"Catalyst","floor":28},{"not_picked":["Masterful Stab+1","Bane+1"],"picked":"Footwork+1","floor":29},{"not_picked":["Dagger Throw+1","Tactician"],"picked":"Dash+1","floor":31},{"not_picked":["Burst","Unload+1"],"picked":"Doppelganger","floor":33},{"not_picked":["Finisher+1","Backflip+1"],"picked":"Caltrops","floor":35},{"not_picked":["Distraction+1","Concentrate+1"],"picked":"Predator+1","floor":37},{"not_picked":["Sucker Punch+1","Prepared"],"picked":"PiercingWail","floor":41}],"player_experience":1107223,"relics_obtained":[{"floor":9,"key":"Anchor"},{"floor":10,"key":"Molten Egg 2"},{"floor":20,"key":"Old Coin"},{"floor":20,"key":"Ornamental Fan"},{"floor":22,"key":"MawBank"},{"floor":26,"key":"Centennial Puzzle"},{"floor":31,"key":"Dream Catcher"}],"event_choices":[{"damage_healed":23,"gold_gain":0,"player_choice":"Banana","damage_taken":0,"max_hp_gain":0,"max_hp_loss":0,"event_name":"Big Fish","floor":11,"gold_loss":0},{"damage_healed":0,"gold_gain":0,"player_choice":"Success","damage_taken":3,"relics_obtained":["Nunchaku"],"max_hp_gain":0,"max_hp_loss":0,"event_name":"Scrap Ooze","floor":14,"gold_loss":0},{"damage_healed":0,"gold_gain":0,"player_choice":"Simplicity","damage_taken":0,"max_hp_gain":0,"max_hp_loss":0,"event_name":"Back to Basics","floor":19,"gold_loss":0,"cards_upgraded":["Defend_G","Defend_G","Defend_G","Defend_G","Defend_G","Strike_G","Strike_G","Strike_G","Strike_G"]},{"damage_healed":0,"gold_gain":0,"player_choice":"Fight","damage_taken":0,"max_hp_gain":0,"max_hp_loss":0,"event_name":"Colosseum","floor":20,"gold_loss":0},{"damage_healed":0,"gold_gain":0,"player_choice":"Fought Nobs","damage_taken":0,"max_hp_gain":0,"max_hp_loss":0,"event_name":"Colosseum","floor":20,"gold_loss":0},{"damage_healed":0,"gold_gain":0,"player_choice":"Opened","damage_taken":0,"relics_obtained":["Darkstone Periapt"],"max_hp_gain":0,"max_hp_loss":0,"event_name":"The Mausoleum","floor":30,"gold_loss":0,"cards_obtained":["Writhe"]},{"damage_healed":0,"gold_gain":0,"player_choice":"Paid","damage_taken":0,"relics_obtained":["Red Mask"],"max_hp_gain":0,"max_hp_loss":0,"event_name":"Tomb of Lord Red Mask","floor":38,"gold_loss":24}],"is_beta":false,"boss_relics":[{"not_picked":["Tiny House","Pandora\u0027s Box"],"picked":"Eternal Feather"},{"not_picked":["Orrery","Sozu"],"picked":"Empty Cage"}],"items_purged_floors":[3],"is_endless":false,"potions_floor_spawned":[4,7,12,20,28,33,41],"killed_by":"Nemesis","ascension_level":0}