{"gold_per_floor":[114,126,12,12,28,28,46,62,108,138,138,157,188,203,203,274,274,291,391,371,384,395,395,428,445,745,338,353,388,415,435,435,508,508,521,340,562,562,21,81,81,93,93,128,128,140,140,167,167,167,167,167,95,127,127],"floor_reached":56,"playtime":3741,"items_purged":["Pain","Defend_B","Strike_B"],"score":2168,"play_id":"3567318a-caed-487a-a134-74decb713b15","local_time":"20190511005649","is_ascension_mode":true,"campfire_choices":[{"data":"Blizzard","floor":6.0,"key":"SMITH"},{"data":"Hologram","floor":11.0,"key":"SMITH"},{"floor":15.0,"key":"REST"},{"floor":23.0,"key":"REST"},{"floor":32.0,"key":"REST"},{"floor":41.0,"key":"RECALL"},{"data":"Defragment","floor":45.0,"key":"SMITH"},{"data":"Defragment","floor":47.0,"key":"SMITH"},{"floor":49.0,"key":"REST"},{"data":"Loop","floor":52.0,"key":"SMITH"}],"neow_cost":"NONE","seed_source_timestamp":2035460906049777,"circlet_count":0,"master_deck":["AscendersBane","Strike_B","Strike_B","Strike_B","Defend_B","Defend_B","Defend_B","Zap","Dualcast","BootSequence","Cold Snap","Blizzard+1","Conserve Battery","Conserve Battery","Hologram+1","BootSequence","Redo","Echo Form","Glacier","Cold Snap","Ball Lightning+1","Coolheaded","Master of Strategy","Glacier","Defragment+1","Machine Learning","Defragment+1","Loop+1","Chill+1","Capacitor","Hologram"],"special_seed":0,"relics":["FrozenCore","NeowsBlessing","WarpedTongs","Oddly Smooth Stone","Bottled Lightning","Vajra","Velvet Choker","FossilizedHelix","Darkstone Periapt","Red Mask","Old Coin","Pen Nib","Bag of Preparation","Lee\u0027s Waffle","Tiny Chest","Question Card","Strawberry","StoneCalendar","Pear"],"potions_floor_usage":[55],"damage_taken":[{"damage":0.0,"enemies":"Cultist","floor":1.0,"turns":1.0},{"damage":0.0,"enemies":"Small Slimes","floor":2.0,"turns":2.0},{"damage":0.0,"enemies":"Jaw Worm","floor":5.0,"turns":1.0},{"damage":3.0,"enemies":"Looter","floor":7.0,"turns":3.0},{"damage":4.0,"enemies":"Red Slaver","floor":8.0,"turns":4.0},{"damage":15.0,"enemies":"Lagavulin","floor":10.0,"turns":6.0},{"damage":4.0,"enemies":"Lots of Slimes","floor":12.0,"turns":5.0},{"damage":17.0,"enemies":"3 Sentries","floor":13.0,"turns":10.0},{"damage":5.0,"enemies":"Looter","floor":14.0,"turns":3.0},{"damage":28.0,"enemies":"Hexaghost","floor":16.0,"turns":12.0},{"damage":0.0,"enemies":"Chosen","floor":18.0,"turns":4.0},{"damage":7.0,"enemies":"Colosseum Slavers","floor":19.0,"turns":5.0},{"damage":43.0,"enemies":"Colosseum Nobs","floor":19.0,"turns":5.0},{"damage":4.0,"enemies":"3 Byrds","floor":21.0,"turns":4.0},{"damage":2.0,"enemies":"Centurion and Healer","floor":22.0,"turns":7.0},{"damage":2.0,"enemies":"Masked Bandits","floor":24.0,"turns":6.0},{"damage":2.0,"enemies":"Snecko","floor":25.0,"turns":5.0},{"damage":2.0,"enemies":"Snake Plant","floor":28.0,"turns":5.0},{"damage":0.0,"enemies":"Gremlin Leader","floor":29.0,"turns":7.0},{"damage":0.0,"enemies":"Sentry and Sphere","floor":31.0,"turns":6.0},{"damage":0.0,"enemies":"Champ","floor":33.0,"turns":13.0},{"damage":12.0,"enemies":"3 Darklings","floor":35.0,"turns":6.0},{"damage":0.0,"enemies":"Giant Head","floor":40.0,"turns":11.0},{"damage":0.0,"enemies":"Orb Walker","floor":42.0,"turns":5.0},{"damage":11.0,"enemies":"Nemesis","floor":44.0,"turns":7.0},{"damage":8.0,"enemies":"Jaw Worm Horde","floor":46.0,"turns":4.0},{"damage":25.0,"enemies":"Reptomancer","floor":48.0,"turns":7.0},{"damage":0.0,"enemies":"Donu and Deca","floor":50.0,"turns":11.0},{"damage":70.0,"enemies":"Shield and Spear","floor":54.0,"turns":11.0},{"damage":19,"enemies":"The Heart","floor":55,"turns":15}],"seed_played":"4185932755626108946","potions_obtained":[{"floor":1.0,"key":"PowerPotion"},{"floor":5.0,"key":"SpeedPotion"},{"floor":12.0,"key":"Poison Potion"},{"floor":18.0,"key":"Strength Potion"},{"floor":20.0,"key":"Block Potion"},{"floor":22.0,"key":"Ancient Potion"},{"floor":29.0,"key":"FocusPotion"},{"floor":33.0,"key":"FearPotion"},{"floor":35.0,"key":"Energy Potion"},{"floor":54.0,"key":"Block Potion"}],"is_trial":false,"path_per_floor":["M","M","$","?","M","R","M","M","T","E","R","M","E","M","R","B",null,"M","?","?","M","M","R","?","M","T","$","M","E","T","M","R","B",null,"M","$","?","?","$","E","R","M","T","E","R","M","R","E","R","B",null,"R","$","E","B",null],"character_chosen":"DEFECT","items_purchased":["Blizzard","Conserve Battery","EntropicBrew","Coolheaded","Master of Strategy","Defragment","Loop","Bag of Preparation","Lee\u0027s Waffle","Capacitor"],"campfire_rested":4,"item_purchase_floors":[3,3,27,27,27,36,39,39,39,53],"current_hp_per_floor":[68,68,68,68,68,68,65,61,61,46,46,42,25,20,42,14,60,60,10,10,6,4,26,24,22,22,22,20,20,20,20,42,42,67,55,55,55,85,92,92,92,92,92,88,88,80,80,55,84,84,95,95,95,35,16],"gold":127,"neow_bonus":"THREE_ENEMY_KILL","is_prod":false,"is_daily":false,"chose_seed":false,"campfire_upgraded":5,"win_rate":0,"timestamp":1557529009,"path_taken":["M","?","?","?","M","R","M","?","T","E","R","M","E","M","R","BOSS","M","?","?","?","?","R","?","M","T","$","M","E","?","M","R","BOSS","M","$","?","?","$","E","R","M","T","E","R","M","R","E","R","BOSS","R","$","E","BOSS"],"build_version":"2019-01-23","purchased_purges":3,"victory":true,"max_hp_per_floor":[75,75,75,75,75,75,75,75,75,75,75,75,75,75,75,75,75,75,75,75,75,75,75,75,75,75,75,75,75,75,75,75,75,75,75,75,75,85,92,92,92,92,92,99,99,99,99,99,99,99,99,99,99,109,109],"card_choices":[{"not_picked":["Turbo","Go for the Eyes"],"picked":"BootSequence","floor":1.0},{"not_picked":["Undo","Aggregate"],"picked":"Cold Snap","floor":2.0},{"not_picked":["Compile Driver","Ball Lightning","Go for the Eyes"],"picked":"SKIP","floor":5.0},{"not_picked":["Streamline","Heatsinks"],"picked":"Conserve Battery","floor":7.0},{"not_picked":["Meteor Strike","Leap"],"picked":"Hologram","floor":8.0},{"not_picked":["Ball Lightning","Reboot","Rebound"],"picked":"SKIP","floor":10.0},{"not_picked":["Melter","Steam"],"picked":"BootSequence","floor":12.0},{"not_picked":["Beam Cell","Steam"],"picked":"Thunder Strike","floor":13.0},{"not_picked":["Sweeping Beam","Steam Power"],"picked":"Redo","floor":14.0},{"not_picked":["Meteor Strike","Hyperbeam"],"picked":"Echo Form","floor":16.0},{"not_picked":["Coolheaded","Double Energy"],"picked":"Glacier","floor":18.0},{"not_picked":["Steam","Turbo"],"picked":"Cold Snap","floor":21.0},{"not_picked":["Skim","Redo","Auto Shields"],"picked":"SKIP","floor":22.0},{"not_picked":["Heatsinks+1","Auto Shields"],"picked":"Ball Lightning+1","floor":24.0},{"not_picked":["Genetic Algorithm","Scrape","Compile Driver"],"picked":"SKIP","floor":25.0},{"not_picked":["Reinforced Body","Doom and Gloom"],"picked":"Glacier","floor":28.0},{"not_picked":["Streamline","Recycle","Force Field"],"picked":"SKIP","floor":29.0},{"not_picked":["Steam","Aggregate"],"picked":"Defragment","floor":31.0},{"not_picked":["Fission","Creative AI"],"picked":"Machine Learning","floor":33.0},{"not_picked":["Leap","Go for the Eyes","Tempest"],"picked":"SKIP","floor":35.0},{"not_picked":["Double Energy","Ball Lightning+1","Steam Power"],"picked":"SKIP","floor":40.0},{"not_picked":["Leap","Undo+1"],"picked":"Chill+1","floor":42.0},{"not_picked":["Compile Driver","Cold Snap+1","Static Discharge+1","Conserve Battery+1"],"picked":"SKIP","floor":44.0},{"not_picked":["White Noise","Gash","Storm+1","Steam"],"picked":"SKIP","floor":46.0},{"not_picked":["Compile Driver","Stack","Consume","Biased Cognition"],"picked":"SKIP","floor":48.0},{"not_picked":["Self Repair","Go for the Eyes","FTL+1"],"picked":"Hologram","floor":54.0}],"player_experience":316125,"relics_obtained":[{"floor":9.0,"key":"Oddly Smooth Stone"},{"floor":10.0,"key":"Bottled Lightning"},{"floor":13.0,"key":"Vajra"},{"floor":19.0,"key":"FossilizedHelix"},{"floor":19.0,"key":"Darkstone Periapt"},{"floor":24.0,"key":"Red Mask"},{"floor":26.0,"key":"Old Coin"},{"floor":29.0,"key":"Pen Nib"},{"floor":40.0,"key":"Tiny Chest"},{"floor":43.0,"key":"Question Card"},{"floor":44.0,"key":"Strawberry"},{"floor":48.0,"key":"StoneCalendar"},{"floor":54.0,"key":"Pear"}],"event_choices":[{"damage_healed":0.0,"max_hp_gain":0.0,"max_hp_loss":0.0,"gold_gain":0.0,"event_name":"Accursed Blacksmith","player_choice":"Rummage","floor":4.0,"gold_loss":0.0,"damage_taken":0.0,"relics_obtained":["WarpedTongs"],"cards_obtained":["Pain"]},{"damage_healed":0.0,"max_hp_gain":0.0,"max_hp_loss":0.0,"gold_gain":0.0,"event_name":"Colosseum","player_choice":"Fight","floor":19.0,"gold_loss":0.0,"damage_taken":0.0},{"damage_healed":0.0,"max_hp_gain":0.0,"max_hp_loss":0.0,"gold_gain":0.0,"event_name":"Colosseum","player_choice":"Fought Nobs","floor":19.0,"gold_loss":0.0,"damage_taken":0.0},{"damage_healed":0.0,"max_hp_gain":0.0,"max_hp_loss":0.0,"gold_gain":0.0,"event_name":"The Woman in Blue","player_choice":"Bought 1 Potion","floor":20.0,"gold_loss":0.0,"damage_taken":0.0},{"damage_healed":0.0,"max_hp_gain":0.0,"max_hp_loss":0.0,"gold_gain":0.0,"event_name":"Masked Bandits","player_choice":"Fought Bandits","floor":24.0,"gold_loss":0.0,"damage_taken":0.0},{"damage_healed":0.0,"max_hp_gain":0.0,"max_hp_loss":0.0,"gold_gain":222.0,"event_name":"Tomb of Lord Red Mask","player_choice":"Wore Mask","floor":37.0,"gold_loss":0.0,"damage_taken":0.0},{"cards_removed":["Thunder Strike"],"damage_healed":20.0,"max_hp_gain":10.0,"max_hp_loss":0.0,"gold_gain":0.0,"event_name":"Bonfire Elementals","player_choice":"Offered Rare","floor":38.0,"gold_loss":0.0,"damage_taken":0.0}],"is_beta":false,"boss_relics":[{"not_picked":["Coffee Dripper","Empty Cage"],"picked":"Velvet Choker"},{"not_picked":["Sozu","Tiny House"],"picked":"FrozenCore"}],"items_purged_floors":[27,36,39],"is_endless":false,"potions_floor_spawned":[1,5,8,12,18,22,29,33,35,44,46,54],"ascension_level":13}