{"gold_per_floor":[118,118,129,129,129,129,160,176,248,248,259,272,272,197,197,276,276,292,309,234,234],"floor_reached":21,"playtime":527,"items_purged":[],"score":388,"play_id":"4902dd37-7f71-4a1a-8be6-96ac8fd34574","local_time":"20190607000905","is_ascension_mode":true,"campfire_choices":[{"data":"Hologram","floor":6,"key":"SMITH"},{"data":"Tempest","floor":10,"key":"SMITH"},{"floor":13,"key":"REST"},{"data":"Ball Lightning","floor":15,"key":"SMITH"}],"neow_cost":"NONE","seed_source_timestamp":175715405365518,"circlet_count":0,"master_deck":["AscendersBane","Strike_B","Defend_B","Defend_B","Defend_B+1","Defend_B","Zap+1","Dualcast","Ball Lightning+1","Hologram+1","Tempest+1","Coolheaded","Undo","Echo Form","Conserve Battery+1","Static Discharge+1"],"relics":["Cracked Core","NeowsBlessing","Omamori","Bottled Flame","Cursed Key"],"potions_floor_usage":[16,18],"damage_taken":[{"damage":0,"enemies":"Small Slimes","floor":1,"turns":1},{"damage":0,"enemies":"2 Louse","floor":3,"turns":1},{"damage":0,"enemies":"Lagavulin","floor":7,"turns":1},{"damage":0,"enemies":"Cultist","floor":8,"turns":3},{"damage":11,"enemies":"Looter","floor":11,"turns":2},{"damage":14,"enemies":"Exordium Wildlife","floor":12,"turns":4},{"damage":27,"enemies":"Hexaghost","floor":16,"turns":9},{"damage":17,"enemies":"2 Thieves","floor":18,"turns":3},{"damage":16,"enemies":"Shell Parasite","floor":19,"turns":5},{"damage":24,"enemies":"3 Cultists","floor":21,"turns":3}],"seed_played":"-2607689342686102526","potions_obtained":[{"floor":3,"key":"SpeedPotion"},{"floor":8,"key":"LiquidBronze"},{"floor":19,"key":"LiquidBronze"}],"is_trial":false,"path_per_floor":["M","?","M","?","?","R","E","M","T","R","M","M","R","?","R","B",null,"M","M","?","M"],"character_chosen":"DEFECT","items_purchased":[],"campfire_rested":1,"item_purchase_floors":[],"current_hp_per_floor":[64,64,64,43,43,43,43,43,43,43,32,18,39,39,39,12,56,39,23,23,0],"gold":234,"neow_bonus":"THREE_ENEMY_KILL","is_prod":false,"is_daily":false,"chose_seed":false,"campfire_upgraded":3,"win_rate":0,"timestamp":1559858945,"path_taken":["M","?","M","?","?","R","E","M","T","R","M","?","R","?","R","BOSS","M","M","?","M"],"build_version":"2019-01-23","purchased_purges":0,"victory":false,"max_hp_per_floor":[71,71,71,71,71,71,71,71,71,71,71,71,71,71,71,71,71,71,71,71,71],"card_choices":[{"not_picked":["Rebound","Go for the Eyes"],"picked":"Ball Lightning","floor":1},{"not_picked":["Darkness","Fusion"],"picked":"Hologram","floor":3},{"not_picked":["Leap","Compile Driver"],"picked":"Coolheaded","floor":7},{"not_picked":["Go for the Eyes","BootSequence"],"picked":"Tempest","floor":8},{"not_picked":["Steam Power","Compile Driver"],"picked":"Coolheaded","floor":11},{"not_picked":["Scrape","Sweeping Beam"],"picked":"Undo","floor":12},{"not_picked":["Machine Learning","Multi-Cast"],"picked":"Echo Form","floor":16},{"not_picked":["Hologram","Hello World"],"picked":"Conserve Battery+1","floor":18},{"not_picked":["Rip and Tear","Loop"],"picked":"Static Discharge+1","floor":19}],"player_experience":532543,"relics_obtained":[{"floor":7,"key":"Omamori"},{"floor":9,"key":"Bottled Flame"}],"event_choices":[{"cards_removed":["Strike_B"],"damage_healed":0,"gold_gain":0,"player_choice":"Forget","damage_taken":0,"max_hp_gain":0,"max_hp_loss":0,"event_name":"Living Wall","floor":2,"gold_loss":0},{"damage_healed":0,"gold_gain":0,"player_choice":"Entered Light","damage_taken":21,"max_hp_gain":0,"max_hp_loss":0,"event_name":"Shining Light","floor":4,"gold_loss":0,"cards_upgraded":["Zap","Defend_B"]},{"cards_removed":["Strike_B"],"damage_healed":0,"gold_gain":0,"player_choice":"Offered Basic","damage_taken":0,"max_hp_gain":0,"max_hp_loss":0,"event_name":"Bonfire Elementals","floor":5,"gold_loss":0},{"cards_removed":["Strike_B"],"damage_healed":0,"gold_gain":0,"player_choice":"Card Removal","damage_taken":0,"max_hp_gain":0,"max_hp_loss":0,"event_name":"The Cleric","floor":14,"gold_loss":75},{"cards_removed":["Coolheaded"],"damage_healed":0,"gold_gain":0,"player_choice":"Gave Gold","damage_taken":0,"max_hp_gain":0,"max_hp_loss":0,"event_name":"Beggar","floor":20,"gold_loss":75}],"is_beta":false,"boss_relics":[{"not_picked":["Black Star","Empty Cage"],"picked":"Cursed Key"}],"items_purged_floors":[],"is_endless":false,"potions_floor_spawned":[3,8,11,12,19],"killed_by":"3 Cultists","ascension_level":18}