{"gold_per_floor":[112,62,62,12,30,30,61,61,61,61,80,108,140,140,140,243,243,256,256,256,206,235,260,260,271,271,285,300,13,45,56,56,160,160,172,188,198,148,167,194,214,248,248,248,265,5,105,134,134,134,134,134,46,76,76],"floor_reached":55,"playtime":3360,"items_purged":["Strike_R","Strike_R","Strike_R","Defend_R","Burning Pact+1"],"score":895,"play_id":"68646dc2-aeec-49f2-a6c7-73db138530f5","local_time":"20190308205720","is_ascension_mode":true,"campfire_choices":[{"data":"Bash","floor":6.0,"key":"SMITH"},{"data":"Cleave","floor":8.0,"key":"SMITH"},{"floor":10.0,"key":"RECALL"},{"floor":15.0,"key":"REST"},{"data":"True Grit","floor":24.0,"key":"SMITH"},{"floor":32.0,"key":"REST"},{"data":"Battle Trance","floor":49,"key":"SMITH"},{"data":"Limit Break","floor":52,"key":"SMITH"}],"neow_cost":"NONE","seed_source_timestamp":593486977778661,"circlet_count":0,"master_deck":["Defend_R","Bash+1","Cleave+1","Battle Trance+1","True Grit+1","Limit Break+1","Dropkick+1","Flex","Flex","Reckless Charge+1","Dropkick+1","Impatience+1","Dropkick"],"special_seed":0,"relics":["Burning Blood","Smiling Mask","Torii","Prayer Wheel","Odd Mushroom","Oddly Smooth Stone","Happy Flower","Runic Pyramid","Red Mask","Shuriken","Meat on the Bone","Strange Spoon","Bag of Preparation","Astrolabe","Toxic Egg 2","Whetstone","Nunchaku","Bottled Flame","Turnip","Bag of Marbles","StoneCalendar"],"potions_floor_usage":[45,55,55,55],"damage_taken":[{"damage":6.0,"enemies":"Cultist","floor":1.0,"turns":3.0},{"damage":6.0,"enemies":"2 Louse","floor":5.0,"turns":3.0},{"damage":29.0,"enemies":"Gremlin Nob","floor":7.0,"turns":4.0},{"damage":1.0,"enemies":"Jaw Worm","floor":11.0,"turns":5.0},{"damage":1.0,"enemies":"The Mushroom Lair","floor":12.0,"turns":3.0},{"damage":38.0,"enemies":"Lagavulin","floor":13.0,"turns":8.0},{"damage":32.0,"enemies":"Hexaghost","floor":16.0,"turns":13.0},{"damage":21.0,"enemies":"2 Thieves","floor":18.0,"turns":4.0},{"damage":31.0,"enemies":"Masked Bandits","floor":22.0,"turns":4.0},{"damage":6.0,"enemies":"Gremlin Leader","floor":23.0,"turns":6.0},{"damage":7.0,"enemies":"3 Byrds","floor":25.0,"turns":3.0},{"damage":37.0,"enemies":"Shelled Parasite and Fungi","floor":27.0,"turns":6.0},{"damage":9.0,"enemies":"Chosen and Byrds","floor":28.0,"turns":5.0},{"damage":22.0,"enemies":"Book of Stabbing","floor":30.0,"turns":4.0},{"damage":7.0,"enemies":"Snake Plant","floor":31.0,"turns":2.0},{"damage":33.0,"enemies":"Collector","floor":33.0,"turns":4.0},{"damage":1.0,"enemies":"3 Darklings","floor":35.0,"turns":3.0},{"damage":17.0,"enemies":"3 Shapes","floor":36.0,"turns":3.0},{"damage":33.0,"enemies":"Sphere and 2 Shapes","floor":37.0,"turns":5.0},{"damage":0.0,"enemies":"Jaw Worm Horde","floor":39.0,"turns":2.0},{"damage":0.0,"enemies":"Reptomancer","floor":40.0,"turns":3.0},{"damage":13.0,"enemies":"Writhing Mass","floor":41.0,"turns":3.0},{"damage":42.0,"enemies":"Nemesis","floor":42.0,"turns":5.0},{"damage":8,"enemies":"4 Shapes","floor":45,"turns":4},{"damage":10,"enemies":"Mind Bloom Boss Battle","floor":47,"turns":4},{"damage":1,"enemies":"Giant Head","floor":48,"turns":5},{"damage":48,"enemies":"Donu and Deca","floor":50,"turns":5},{"damage":30,"enemies":"Shield and Spear","floor":54,"turns":4},{"damage":63,"enemies":"The Heart","floor":55,"turns":3}],"seed_played":"3268158201696221826","potions_obtained":[{"floor":7.0,"key":"Dexterity Potion"},{"floor":12.0,"key":"SkillPotion"},{"floor":13.0,"key":"GamblersBrew"},{"floor":16.0,"key":"SpeedPotion"},{"floor":22.0,"key":"Energy Potion"},{"floor":25.0,"key":"Swift Potion"},{"floor":27.0,"key":"FearPotion"},{"floor":33.0,"key":"FearPotion"},{"floor":35.0,"key":"Fire Potion"},{"floor":36.0,"key":"SteroidPotion"},{"floor":41.0,"key":"EntropicBrew"},{"floor":47,"key":"Poison Potion"},{"floor":54,"key":"PowerPotion"}],"is_trial":false,"path_per_floor":["M","$","?","$","M","R","E","R","T","R","M","?","E","T","R","B",null,"M","?","?","$","?","E","R","M","T","M","M","$","E","M","R","B",null,"M","M","M","$","M","E","M","E","T","?","M","$","?","E","R","B",null,"R","$","E","B"],"character_chosen":"IRONCLAD","items_purchased":["Strange Spoon","Flex","Bottled Flame","Impatience+1"],"campfire_rested":2,"item_purchase_floors":[29,29,46,53],"current_hp_per_floor":[80,80,55,55,55,55,32,32,32,32,37,42,10,10,34,8,80,65,65,65,65,40,40,40,39,39,20,29,29,25,36,60,45,80,80,69,54,54,60,66,59,35,35,35,45,45,53,58,58,28,80,80,80,56,0],"gold":76,"neow_bonus":"RANDOM_COMMON_RELIC","is_prod":false,"is_daily":false,"chose_seed":false,"campfire_upgraded":5,"win_rate":0,"timestamp":1552075040,"path_taken":["M","$","?","$","M","R","E","R","T","R","M","?","E","?","R","BOSS","M","?","?","$","?","E","R","M","T","M","M","$","E","M","R","BOSS","M","M","M","$","M","E","M","E","T","?","M","$","?","E","R","BOSS","R","$","E","BOSS"],"build_version":"2019-01-23","purchased_purges":5,"victory":false,"max_hp_per_floor":[80,80,80,80,80,80,80,80,80,80,80,80,80,80,80,80,80,80,80,80,80,80,80,80,80,80,80,80,80,80,80,80,80,80,80,80,80,80,80,80,80,80,80,80,80,80,80,80,80,80,80,80,80,80,80],"card_choices":[{"not_picked":["Perfected Strike","Iron Wave"],"picked":"Cleave","floor":1.0},{"not_picked":["Sword Boomerang","Heavy Blade","Offering"],"picked":"SKIP","floor":5.0},{"not_picked":["Ghostly Armor","Havoc"],"picked":"Battle Trance","floor":7.0},{"not_picked":["Flame Barrier","Blood for Blood","Havoc"],"picked":"SKIP","floor":11.0},{"not_picked":["Wild Strike","Pommel Strike","Carnage"],"picked":"SKIP","floor":11.0},{"not_picked":["Twin Strike","Clothesline","Clash"],"picked":"SKIP","floor":13.0},{"not_picked":["Corruption","Cleave","Headbutt+1"],"picked":"SKIP","floor":18.0},{"not_picked":["Clothesline+1","Iron Wave","Heavy Blade"],"picked":"SKIP","floor":18.0},{"not_picked":["Impervious","Sword Boomerang+1","Anger"],"picked":"SKIP","floor":23.0},{"not_picked":["Clash","Perfected Strike"],"picked":"Limit Break","floor":25.0},{"not_picked":["Bloodletting+1","Sword Boomerang","Metallicize"],"picked":"SKIP","floor":25.0},{"not_picked":["Battle Trance","Fire Breathing"],"picked":"Dropkick","floor":27.0},{"not_picked":["Twin Strike","Warcry","Havoc"],"picked":"SKIP","floor":27.0},{"not_picked":["Clash","Twin Strike"],"picked":"Battle Trance","floor":28.0},{"not_picked":["Twin Strike","Clash","Clothesline+1"],"picked":"SKIP","floor":28.0},{"not_picked":["Perfected Strike","Sever Soul","Immolate"],"picked":"SKIP","floor":30.0},{"not_picked":["Power Through+1","Headbutt"],"picked":"Flex","floor":31.0},{"not_picked":["Havoc+1","Disarm","Flame Barrier"],"picked":"SKIP","floor":31.0},{"not_picked":["Burning Pact+1","Clash","Cleave+1"],"picked":"SKIP","floor":35.0},{"not_picked":["Spot Weakness+1","Armaments","Infernal Blade"],"picked":"SKIP","floor":35.0},{"not_picked":["Sword Boomerang","Havoc+1","Bludgeon"],"picked":"SKIP","floor":36.0},{"not_picked":["Armaments","Havoc+1","Iron Wave+1"],"picked":"SKIP","floor":36.0},{"not_picked":["Sword Boomerang+1","Sever Soul","Flex+1"],"picked":"SKIP","floor":37.0},{"not_picked":["Bloodletting+1","Sword Boomerang","Carnage+1"],"picked":"SKIP","floor":37.0},{"not_picked":["Rampage+1","Exhume","Shrug It Off"],"picked":"SKIP","floor":39.0},{"not_picked":["Clash+1","Anger","Shrug It Off+1"],"picked":"SKIP","floor":39.0},{"not_picked":["Rampage+1","Exhume","Shrug It Off"],"picked":"SKIP","floor":39.0},{"not_picked":["Clash+1","Anger","Shrug It Off+1"],"picked":"SKIP","floor":39.0},{"not_picked":["True Grit+1","Burning Pact","Corruption"],"picked":"SKIP","floor":40.0},{"not_picked":["Battle Trance+1","Clash","Sever Soul"],"picked":"SKIP","floor":41.0},{"not_picked":["Hemokinesis+1","Feel No Pain","Carnage"],"picked":"SKIP","floor":41.0},{"not_picked":["Brutality","Warcry+1","Thunderclap"],"picked":"SKIP","floor":42.0},{"not_picked":["Sever Soul","Wild Strike+1","Twin Strike"],"picked":"SKIP","floor":45},{"not_picked":["Shrug It Off+1","Dual Wield+1","Havoc+1"],"picked":"SKIP","floor":45},{"not_picked":["Thunderclap+1","Second Wind+1","Clash+1"],"picked":"SKIP","floor":48},{"not_picked":["True Grit+1","Anger"],"picked":"Dropkick","floor":54}],"player_experience":44938,"relics_obtained":[{"floor":7.0,"key":"Prayer Wheel"},{"floor":12.0,"key":"Odd Mushroom"},{"floor":13.0,"key":"Oddly Smooth Stone"},{"floor":14.0,"key":"Happy Flower"},{"floor":22.0,"key":"Red Mask"},{"floor":23.0,"key":"Shuriken"},{"floor":26.0,"key":"Meat on the Bone"},{"floor":30.0,"key":"Bag of Preparation"},{"floor":40.0,"key":"Toxic Egg 2"},{"floor":42.0,"key":"Whetstone"},{"floor":43.0,"key":"Nunchaku"},{"floor":47,"key":"Turnip"},{"floor":48,"key":"Bag of Marbles"},{"floor":54,"key":"StoneCalendar"}],"event_choices":[{"damage_healed":0.0,"max_hp_gain":0.0,"max_hp_loss":0.0,"gold_gain":0.0,"event_name":"Scrap Ooze","player_choice":"Success","floor":3.0,"gold_loss":0.0,"damage_taken":25.0,"relics_obtained":["Torii"]},{"damage_healed":0.0,"max_hp_gain":0.0,"max_hp_loss":0.0,"gold_gain":0.0,"event_name":"Mushrooms","player_choice":"Fought Mushrooms","floor":12.0,"gold_loss":0.0,"damage_taken":0.0},{"damage_healed":0.0,"max_hp_gain":0.0,"max_hp_loss":0.0,"gold_gain":0.0,"event_name":"The Library","player_choice":"Read","floor":19.0,"gold_loss":0.0,"damage_taken":0.0,"cards_obtained":["True Grit"]},{"cards_removed":["Defend_R"],"damage_healed":0.0,"max_hp_gain":0.0,"max_hp_loss":0.0,"gold_gain":0.0,"event_name":"Back to Basics","player_choice":"Elegance","floor":20.0,"gold_loss":0.0,"damage_taken":0.0},{"damage_healed":0.0,"max_hp_gain":0.0,"max_hp_loss":0.0,"gold_gain":0.0,"event_name":"Masked Bandits","player_choice":"Fought Bandits","floor":22.0,"gold_loss":0.0,"damage_taken":0.0},{"cards_removed":["Battle Trance"],"damage_healed":0.0,"max_hp_gain":0.0,"max_hp_loss":0.0,"gold_gain":0.0,"event_name":"Falling","player_choice":"Removed Skill","floor":44.0,"gold_loss":0.0,"damage_taken":0.0},{"damage_healed":0,"gold_gain":0,"player_choice":"Fight","damage_taken":0,"max_hp_gain":0,"max_hp_loss":0,"event_name":"MindBloom","floor":47,"gold_loss":0}],"is_beta":false,"boss_relics":[{"not_picked":["Coffee Dripper","Runic Cube"],"picked":"Runic Pyramid"},{"not_picked":["Snecko Eye","White Beast Statue"],"picked":"Astrolabe"}],"items_purged_floors":[2,4,21,29,38],"is_endless":false,"potions_floor_spawned":[7,12,13,16,22,25,27,33,35,36,41,47,54],"killed_by":"The Heart","ascension_level":3}