{"gold_per_floor":[114,127,127,52,62,62,88,88,88,102,113,126,161,61,61,166,166,180,169,44,44,59,59,75,105,131,144,39,59,70,84,84,180,180,180,200,218,231,231,231,251,20,44,58,58,58,58,0,0,0,0,0,0,0],"floor_reached":54,"playtime":3113,"items_purged":["Strike_R","Strike_R","Strike_R","Strike_R"],"score":650,"play_id":"b4e19411-624f-4477-b3b5-521311ebc64e","local_time":"20190324195136","is_ascension_mode":false,"campfire_choices":[{"data":"Uppercut","floor":6,"key":"SMITH"},{"data":"Body Slam","floor":8,"key":"SMITH"},{"data":"Juggernaut","floor":15,"key":"SMITH"},{"data":"Body Slam","floor":23,"key":"SMITH"},{"floor":32,"key":"RECALL"},{"floor":40,"key":"REST"},{"floor":46,"key":"REST"},{"floor":49,"key":"REST"},{"floor":52,"key":"REST"}],"neow_cost":"NONE","seed_source_timestamp":88438981717000,"circlet_count":0,"master_deck":["Defend_R+1","Defend_R+1","Defend_R+1","Bash+1","Juggernaut+1","Iron Wave+1","Uppercut+1","Body Slam+1","True Grit+1","True Grit+1","Hemokinesis+1","Body Slam+1","Wild Strike+1","Evolve+1","Metallicize+1","Feel No Pain+1","Injury","Shrug It Off+1"],"relics":["Burning Blood","Magic Flower","Toxic Egg 2","Lantern","Mark of Pain","Letter Opener","Bronze Scales","Cursed Key","Mark of the Bloom","Red Mask"],"potions_floor_usage":[11,12,25,25,25,28,35,41,50,50],"damage_taken":[{"damage":6,"enemies":"Jaw Worm","floor":1,"turns":5},{"damage":1,"enemies":"Cultist","floor":2,"turns":4},{"damage":4,"enemies":"Small Slimes","floor":5,"turns":4},{"damage":14,"enemies":"Lagavulin","floor":7,"turns":8},{"damage":1,"enemies":"2 Fungi Beasts","floor":10,"turns":3},{"damage":9,"enemies":"Exordium Wildlife","floor":11,"turns":3},{"damage":7,"enemies":"Lots of Slimes","floor":12,"turns":4},{"damage":7,"enemies":"3 Sentries","floor":13,"turns":9},{"damage":47,"enemies":"The Guardian","floor":16,"turns":11},{"damage":0,"enemies":"Chosen","floor":18,"turns":4},{"damage":3,"enemies":"2 Thieves","floor":19,"turns":4},{"damage":30,"enemies":"Centurion and Healer","floor":22,"turns":7},{"damage":11,"enemies":"Snecko","floor":24,"turns":4},{"damage":4,"enemies":"Slavers","floor":25,"turns":6},{"damage":18,"enemies":"Snake Plant","floor":27,"turns":3},{"damage":5,"enemies":"Chosen and Byrds","floor":29,"turns":4},{"damage":9,"enemies":"3 Cultists","floor":30,"turns":4},{"damage":4,"enemies":"Cultist and Chosen","floor":31,"turns":5},{"damage":48,"enemies":"Champ","floor":33,"turns":10},{"damage":2,"enemies":"3 Darklings","floor":35,"turns":2},{"damage":14,"enemies":"3 Shapes","floor":36,"turns":4},{"damage":44,"enemies":"Writhing Mass","floor":37,"turns":5},{"damage":16,"enemies":"Sphere and 2 Shapes","floor":38,"turns":5},{"damage":26,"enemies":"3 Darklings","floor":41,"turns":5},{"damage":5,"enemies":"4 Shapes","floor":44,"turns":6},{"damage":49,"enemies":"Time Eater","floor":50,"turns":10},{"damage":71,"enemies":"Shield and Spear","floor":54,"turns":3}],"seed_played":"-8729679660041153540","potions_obtained":[{"floor":2,"key":"Poison Potion"},{"floor":5,"key":"LiquidBronze"},{"floor":7,"key":"Block Potion"},{"floor":11,"key":"Fire Potion"},{"floor":24,"key":"EssenceOfSteel"},{"floor":29,"key":"Ancient Potion"},{"floor":31,"key":"SmokeBomb"},{"floor":33,"key":"SteroidPotion"},{"floor":36,"key":"FearPotion"},{"floor":44,"key":"Dexterity Potion"}],"is_trial":false,"path_per_floor":["M","M","?","$","M","R","E","R","T","M","M","M","E","$","R","B",null,"M","M","$","?","M","R","M","E","T","M","$","M","M","M","R","B",null,"M","M","M","M","$","R","M","$","T","M","?","R","?","?","R","B",null,"R","$","E"],"character_chosen":"IRONCLAD","items_purchased":["Fruit Juice","Feel No Pain"],"campfire_rested":4,"item_purchase_floors":[28,42],"current_hp_per_floor":[80,80,80,80,80,80,72,72,72,80,80,80,80,80,80,42,80,80,80,80,80,59,59,57,62,62,53,58,62,62,67,67,28,85,85,80,45,38,38,63,46,46,46,50,50,75,75,75,75,26,26,26,26,0],"gold":0,"neow_bonus":"ONE_RANDOM_RARE_CARD","is_prod":false,"is_daily":false,"chose_seed":false,"campfire_upgraded":4,"win_rate":0,"timestamp":1553482296,"path_taken":["M","M","?","$","M","R","E","R","T","M","M","M","E","$","R","BOSS","M","M","?","?","M","R","M","E","T","M","?","M","M","M","R","BOSS","M","M","?","M","$","R","M","$","T","M","?","R","?","?","R","BOSS","R","$","E"],"build_version":"2019-01-23","purchased_purges":4,"victory":false,"max_hp_per_floor":[80,80,80,80,80,80,80,80,80,80,80,80,80,80,80,80,80,80,80,80,80,80,80,80,80,80,80,85,85,85,85,85,85,85,85,85,85,85,85,85,85,85,85,85,85,85,85,85,85,85,85,85,85,85],"card_choices":[{"not_picked":["Twin Strike","Shockwave"],"picked":"Iron Wave","floor":1},{"not_picked":["Fire Breathing","Inflame"],"picked":"Uppercut","floor":2},{"not_picked":["Dual Wield","Rupture","Wild Strike"],"picked":"SKIP","floor":5},{"not_picked":["Dual Wield","Rupture","Wild Strike"],"picked":"SKIP","floor":5},{"not_picked":["Ghostly Armor","Sword Boomerang"],"picked":"Body Slam","floor":7},{"not_picked":["Spot Weakness+1","Clash","Headbutt"],"picked":"SKIP","floor":10},{"not_picked":["Havoc+1","Sword Boomerang"],"picked":"True Grit+1","floor":11},{"not_picked":["Warcry+1","Heavy Blade"],"picked":"True Grit+1","floor":12},{"not_picked":["Thunderclap","Headbutt","Pommel Strike"],"picked":"SKIP","floor":13},{"not_picked":["Pommel Strike+1","Clothesline","Armaments+1"],"picked":"SKIP","floor":18},{"not_picked":["Sword Boomerang","Rampage+1"],"picked":"Hemokinesis+1","floor":19},{"not_picked":["Ghostly Armor+1","Combust","Heavy Blade"],"picked":"SKIP","floor":22},{"not_picked":["Body Slam","Armaments+1"],"picked":"Wild Strike","floor":24},{"not_picked":["Wild Strike","Heavy Blade+1"],"picked":"Evolve","floor":25},{"not_picked":["Iron Wave","Hemokinesis","Juggernaut"],"picked":"SKIP","floor":27},{"not_picked":["Carnage+1","Shrug It Off+1"],"picked":"Metallicize+1","floor":29},{"not_picked":["Flex+1","Thunderclap","Havoc+1"],"picked":"SKIP","floor":30},{"not_picked":["Havoc+1","Iron Wave","Fire Breathing+1"],"picked":"SKIP","floor":31},{"not_picked":["True Grit+1","Rupture","Cleave"],"picked":"SKIP","floor":36},{"not_picked":["Twin Strike","Clash+1","Rampage+1"],"picked":"SKIP","floor":37},{"not_picked":["Clothesline","Clash","Armaments+1"],"picked":"SKIP","floor":38},{"not_picked":["True Grit+1","Metallicize+1","Havoc+1"],"picked":"SKIP","floor":41},{"not_picked":["Thunderclap","Perfected Strike"],"picked":"Shrug It Off+1","floor":44}],"player_experience":166510,"relics_obtained":[{"floor":7,"key":"Magic Flower"},{"floor":9,"key":"Toxic Egg 2"},{"floor":13,"key":"Lantern"},{"floor":25,"key":"Letter Opener"},{"floor":26,"key":"Bronze Scales"}],"event_choices":[{"cards_removed":["Strike_R"],"damage_healed":0,"gold_gain":0,"player_choice":"Offered Basic","damage_taken":0,"max_hp_gain":0,"max_hp_loss":0,"event_name":"Bonfire Elementals","floor":3,"gold_loss":0},{"damage_healed":0,"gold_gain":0,"player_choice":"Read","damage_taken":0,"max_hp_gain":0,"max_hp_loss":0,"event_name":"The Library","floor":21,"gold_loss":0,"cards_obtained":["Body Slam"]},{"cards_removed":["Defend_R"],"damage_healed":0,"gold_gain":0,"player_choice":"Removed Skill","damage_taken":0,"max_hp_gain":0,"max_hp_loss":0,"event_name":"Falling","floor":45,"gold_loss":0},{"damage_healed":0,"gold_gain":0,"player_choice":"Upgrade","damage_taken":0,"relics_obtained":["Mark of the Bloom"],"max_hp_gain":0,"max_hp_loss":0,"event_name":"MindBloom","floor":47,"gold_loss":0,"cards_upgraded":["Defend_R","Defend_R","Defend_R","Bash","Iron Wave","Wild Strike","Evolve","Feel No Pain"]},{"damage_healed":0,"gold_gain":0,"player_choice":"Paid","damage_taken":0,"relics_obtained":["Red Mask"],"max_hp_gain":0,"max_hp_loss":0,"event_name":"Tomb of Lord Red Mask","floor":48,"gold_loss":58}],"is_beta":false,"boss_relics":[{"not_picked":["Tiny House","Runic Cube"],"picked":"Mark of Pain"},{"not_picked":["Runic Pyramid","Astrolabe"],"picked":"Cursed Key"}],"items_purged_floors":[4,14,20,42],"is_endless":false,"potions_floor_spawned":[2,5,7,11,24,29,31,33,36,44],"killed_by":"Shield and Spear","ascension_level":0}