{"gold_per_floor":[113,125,145,158,175,204,204,222,222,222,222,222,222,260,260,386,386,409,430,555,574,574,607,607,642,690,715,715,715],"floor_reached":29,"playtime":1259,"items_purged":[],"score":275,"play_id":"a68be3db-bada-45ce-848b-620cd94a2b4f","local_time":"20190607164222","is_ascension_mode":false,"campfire_choices":[{"data":"Crippling Poison","floor":7,"key":"SMITH"},{"data":"Bouncing Flask","floor":10,"key":"SMITH"},{"floor":13,"key":"REST"},{"data":"Infinite Blades","floor":15,"key":"SMITH"},{"data":"Venomology","floor":24,"key":"SMITH"},{"data":"Blade Dance","floor":28,"key":"SMITH"}],"neow_cost":"NONE","seed_source_timestamp":234588461677284,"circlet_count":0,"master_deck":["Defend_G","Defend_G","Defend_G","Defend_G","Defend_G","Strike_G","Strike_G","Strike_G","Strike_G","Survivor","Neutralize","Bouncing Flask+1","Dash","Crippling Poison+1","Infinite Blades+1","Venomology+1","PiercingWail+1","Pain","Cloak And Dagger+1","Blade Dance+1","Regret"],"relics":["Ring of the Snake","Pen Nib","Letter Opener","Golden Idol","Orichalcum","Cursed Key","StoneCalendar","Molten Egg 2","WarpedTongs","Sundial","Art of War","Ancient Tea Set"],"potions_floor_usage":[6,18,19,20,20,20,20,20,23,25,25,27,27,27],"damage_taken":[{"damage":1,"enemies":"Cultist","floor":1,"turns":4},{"damage":2,"enemies":"Small Slimes","floor":2,"turns":4},{"damage":0,"enemies":"Jaw Worm","floor":3,"turns":4},{"damage":7,"enemies":"Blue Slaver","floor":4,"turns":3},{"damage":0,"enemies":"Looter","floor":5,"turns":4},{"damage":14,"enemies":"Gremlin Nob","floor":6,"turns":5},{"damage":14,"enemies":"Exordium Thugs","floor":8,"turns":4},{"damage":1,"enemies":"Lagavulin","floor":14,"turns":7},{"damage":5,"enemies":"Hexaghost","floor":16,"turns":8},{"damage":5,"enemies":"Shell Parasite","floor":18,"turns":4},{"damage":4,"enemies":"Chosen","floor":19,"turns":4},{"damage":8,"enemies":"Colosseum Slavers","floor":20,"turns":3},{"damage":43,"enemies":"Colosseum Nobs","floor":20,"turns":6},{"damage":3,"enemies":"Centurion and Healer","floor":21,"turns":7},{"damage":18,"enemies":"Slavers","floor":23,"turns":6},{"damage":17,"enemies":"Gremlin Leader","floor":25,"turns":8},{"damage":6,"enemies":"Shelled Parasite and Fungi","floor":27,"turns":7},{"damage":22,"enemies":"Book of Stabbing","floor":29,"turns":4}],"seed_played":"6773160766438898969","potions_obtained":[{"floor":1,"key":"Strength Potion"},{"floor":3,"key":"Poison Potion"},{"floor":6,"key":"Fire Potion"},{"floor":16,"key":"GamblersBrew"},{"floor":21,"key":"Regen Potion"},{"floor":27,"key":"Explosive Potion"}],"is_trial":false,"path_per_floor":["M","M","M","M","M","E","R","M","T","R","?","?","R","E","R","B",null,"M","M","?","M","?","E","R","E","T","M","R","E"],"character_chosen":"THE_SILENT","items_purchased":[],"campfire_rested":1,"item_purchase_floors":[],"current_hp_per_floor":[76,74,74,67,67,53,53,39,39,39,20,13,36,35,35,30,77,72,68,48,45,45,42,42,25,25,19,19,0],"gold":715,"neow_bonus":"TEN_PERCENT_HP_BONUS","is_prod":false,"is_daily":false,"chose_seed":false,"campfire_upgraded":5,"win_rate":0,"timestamp":1559918542,"path_taken":["M","?","M","M","M","E","R","M","T","R","?","?","R","E","R","BOSS","M","M","?","M","?","E","R","E","T","?","R","E"],"build_version":"2019-01-23","purchased_purges":0,"victory":false,"max_hp_per_floor":[77,77,77,77,77,77,77,77,77,77,77,77,77,77,77,77,77,77,77,77,77,77,77,77,77,77,77,77,77],"card_choices":[{"not_picked":["Sucker Punch","Blade Dance"],"picked":"Bouncing Flask","floor":1},{"not_picked":["Deflect","Quick Slash","Poisoned Stab"],"picked":"SKIP","floor":2},{"not_picked":["Bane","Calculated Gamble"],"picked":"Dash","floor":3},{"not_picked":["Deadly Poison","Choke"],"picked":"Crippling Poison","floor":4},{"not_picked":["Deadly Poison","Dagger Spray"],"picked":"Infinite Blades","floor":5},{"not_picked":["Endless Agony","Quick Slash","Choke"],"picked":"SKIP","floor":6},{"not_picked":["Die Die Die","Concentrate","Dagger Spray"],"picked":"SKIP","floor":8},{"not_picked":["Dagger Spray","Sucker Punch","Poisoned Stab"],"picked":"SKIP","floor":14},{"not_picked":["Die Die Die","Bullet Time"],"picked":"Venomology","floor":16},{"not_picked":["Quick Slash","Bane+1","Skewer+1"],"picked":"SKIP","floor":18},{"not_picked":["Acrobatics+1","Dagger Spray"],"picked":"PiercingWail+1","floor":19},{"not_picked":["Outmaneuver","Bane+1","Endless Agony+1"],"picked":"SKIP","floor":21},{"not_picked":["Endless Agony+1","Catalyst"],"picked":"Cloak And Dagger+1","floor":23},{"not_picked":["Quick Slash+1","Dodge and Roll"],"picked":"Blade Dance","floor":25},{"not_picked":["Underhanded Strike+1","Dagger Throw+1","Dagger Spray+1"],"picked":"SKIP","floor":27}],"player_experience":540118,"relics_obtained":[{"floor":6,"key":"Pen Nib"},{"floor":9,"key":"Letter Opener"},{"floor":14,"key":"Orichalcum"},{"floor":20,"key":"StoneCalendar"},{"floor":20,"key":"Molten Egg 2"},{"floor":23,"key":"Sundial"},{"floor":25,"key":"Art of War"},{"floor":26,"key":"Ancient Tea Set"}],"event_choices":[{"damage_healed":0,"gold_gain":0,"player_choice":"Take Damage","damage_taken":19,"relics_obtained":["Golden Idol"],"max_hp_gain":0,"max_hp_loss":0,"event_name":"Golden Idol","floor":11,"gold_loss":0},{"cards_removed":["Strike_G"],"damage_healed":0,"gold_gain":0,"player_choice":"Card Removal","damage_taken":7,"max_hp_gain":0,"max_hp_loss":0,"event_name":"Golden Wing","floor":12,"gold_loss":0},{"damage_healed":0,"gold_gain":0,"player_choice":"Fight","damage_taken":0,"max_hp_gain":0,"max_hp_loss":0,"event_name":"Colosseum","floor":20,"gold_loss":0},{"damage_healed":0,"gold_gain":0,"player_choice":"Fought Nobs","damage_taken":0,"max_hp_gain":0,"max_hp_loss":0,"event_name":"Colosseum","floor":20,"gold_loss":0},{"damage_healed":0,"gold_gain":0,"player_choice":"Rummage","damage_taken":0,"relics_obtained":["WarpedTongs"],"max_hp_gain":0,"max_hp_loss":0,"event_name":"Accursed Blacksmith","floor":22,"gold_loss":0,"cards_obtained":["Pain"]}],"is_beta":false,"boss_relics":[{"not_picked":["Runic Pyramid","Tiny House"],"picked":"Cursed Key"}],"items_purged_floors":[],"is_endless":false,"potions_floor_spawned":[1,3,6,16,21,23,27],"killed_by":"Book of Stabbing","ascension_level":0}