{"gold_per_floor":[113,130,130,80,80,80,92,122,197,211,211,211,211,230,230,325,325,344,344,361,374,389,389,399,399,425,248,248,248,248,261,261,356,356,371,381,381,381],"floor_reached":38,"playtime":1264,"items_purged":["Anger"],"score":526,"play_id":"f79ffd73-d343-4f62-bc90-26f18b493632","local_time":"20190611163443","is_ascension_mode":false,"campfire_choices":[{"data":"Bash","floor":6.0,"key":"SMITH"},{"data":"Pommel Strike","floor":11,"key":"SMITH"},{"data":"Cleave","floor":13,"key":"SMITH"},{"data":"Perfected Strike","floor":15,"key":"SMITH"},{"data":"Defend_R","floor":23,"key":"SMITH"},{"data":"Limit Break","floor":25,"key":"SMITH"},{"data":"Sword Boomerang","floor":32,"key":"SMITH"}],"neow_cost":"NONE","seed_source_timestamp":0,"circlet_count":0,"master_deck":["Strike_R","Strike_R","Strike_R","Strike_R","Defend_R+1","Defend_R","Defend_R","Defend_R","Pommel Strike+1","Pommel Strike+1","Anger","Cleave+1","Perfected Strike+1","Limit Break+1","Battle Trance","Cleave+1","Inflame","Sword Boomerang+1","RitualDagger","Cleave+1","Double Tap"],"special_seed":0,"relics":["White Beast Statue"],"potions_floor_usage":[10,10,16,18,20,21,21,24,24,31,33,33,35,38,38],"damage_taken":[{"damage":0.0,"enemies":"Small Slimes","floor":1.0,"turns":4.0},{"damage":5.0,"enemies":"Jaw Worm","floor":2.0,"turns":4.0},{"damage":0.0,"enemies":"2 Louse","floor":7.0,"turns":2.0},{"damage":3.0,"enemies":"Gremlin Nob","floor":8.0,"turns":3.0},{"damage":4,"enemies":"Large Slime","floor":10,"turns":5},{"damage":0,"enemies":"Lots of Slimes","floor":14,"turns":1},{"damage":11,"enemies":"Slime Boss","floor":16,"turns":5},{"damage":0,"enemies":"Spheric Guardian","floor":18,"turns":2},{"damage":0,"enemies":"Chosen","floor":20,"turns":3},{"damage":0,"enemies":"Snecko","floor":21,"turns":3},{"damage":16,"enemies":"3 Cultists","floor":22,"turns":4},{"damage":4,"enemies":"Centurion and Healer","floor":24,"turns":3},{"damage":17,"enemies":"Chosen and Byrds","floor":31,"turns":5},{"damage":21,"enemies":"Collector","floor":33,"turns":5},{"damage":28,"enemies":"Orb Walker","floor":35,"turns":3},{"damage":33,"enemies":"3 Shapes","floor":36,"turns":5},{"damage":16,"enemies":"Sphere and 2 Shapes","floor":38,"turns":3}],"seed_played":"8993265237959119403","potions_obtained":[{"floor":1.0,"key":"SteroidPotion"},{"floor":2.0,"key":"Strength Potion"},{"floor":7.0,"key":"Regen Potion"},{"floor":8,"key":"Block Potion"},{"floor":10,"key":"Fire Potion"},{"floor":14,"key":"Swift Potion"},{"floor":16,"key":"SkillPotion"},{"floor":18,"key":"SkillPotion"},{"floor":20,"key":"Weak Potion"},{"floor":21,"key":"Swift Potion"},{"floor":22,"key":"FearPotion"},{"floor":24,"key":"SpeedPotion"},{"floor":31,"key":"SkillPotion"},{"floor":33,"key":"SkillPotion"},{"floor":35,"key":"Energy Potion"},{"floor":36,"key":"Fire Potion"}],"is_trial":false,"path_per_floor":["M","M","?","?","T","R","M","E","T","M","R","?","R","M","R","B",null,"M","?","M","M","M","R","M","R","T","$","?","?","T","M","R","B",null,"M","M","?","M"],"character_chosen":"IRONCLAD","items_purchased":["SteroidPotion","Sword Boomerang"],"campfire_rested":0,"item_purchase_floors":[27,27],"current_hp_per_floor":[80,75,80,80,80,80,80,77,77,82,82,82,82,82,82,71,85,85,85,85,85,69,69,65,65,65,65,59,59,59,42,42,21,85,57,24,24,8],"gold":381,"neow_bonus":"BOSS_RELIC","is_prod":false,"is_daily":false,"chose_seed":false,"campfire_upgraded":7,"win_rate":0,"timestamp":1560263683,"path_taken":["M","M","?","?","?","R","M","E","T","M","R","?","R","M","R","BOSS","M","?","?","M","M","R","M","R","T","$","?","?","?","?","R","BOSS","M","M","?","?"],"build_version":"2019-01-23","purchased_purges":1,"victory":false,"max_hp_per_floor":[80,80,85,85,85,85,85,85,85,85,85,85,85,85,85,85,85,85,85,85,85,85,85,85,85,85,85,85,85,85,85,85,85,85,85,85,85,85],"card_choices":[{"not_picked":["Body Slam","Iron Wave"],"picked":"Anger","floor":1.0},{"not_picked":["Sword Boomerang","Warcry"],"picked":"Pommel Strike","floor":2.0},{"not_picked":["Havoc","Anger"],"picked":"Pommel Strike","floor":7.0},{"not_picked":["Wild Strike","Dark Embrace"],"picked":"Anger","floor":8},{"not_picked":["Infernal Blade","Heavy Blade"],"picked":"Cleave","floor":10},{"not_picked":["Heavy Blade","Clash"],"picked":"Perfected Strike","floor":14},{"not_picked":["Reaper","Berserk"],"picked":"Limit Break","floor":16},{"not_picked":["Thunderclap","Searing Blow"],"picked":"Battle Trance","floor":18},{"not_picked":["Heavy Blade","Battle Trance+1","Wild Strike"],"picked":"SKIP","floor":20},{"not_picked":["Feel No Pain","Bloodletting","Anger"],"picked":"SKIP","floor":21},{"not_picked":["Flex+1","Berserk"],"picked":"Cleave+1","floor":22},{"not_picked":["Evolve+1","Anger+1"],"picked":"Inflame","floor":24},{"not_picked":["Pummel","Combust"],"picked":"Cleave+1","floor":31},{"not_picked":["Power Through+1","Feel No Pain","Rupture"],"picked":"SKIP","floor":35},{"not_picked":["Heavy Blade+1","Body Slam","Corruption"],"picked":"SKIP","floor":36}],"player_experience":554217,"relics_obtained":[],"event_choices":[{"damage_healed":0.0,"max_hp_gain":5.0,"max_hp_loss":0.0,"gold_gain":0.0,"event_name":"Big Fish","player_choice":"Donut","floor":3.0,"gold_loss":0.0,"damage_taken":0.0},{"cards_removed":["Strike_R"],"damage_healed":0.0,"max_hp_gain":0.0,"max_hp_loss":0.0,"gold_gain":0.0,"event_name":"The Cleric","player_choice":"Card Removal","floor":4.0,"gold_loss":50.0,"damage_taken":0.0},{"damage_healed":0,"gold_gain":0,"player_choice":"Searched \u00270\u0027 times","damage_taken":0,"max_hp_gain":0,"max_hp_loss":0,"event_name":"Dead Adventurer","floor":12,"gold_loss":0},{"damage_healed":0,"gold_gain":0,"player_choice":"Upgraded","damage_taken":0,"max_hp_gain":0,"max_hp_loss":0,"event_name":"Upgrade Shrine","floor":19,"gold_loss":0,"cards_upgraded":["Pommel Strike"]},{"damage_healed":0,"gold_gain":0,"player_choice":"Joined the Cult","damage_taken":6,"max_hp_gain":0,"max_hp_loss":0,"event_name":"Nest","floor":28,"gold_loss":0,"cards_obtained":["RitualDagger"]},{"damage_healed":0,"gold_gain":0,"cards_transformed":["Bash"],"player_choice":"Transformed","damage_taken":0,"max_hp_gain":0,"max_hp_loss":0,"event_name":"Transmorgrifier","floor":37,"gold_loss":0,"cards_obtained":["Double Tap"]}],"is_beta":false,"boss_relics":[{"not_picked":["Empty Cage","Runic Pyramid","Tiny House"]},{"not_picked":["Empty Cage","Runic Pyramid","Tiny House"]}],"items_purged_floors":[27],"is_endless":false,"potions_floor_spawned":[1,2,7,8,10,14,16,18,20,21,22,24,31,33,35,36],"killed_by":"Sphere and 2 Shapes","ascension_level":0}