{"gold_per_floor":[114,130,130,130,130,158,176,0,0,0,26,44,144,160,160,236,236,256,256,269,269,289,289,289],"floor_reached":24,"playtime":823,"items_purged":[],"score":393,"play_id":"51735df3-0e3d-4ed8-a0a7-4c91f73b90c6","local_time":"20190511153540","is_ascension_mode":true,"campfire_choices":[{"data":"Double Tap","floor":10,"key":"SMITH"},{"data":"True Grit","floor":15,"key":"SMITH"},{"data":"Limit Break","floor":23,"key":"SMITH"}],"neow_cost":"NONE","seed_source_timestamp":2091354008220810,"circlet_count":0,"master_deck":["AscendersBane","Strike_R","Strike_R","Strike_R","Strike_R","Strike_R","Defend_R","Defend_R","Defend_R","Defend_R","Bash+1","Pommel Strike+1","True Grit+1","Clash","Clash","Double Tap+1","Shrug It Off","True Grit+1","Disarm","Inflame","Limit Break+1","Pommel Strike+1","Clothesline+1"],"relics":["Burning Blood","NeowsBlessing","Thread and Needle","Torii","Bag of Preparation","Nloth\u0027s Gift"],"potions_floor_usage":[11,20,24,24],"damage_taken":[{"damage":0,"enemies":"Small Slimes","floor":1,"turns":1},{"damage":0,"enemies":"Jaw Worm","floor":2,"turns":1},{"damage":0,"enemies":"3 Sentries","floor":6,"turns":1},{"damage":0,"enemies":"2 Louse","floor":7,"turns":2},{"damage":7,"enemies":"Lagavulin","floor":11,"turns":4},{"damage":0,"enemies":"Blue Slaver","floor":12,"turns":2},{"damage":1,"enemies":"Large Slime","floor":14,"turns":3},{"damage":4,"enemies":"The Guardian","floor":16,"turns":10},{"damage":1,"enemies":"3 Byrds","floor":18,"turns":5},{"damage":9,"enemies":"2 Thieves","floor":20,"turns":5},{"damage":20,"enemies":"3 Cultists","floor":22,"turns":6},{"damage":65,"enemies":"Gremlin Leader","floor":24,"turns":8}],"seed_played":"4473565860747622214","potions_obtained":[{"floor":1,"key":"Poison Potion"},{"floor":2,"key":"SpeedPotion"},{"floor":6,"key":"AttackPotion"},{"floor":12,"key":"EssenceOfSteel"},{"floor":18,"key":"Fire Potion"},{"floor":22,"key":"SkillPotion"}],"is_trial":false,"path_per_floor":["M","M","?","?","?","E","M","$","T","R","E","M","?","M","R","B",null,"M","?","M","?","M","R","E"],"character_chosen":"IRONCLAD","items_purchased":["Double Tap","Shrug It Off"],"campfire_rested":0,"item_purchase_floors":[8,8],"current_hp_per_floor":[74,75,75,60,65,71,77,77,77,77,76,80,80,80,80,80,80,80,80,77,77,63,63,0],"gold":289,"neow_bonus":"THREE_ENEMY_KILL","is_prod":false,"is_daily":false,"chose_seed":false,"campfire_upgraded":3,"win_rate":0,"timestamp":1557581740,"path_taken":["M","M","?","?","?","E","M","?","T","R","E","M","?","?","R","BOSS","M","?","?","?","M","R","E"],"build_version":"2019-01-23","purchased_purges":0,"victory":false,"max_hp_per_floor":[75,75,75,75,80,80,80,80,80,80,80,80,80,80,80,80,80,80,80,80,80,80,80,80],"card_choices":[{"not_picked":["Carnage","Flex"],"picked":"Pommel Strike","floor":1},{"not_picked":["Armaments","Havoc"],"picked":"True Grit","floor":2},{"not_picked":["Infernal Blade","Sword Boomerang"],"picked":"Clash","floor":6},{"not_picked":["Cleave","Iron Wave"],"picked":"Clash","floor":7},{"not_picked":["Searing Blow","Limit Break"],"picked":"True Grit","floor":11},{"not_picked":["Sword Boomerang","Flame Barrier"],"picked":"Disarm","floor":12},{"not_picked":["Flex","Sword Boomerang"],"picked":"Inflame","floor":14},{"not_picked":["Barricade","Offering"],"picked":"Limit Break","floor":16},{"not_picked":["Twin Strike","Cleave+1"],"picked":"Pommel Strike+1","floor":18},{"not_picked":["Heavy Blade","Shrug It Off","Headbutt"],"picked":"SKIP","floor":20},{"not_picked":["Thunderclap","Iron Wave"],"picked":"Clothesline+1","floor":22}],"player_experience":323189,"relics_obtained":[{"floor":6,"key":"Thread and Needle"},{"floor":9,"key":"Torii"},{"floor":11,"key":"Bag of Preparation"}],"event_choices":[{"damage_healed":0,"gold_gain":0,"player_choice":"Grow","damage_taken":0,"max_hp_gain":0,"max_hp_loss":0,"event_name":"Living Wall","floor":3,"gold_loss":0,"cards_upgraded":["Bash"]},{"damage_healed":0,"gold_gain":0,"player_choice":"Entered Light","damage_taken":15,"max_hp_gain":0,"max_hp_loss":0,"event_name":"Shining Light","floor":4,"gold_loss":0,"cards_upgraded":["True Grit","Pommel Strike"]},{"damage_healed":0,"gold_gain":0,"player_choice":"Donut","damage_taken":0,"max_hp_gain":5,"max_hp_loss":0,"event_name":"Big Fish","floor":5,"gold_loss":0},{"damage_healed":0,"gold_gain":100,"player_choice":"Pray","damage_taken":0,"max_hp_gain":0,"max_hp_loss":0,"event_name":"Golden Shrine","floor":13,"gold_loss":0},{"damage_healed":0,"gold_gain":0,"player_choice":"Traded Relic","damage_taken":0,"relics_obtained":["Nloth\u0027s Gift"],"max_hp_gain":0,"max_hp_loss":0,"event_name":"N\u0027loth","floor":19,"relics_lost":["Cursed Key"],"gold_loss":0},{"damage_healed":0,"gold_gain":0,"player_choice":"Ignored","damage_taken":0,"max_hp_gain":0,"max_hp_loss":0,"event_name":"Cursed Tome","floor":21,"gold_loss":0}],"is_beta":false,"boss_relics":[{"not_picked":["Runic Dome","Mark of Pain"],"picked":"Cursed Key"}],"items_purged_floors":[],"is_endless":false,"potions_floor_spawned":[1,2,6,12,18,22],"killed_by":"Gremlin Leader","ascension_level":14}