{"gold_per_floor":[113,124,135,235,250,285,285,303,356,356,384,157,174,130,130,228,228,246,246,266,266,181,216,7,7,7,7,18,18,33,53,53,153,153,170,170,183,199,199,199,213,213,260,260,270,370,382,397,397,397],"floor_reached":51,"playtime":2316,"items_purged":[],"score":1122,"play_id":"e4f5e827-5d26-490a-b563-5e157b80512d","local_time":"20190622101808","is_ascension_mode":true,"campfire_choices":[{"floor":7,"key":"REST"},{"floor":15,"key":"REST"},{"floor":25,"key":"REST"},{"data":"Glass Knife","floor":27,"key":"SMITH"},{"data":"After Image","floor":32,"key":"SMITH"},{"floor":40,"key":"REST"},{"data":"Wraith Form v2","floor":42,"key":"SMITH"},{"floor":49,"key":"REST"}],"neow_cost":"NONE","seed_source_timestamp":134901821237071,"circlet_count":0,"master_deck":["AscendersBane","Defend_G+1","Defend_G+1","Defend_G+1","Defend_G+1","Defend_G+1","Strike_G+1","Strike_G+1","Strike_G+1","Strike_G+1","Strike_G+1","Survivor","Neutralize","Infinite Blades+1","Poisoned Stab","Malaise+1","Bouncing Flask+1","Dagger Spray+1","Cloak And Dagger","After Image+1","Adrenaline","Dash","Dodge and Roll","Grand Finale","Caltrops","Deflect+1","RitualDagger","Glass Knife+1","Footwork","Corpse Explosion","Doubt","Backstab+1","Wraith Form v2+1","Quick Slash+1","PiercingWail+1","Flying Knee+1","Prepared+1","Clumsy","Finesse","Finisher+1","Backflip+1"],"relics":["Ring of the Snake","Bag of Marbles","War Paint","Vajra","Blue Candle","Cursed Key","Orichalcum","PreservedInsect","Matryoshka","Philosopher\u0027s Stone","Happy Flower","Bag of Preparation","Unceasing Top"],"potions_floor_usage":[6,11,18,23,33,33,50,50],"damage_taken":[{"damage":0,"enemies":"2 Louse","floor":1,"turns":4},{"damage":0,"enemies":"Cultist","floor":2,"turns":4},{"damage":0,"enemies":"Small Slimes","floor":3,"turns":2},{"damage":11,"enemies":"2 Fungi Beasts","floor":5,"turns":5},{"damage":25,"enemies":"Gremlin Nob","floor":6,"turns":5},{"damage":7,"enemies":"Large Slime","floor":8,"turns":5},{"damage":1,"enemies":"Lagavulin","floor":11,"turns":6},{"damage":10,"enemies":"3 Louse","floor":13,"turns":4},{"damage":28,"enemies":"Slime Boss","floor":16,"turns":12},{"damage":1,"enemies":"3 Byrds","floor":18,"turns":3},{"damage":18,"enemies":"Shell Parasite","floor":20,"turns":3},{"damage":11,"enemies":"Gremlin Leader","floor":23,"turns":6},{"damage":11,"enemies":"Centurion and Healer","floor":28,"turns":5},{"damage":2,"enemies":"Snecko","floor":30,"turns":3},{"damage":2,"enemies":"Shelled Parasite and Fungi","floor":31,"turns":3},{"damage":45,"enemies":"Collector","floor":33,"turns":12},{"damage":1,"enemies":"3 Shapes","floor":35,"turns":5},{"damage":12,"enemies":"3 Darklings","floor":37,"turns":5},{"damage":16,"enemies":"Transient","floor":38,"turns":5},{"damage":0,"enemies":"Jaw Worm Horde","floor":41,"turns":3},{"damage":13,"enemies":"Spire Growth","floor":45,"turns":5},{"damage":1,"enemies":"Mind Bloom Boss Battle","floor":46,"turns":7},{"damage":9,"enemies":"4 Shapes","floor":47,"turns":5},{"damage":1,"enemies":"Sphere and 2 Shapes","floor":48,"turns":5},{"damage":35,"enemies":"Awakened One","floor":50,"turns":17}],"seed_played":"-657002114610563063","potions_obtained":[{"floor":2,"key":"Strength Potion"},{"floor":3,"key":"Block Potion"},{"floor":5,"key":"SkillPotion"},{"floor":6,"key":"Ancient Potion"},{"floor":13,"key":"LiquidBronze"},{"floor":20,"key":"Swift Potion"},{"floor":30,"key":"SpeedPotion"},{"floor":36,"key":"FairyPotion"},{"floor":36,"key":"EssenceOfSteel"},{"floor":38,"key":"LiquidBronze"},{"floor":45,"key":"EssenceOfSteel"}],"is_trial":false,"path_per_floor":["M","M","M","?","M","E","R","M","T","?","E","$","M","?","R","B",null,"M","?","M","?","?","E","$","R","T","R","M","?","M","M","R","B",null,"M","?","M","M","?","R","M","R","T","?","M","?","M","M","R","B",null],"character_chosen":"THE_SILENT","items_purchased":["Adrenaline","Dash","Footwork","Corpse Explosion"],"campfire_rested":5,"item_purchase_floors":[12,12,24,24],"current_hp_per_floor":[63,63,63,63,52,27,48,41,41,27,26,26,16,16,37,9,55,54,54,36,30,30,19,19,40,40,40,29,52,50,48,48,3,53,52,52,40,24,24,43,43,43,43,43,30,29,20,19,38,3],"gold":397,"neow_bonus":"RANDOM_COMMON_RELIC","is_prod":false,"is_daily":false,"chose_seed":false,"campfire_upgraded":3,"win_rate":0,"timestamp":1561216688,"path_taken":["M","M","M","?","?","E","R","M","T","?","E","$","M","?","R","BOSS","M","?","M","?","?","E","$","R","T","R","M","?","M","M","R","BOSS","M","?","?","M","?","R","M","R","T","?","M","?","M","M","R","BOSS"],"build_version":"2019-01-23","purchased_purges":0,"victory":true,"max_hp_per_floor":[70,70,70,70,70,70,70,70,70,70,70,70,70,70,70,70,70,70,70,70,70,70,70,70,70,70,70,70,70,70,70,70,70,70,70,70,70,70,66,66,66,66,66,66,66,66,66,66,66,66],"card_choices":[{"not_picked":["Acrobatics","Terror"],"picked":"Infinite Blades","floor":1},{"not_picked":["Acrobatics","Prepared"],"picked":"Poisoned Stab","floor":2},{"not_picked":["Blade Dance","Cloak And Dagger"],"picked":"Malaise","floor":3},{"not_picked":["Quick Slash","Calculated Gamble"],"picked":"Bouncing Flask","floor":5},{"not_picked":["Dodge and Roll","Sucker Punch"],"picked":"Dagger Spray","floor":6},{"not_picked":["Calculated Gamble","Heel Hook"],"picked":"Cloak And Dagger","floor":8},{"not_picked":["Acrobatics","Cloak And Dagger"],"picked":"After Image","floor":11},{"not_picked":["Predator","Blade Dance"],"picked":"Dodge and Roll","floor":13},{"not_picked":["Phantasmal Killer","Venomology"],"picked":"Grand Finale","floor":16},{"not_picked":["Setup","Quick Slash"],"picked":"Caltrops","floor":18},{"not_picked":["Outmaneuver","Skewer"],"picked":"Deflect+1","floor":20},{"not_picked":["Slice","Reflex+1"],"picked":"Glass Knife","floor":23},{"not_picked":["Acrobatics","Expertise"],"picked":"Backstab+1","floor":28},{"not_picked":["Bane","Escape Plan+1","Deflect"],"picked":"SKIP","floor":30},{"not_picked":["Dodge and Roll","Flying Knee","Heel Hook"],"picked":"SKIP","floor":31},{"not_picked":["Venomology","Doppelganger"],"picked":"Wraith Form v2","floor":33},{"not_picked":["Slice","Dagger Spray"],"picked":"Quick Slash+1","floor":35},{"not_picked":["Setup","Endless Agony+1"],"picked":"PiercingWail+1","floor":37},{"not_picked":["Underhanded Strike+1","Skewer"],"picked":"Flying Knee+1","floor":38},{"not_picked":["Quick Slash","Flying Knee+1"],"picked":"Prepared+1","floor":41},{"not_picked":["Jack Of All Trades","Swift Strike"],"picked":"Finesse","floor":44},{"not_picked":["Flying Knee","Quick Slash","Underhanded Strike"],"picked":"SKIP","floor":45},{"not_picked":["Underhanded Strike","Tools of the Trade"],"picked":"Finisher+1","floor":47},{"not_picked":["Heel Hook","Noxious Fumes"],"picked":"Backflip+1","floor":48}],"player_experience":241034,"relics_obtained":[{"floor":6,"key":"War Paint"},{"floor":9,"key":"Vajra"},{"floor":11,"key":"Blue Candle"},{"floor":23,"key":"PreservedInsect"},{"floor":26,"key":"Matryoshka"},{"floor":43,"key":"Happy Flower"},{"floor":43,"key":"Bag of Preparation"},{"floor":46,"key":"Unceasing Top"}],"event_choices":[{"damage_healed":0,"gold_gain":100,"player_choice":"Pray","damage_taken":0,"max_hp_gain":0,"max_hp_loss":0,"event_name":"Golden Shrine","floor":4,"gold_loss":0},{"damage_healed":0,"gold_gain":0,"player_choice":"Entered Light","damage_taken":14,"max_hp_gain":0,"max_hp_loss":0,"event_name":"Shining Light","floor":10,"gold_loss":0,"cards_upgraded":["Dagger Spray","Infinite Blades"]},{"damage_healed":0,"gold_gain":0,"player_choice":"Left Gold","damage_taken":0,"max_hp_gain":0,"max_hp_loss":0,"event_name":"World of Goop","floor":14,"gold_loss":44},{"damage_healed":0,"gold_gain":0,"player_choice":"Simplicity","damage_taken":0,"max_hp_gain":0,"max_hp_loss":0,"event_name":"Back to Basics","floor":19,"gold_loss":0,"cards_upgraded":["Defend_G","Defend_G","Defend_G","Defend_G","Defend_G","Strike_G","Strike_G","Strike_G","Strike_G","Strike_G"]},{"damage_healed":0,"gold_gain":0,"player_choice":"Joined the Cult","damage_taken":6,"max_hp_gain":0,"max_hp_loss":0,"event_name":"Nest","floor":21,"gold_loss":0,"cards_obtained":["RitualDagger"]},{"damage_healed":0,"gold_gain":0,"player_choice":"Obtained Relic","damage_taken":0,"relics_obtained":["Orichalcum"],"max_hp_gain":0,"max_hp_loss":0,"event_name":"Addict","floor":22,"gold_loss":85},{"damage_healed":23,"gold_gain":0,"player_choice":"Heal","damage_taken":0,"max_hp_gain":0,"max_hp_loss":0,"event_name":"The Library","floor":29,"gold_loss":0},{"damage_healed":0,"gold_gain":0,"player_choice":"Got Potions","damage_taken":0,"max_hp_gain":0,"max_hp_loss":0,"event_name":"Lab","floor":36,"gold_loss":0},{"damage_healed":0,"gold_gain":0,"player_choice":"Max HP","damage_taken":0,"max_hp_gain":0,"max_hp_loss":4,"event_name":"Winding Halls","floor":39,"gold_loss":0},{"damage_healed":0,"gold_gain":0,"player_choice":"Memory 1","damage_taken":0,"max_hp_gain":0,"max_hp_loss":0,"event_name":"SensoryStone","floor":44,"gold_loss":0},{"damage_healed":0,"gold_gain":0,"player_choice":"Fight","damage_taken":0,"max_hp_gain":0,"max_hp_loss":0,"event_name":"MindBloom","floor":46,"gold_loss":0}],"is_beta":false,"boss_relics":[{"not_picked":["Calling Bell","Snecko Eye"],"picked":"Cursed Key"},{"not_picked":["Runic Dome","HoveringKite"],"picked":"Philosopher\u0027s Stone"}],"items_purged_floors":[],"is_endless":false,"potions_floor_spawned":[2,3,5,6,13,20,30,31,38,45,46],"ascension_level":10}