{"gold_per_floor":[110,110,125,135,135,168,168,191,191,206,222,256,256,256,256,256],"floor_reached":16,"playtime":3146,"items_purged":[],"score":118,"play_id":"83e424fe-190d-441d-98a8-4e8e18f1aa8d","local_time":"20190622144435","is_ascension_mode":true,"campfire_choices":[{"floor":13,"key":"REST"},{"floor":15,"key":"REST"}],"neow_cost":"NONE","seed_source_timestamp":1194067449971981,"circlet_count":0,"master_deck":["Strike_R","Strike_R","Strike_R","Strike_R","Strike_R","Defend_R","Defend_R","Defend_R","Defend_R","Bash+1","Iron Wave+1","Perfected Strike+1","Anger","Infernal Blade","Dark Embrace+1","Carnage","Rage"],"relics":["Burning Blood","Golden Idol","Frozen Egg 2","The Courier","Question Card"],"potions_floor_usage":[12,16,16],"damage_taken":[{"damage":1,"enemies":"Cultist","floor":1,"turns":3},{"damage":6,"enemies":"Jaw Worm","floor":3,"turns":5},{"damage":6,"enemies":"2 Louse","floor":4,"turns":3},{"damage":35,"enemies":"3 Sentries","floor":6,"turns":8},{"damage":19,"enemies":"Large Slime","floor":8,"turns":5},{"damage":6,"enemies":"Exordium Thugs","floor":10,"turns":5},{"damage":3,"enemies":"2 Fungi Beasts","floor":11,"turns":3},{"damage":26,"enemies":"Lagavulin","floor":12,"turns":5},{"damage":59,"enemies":"Hexaghost","floor":16,"turns":8}],"seed_played":"8561854272006088447","potions_obtained":[{"floor":3,"key":"SkillPotion"},{"floor":4,"key":"Poison Potion"},{"floor":8,"key":"Fire Potion"},{"floor":10,"key":"Regen Potion"}],"is_trial":false,"path_per_floor":["M","?","M","M","?","E","?","M","T","M","M","E","R","?","R","B"],"character_chosen":"IRONCLAD","items_purchased":[],"campfire_rested":2,"item_purchase_floors":[],"current_hp_per_floor":[88,93,93,93,70,41,41,28,28,28,31,20,47,28,55,0],"gold":256,"neow_bonus":"TEN_PERCENT_HP_BONUS","is_prod":false,"is_daily":false,"chose_seed":false,"campfire_upgraded":0,"win_rate":0,"timestamp":1561229075,"path_taken":["M","?","M","M","?","E","?","M","T","M","M","E","R","?","R","BOSS"],"build_version":"2019-01-23","purchased_purges":0,"victory":false,"max_hp_per_floor":[88,93,93,93,93,93,93,93,93,93,93,93,93,93,93,93],"card_choices":[{"not_picked":["Heavy Blade","Entrench"],"picked":"Iron Wave","floor":1},{"not_picked":["Thunderclap","Pummel"],"picked":"Perfected Strike","floor":3},{"not_picked":["True Grit","Warcry"],"picked":"Anger","floor":4},{"not_picked":["Warcry","Thunderclap","Feel No Pain"],"picked":"SKIP","floor":6},{"not_picked":["Clothesline","Feel No Pain+1"],"picked":"Infernal Blade","floor":8},{"not_picked":["Flex","Thunderclap"],"picked":"Dark Embrace+1","floor":10},{"not_picked":["Thunderclap","Warcry"],"picked":"Carnage","floor":11},{"not_picked":["Wild Strike","Heavy Blade"],"picked":"Rage","floor":12}],"player_experience":1188766,"relics_obtained":[{"floor":6,"key":"Frozen Egg 2"},{"floor":9,"key":"The Courier"},{"floor":12,"key":"Question Card"}],"event_choices":[{"damage_healed":0,"gold_gain":0,"player_choice":"Donut","damage_taken":0,"max_hp_gain":5,"max_hp_loss":0,"event_name":"Big Fish","floor":2,"gold_loss":0},{"damage_healed":0,"gold_gain":0,"player_choice":"Take Damage","damage_taken":23,"relics_obtained":["Golden Idol"],"max_hp_gain":0,"max_hp_loss":0,"event_name":"Golden Idol","floor":5,"gold_loss":0},{"damage_healed":0,"gold_gain":0,"player_choice":"Grow","damage_taken":0,"max_hp_gain":0,"max_hp_loss":0,"event_name":"Living Wall","floor":7,"gold_loss":0,"cards_upgraded":["Perfected Strike"]},{"damage_healed":0,"gold_gain":0,"player_choice":"Entered Light","damage_taken":19,"max_hp_gain":0,"max_hp_loss":0,"event_name":"Shining Light","floor":14,"gold_loss":0,"cards_upgraded":["Iron Wave","Bash"]}],"is_beta":false,"boss_relics":[],"items_purged_floors":[],"is_endless":false,"potions_floor_spawned":[3,4,8,10],"killed_by":"Hexaghost","ascension_level":1}