{"gold_per_floor":[116,129,139,139,158,158,233,233,259,275,290,322,322,338,338,338],"floor_reached":16,"playtime":637,"items_purged":[],"score":104,"play_id":"e2861abf-eb00-48d2-9646-9cc7b9e0c2db","local_time":"20190324115356","is_ascension_mode":false,"campfire_choices":[{"floor":6,"key":"RECALL"},{"data":"Second Wind","floor":15,"key":"SMITH"}],"neow_cost":"TEN_PERCENT_HP_LOSS","seed_source_timestamp":62253970957800,"circlet_count":0,"master_deck":["Strike_R+1","Strike_R","Strike_R","Strike_R","Defend_R+1","Defend_R","Defend_R","Defend_R","Bash","Immolate","Headbutt","Infernal Blade","Offering","Second Wind+1"],"relics":["Burning Blood","Pen Nib","Art of War","Kunai"],"potions_floor_usage":[12,16,16],"damage_taken":[{"damage":1,"enemies":"Cultist","floor":1,"turns":3},{"damage":8,"enemies":"Jaw Worm","floor":2,"turns":3},{"damage":0,"enemies":"Small Slimes","floor":3,"turns":3},{"damage":0,"enemies":"3 Louse","floor":5,"turns":1},{"damage":2,"enemies":"Looter","floor":10,"turns":3},{"damage":7,"enemies":"Blue Slaver","floor":11,"turns":2},{"damage":7,"enemies":"3 Sentries","floor":12,"turns":3},{"damage":8,"enemies":"Large Slime","floor":14,"turns":3},{"damage":46,"enemies":"Hexaghost","floor":16,"turns":9}],"seed_played":"-4035200055201909713","potions_obtained":[{"floor":2,"key":"AttackPotion"},{"floor":3,"key":"Dexterity Potion"},{"floor":11,"key":"FearPotion"},{"floor":12,"key":"Explosive Potion"}],"is_trial":false,"path_per_floor":["M","M","M","?","M","R","?","?","T","M","M","E","T","M","R","B"],"character_chosen":"IRONCLAD","items_purchased":[],"campfire_rested":0,"item_purchase_floors":[],"current_hp_per_floor":[72,70,72,58,64,64,53,46,46,50,49,48,48,46,46,0],"gold":338,"neow_bonus":"THREE_RARE_CARDS","is_prod":false,"is_daily":false,"chose_seed":false,"campfire_upgraded":1,"win_rate":0,"timestamp":1553453636,"path_taken":["M","?","M","?","M","R","?","?","T","M","M","E","?","M","R","BOSS"],"build_version":"2019-01-23","purchased_purges":0,"victory":false,"max_hp_per_floor":[72,72,72,72,72,72,72,72,72,72,72,72,72,72,72,72],"card_choices":[{"not_picked":["Offering","Exhume"],"picked":"Immolate","floor":0},{"not_picked":["Pommel Strike","Shockwave"],"picked":"Headbutt","floor":1},{"not_picked":["Twin Strike","Clash"],"picked":"Infernal Blade","floor":2},{"not_picked":["Rupture","Clash","Thunderclap"],"picked":"SKIP","floor":3},{"not_picked":["Headbutt","Clothesline"],"picked":"Offering","floor":5},{"not_picked":["Spot Weakness","Perfected Strike","Havoc"],"picked":"SKIP","floor":10},{"not_picked":["Sentinel","Sword Boomerang","Perfected Strike"],"picked":"SKIP","floor":11},{"not_picked":["Sever Soul","Warcry"],"picked":"Second Wind","floor":12},{"not_picked":["Anger","Flex","Wild Strike"],"picked":"SKIP","floor":14}],"player_experience":163968,"relics_obtained":[{"floor":9,"key":"Pen Nib"},{"floor":12,"key":"Art of War"},{"floor":13,"key":"Kunai"}],"event_choices":[{"damage_healed":0,"gold_gain":0,"player_choice":"Entered Light","damage_taken":14,"max_hp_gain":0,"max_hp_loss":0,"event_name":"Shining Light","floor":4,"gold_loss":0,"cards_upgraded":["Defend_R","Strike_R"]},{"damage_healed":0,"gold_gain":75,"player_choice":"Gather Gold","damage_taken":11,"max_hp_gain":0,"max_hp_loss":0,"event_name":"World of Goop","floor":7,"gold_loss":0},{"cards_removed":["Strike_R"],"damage_healed":0,"gold_gain":0,"player_choice":"Card Removal","damage_taken":7,"max_hp_gain":0,"max_hp_loss":0,"event_name":"Golden Wing","floor":8,"gold_loss":0}],"is_beta":false,"boss_relics":[],"items_purged_floors":[],"is_endless":false,"potions_floor_spawned":[2,3,11,12],"killed_by":"Hexaghost","ascension_level":0}