{"gold_per_floor":[119,119,119,119,140,140,183,183,183,183,133,149,182,220,220,343,343,361,331,351,364,364,400,419,457,457,501,501,524,524,535,535,535],"floor_reached":33,"playtime":1954,"items_purged":[],"score":410,"play_id":"51aeb0ef-7e0c-4902-83cb-faca66e2a525","local_time":"20190317185844","is_ascension_mode":true,"campfire_choices":[{"data":"Neutralize","floor":6.0,"key":"SMITH"},{"floor":8.0,"key":"REST"},{"data":"Underhanded Strike","floor":10.0,"key":"SMITH"},{"floor":15.0,"key":"REST"},{"floor":28,"key":"REST"},{"floor":32,"key":"REST"}],"neow_cost":"NONE","seed_source_timestamp":287213129583862,"circlet_count":0,"master_deck":["Defend_G","Defend_G","Defend_G","Defend_G","Strike_G","Strike_G","Strike_G","Survivor+1","Neutralize+1","Tools of the Trade+1","Quick Slash","Underhanded Strike+1","Terror","PiercingWail+1","Endless Agony","Acrobatics+1","Tools of the Trade","Blur+1","Underhanded Strike","Dagger Spray","Footwork+1","Deflect+1","Eviscerate","Injury"],"special_seed":0,"relics":["Ring of the Snake","Bloody Idol","Pear","Toxic Egg 2","Potion Belt","Odd Mushroom","Cursed Key","Mummified Hand","Blue Candle","Blood Vial"],"potions_floor_usage":[23,24,25,25,27,31],"damage_taken":[{"damage":0.0,"enemies":"Cultist","floor":1.0,"turns":4.0},{"damage":0.0,"enemies":"Small Slimes","floor":5.0,"turns":3.0},{"damage":24.0,"enemies":"Gremlin Nob","floor":7.0,"turns":4.0},{"damage":0.0,"enemies":"2 Louse","floor":12.0,"turns":2.0},{"damage":13.0,"enemies":"Lagavulin","floor":13.0,"turns":5.0},{"damage":0.0,"enemies":"The Mushroom Lair","floor":14.0,"turns":3.0},{"damage":33.0,"enemies":"Slime Boss","floor":16.0,"turns":8.0},{"damage":3.0,"enemies":"Shell Parasite","floor":18.0,"turns":4.0},{"damage":3.0,"enemies":"2 Thieves","floor":19.0,"turns":5.0},{"damage":4.0,"enemies":"3 Cultists","floor":20.0,"turns":6.0},{"damage":1.0,"enemies":"Chosen and Byrds","floor":21.0,"turns":5.0},{"damage":8,"enemies":"Book of Stabbing","floor":23,"turns":5},{"damage":2,"enemies":"Snecko","floor":24,"turns":4},{"damage":25,"enemies":"Gremlin Leader","floor":25,"turns":8},{"damage":12,"enemies":"Book of Stabbing","floor":27,"turns":7},{"damage":34,"enemies":"3 Cultists","floor":29,"turns":7},{"damage":1,"enemies":"Centurion and Healer","floor":31,"turns":7},{"damage":37,"enemies":"Champ","floor":33,"turns":13}],"seed_played":"1579022544530298933","potions_obtained":[{"floor":5.0,"key":"Explosive Potion"},{"floor":13.0,"key":"Block Potion"},{"floor":14.0,"key":"SkillPotion"},{"floor":19.0,"key":"Strength Potion"},{"floor":20.0,"key":"Poison Potion"},{"floor":23,"key":"Regen Potion"},{"floor":24,"key":"Ancient Potion"},{"floor":25,"key":"Dexterity Potion"}],"is_trial":false,"path_per_floor":["M","?","?","?","M","R","E","R","T","R","?","M","E","?","R","B",null,"M","M","M","M","?","E","M","E","T","E","R","M","?","M","R","B"],"character_chosen":"THE_SILENT","items_purchased":[],"campfire_rested":4,"item_purchase_floors":[],"current_hp_per_floor":[63,49,49,32,32,32,18,42,42,42,42,42,29,29,53,20,65,62,59,55,54,54,46,49,24,24,12,36,4,4,10,34,0],"gold":535,"neow_bonus":"ONE_RANDOM_RARE_CARD","is_prod":false,"is_daily":false,"chose_seed":false,"campfire_upgraded":2,"win_rate":0,"timestamp":1552845524,"path_taken":["M","?","?","?","M","R","E","R","T","R","?","?","E","?","R","BOSS","M","M","M","M","?","E","M","E","T","E","R","M","?","M","R","BOSS"],"build_version":"2019-01-23","purchased_purges":0,"victory":false,"max_hp_per_floor":[70,70,70,70,70,70,80,80,80,80,80,80,80,80,80,80,80,80,80,80,80,80,80,80,80,80,80,80,80,80,80,80,80],"card_choices":[{"not_picked":["Cloak And Dagger","Poisoned Stab"],"picked":"Quick Slash","floor":1.0},{"not_picked":["Dash","Deadly Poison"],"picked":"Underhanded Strike","floor":5.0},{"not_picked":["Grand Finale","Dodge and Roll"],"picked":"Terror","floor":7.0},{"not_picked":["Bane","Flying Knee"],"picked":"PiercingWail+1","floor":12.0},{"not_picked":["Sucker Punch","A Thousand Cuts"],"picked":"Endless Agony","floor":13.0},{"not_picked":["Blade Dance+1","Flying Knee"],"picked":"Acrobatics+1","floor":14.0},{"not_picked":["Storm of Steel+1","Wraith Form v2"],"picked":"Tools of the Trade","floor":16.0},{"not_picked":["Quick Slash","Bane"],"picked":"Blur+1","floor":18.0},{"not_picked":["Accuracy","Riddle With Holes+1"],"picked":"Underhanded Strike","floor":19.0},{"not_picked":["Backstab+1","Deadly Poison+1"],"picked":"Dagger Spray","floor":20.0},{"not_picked":["Outmaneuver+1","Flying Knee"],"picked":"Footwork+1","floor":21.0},{"not_picked":["Blade Dance+1","Acrobatics+1","PiercingWail+1"],"picked":"SKIP","floor":23},{"not_picked":["Poisoned Stab","Backstab"],"picked":"Deflect+1","floor":24},{"not_picked":["Heel Hook","Poisoned Stab+1"],"picked":"Eviscerate","floor":25},{"not_picked":["Bane+1","Calculated Gamble+1","Dagger Throw"],"picked":"SKIP","floor":27},{"not_picked":["Poisoned Stab+1","PiercingWail+1","Dagger Throw"],"picked":"SKIP","floor":29},{"not_picked":["Distraction+1","Noxious Fumes+1","Masterful Stab"],"picked":"SKIP","floor":31}],"player_experience":104518,"relics_obtained":[{"floor":7.0,"key":"Pear"},{"floor":9.0,"key":"Toxic Egg 2"},{"floor":13.0,"key":"Potion Belt"},{"floor":14.0,"key":"Odd Mushroom"},{"floor":23,"key":"Mummified Hand"},{"floor":25,"key":"Blue Candle"},{"floor":27,"key":"Blood Vial"}],"event_choices":[{"damage_healed":0.0,"max_hp_gain":0.0,"max_hp_loss":0.0,"gold_gain":0.0,"event_name":"Shining Light","player_choice":"Entered Light","floor":2.0,"gold_loss":0.0,"damage_taken":14.0,"cards_upgraded":["Tools of the Trade","Survivor"]},{"cards_removed":["Strike_G"],"damage_healed":0.0,"max_hp_gain":0.0,"max_hp_loss":0.0,"gold_gain":0.0,"event_name":"Living Wall","player_choice":"Forget","floor":3.0,"gold_loss":0.0,"damage_taken":0.0},{"damage_healed":0.0,"max_hp_gain":0.0,"max_hp_loss":0.0,"gold_gain":0.0,"event_name":"Golden Idol","player_choice":"Take Damage","floor":4.0,"gold_loss":0.0,"damage_taken":17.0,"relics_obtained":["Golden Idol"]},{"cards_removed":["Defend_G"],"damage_healed":0.0,"max_hp_gain":0.0,"max_hp_loss":0.0,"gold_gain":0.0,"event_name":"The Cleric","player_choice":"Card Removal","floor":11.0,"gold_loss":50.0,"damage_taken":0.0},{"damage_healed":0.0,"max_hp_gain":0.0,"max_hp_loss":0.0,"gold_gain":0.0,"event_name":"Mushrooms","player_choice":"Fought Mushrooms","floor":14.0,"gold_loss":0.0,"damage_taken":0.0},{"cards_removed":["Strike_G"],"damage_healed":0.0,"max_hp_gain":0.0,"max_hp_loss":0.0,"gold_gain":0.0,"event_name":"Back to Basics","player_choice":"Elegance","floor":22.0,"gold_loss":0.0,"damage_taken":0.0},{"damage_healed":0,"gold_gain":0,"player_choice":"Gave Idol","damage_taken":0,"relics_obtained":["Bloody Idol"],"max_hp_gain":0,"max_hp_loss":0,"event_name":"Forgotten Altar","floor":30,"relics_lost":["Golden Idol"],"gold_loss":0}],"is_beta":false,"boss_relics":[{"not_picked":["Calling Bell","Velvet Choker"],"picked":"Cursed Key"}],"items_purged_floors":[],"is_endless":false,"potions_floor_spawned":[5,13,14,19,20,23,24,25],"killed_by":"Champ","ascension_level":6}