{"gold_per_floor":[119,135,135,55,68,68,402,402,402,435,435,468,483,483,483,483],"floor_reached":16,"playtime":493,"items_purged":[],"score":286,"play_id":"980cef4a-2454-4729-a5dd-d5cbaa460b7a","local_time":"20190609164602","is_ascension_mode":true,"campfire_choices":[{"data":"Perfected Strike","floor":6.0,"key":"SMITH"},{"data":"Bash","floor":8.0,"key":"SMITH"},{"floor":11.0,"key":"REST"},{"data":"Whirlwind","floor":15.0,"key":"SMITH"}],"neow_cost":"TEN_PERCENT_HP_LOSS","seed_source_timestamp":10780139126414,"circlet_count":0,"master_deck":["AscendersBane","Strike_R","Strike_R","Strike_R","Strike_R","Strike_R","Defend_R","Defend_R","Defend_R","Defend_R","Bash+1","Whirlwind+1","Perfected Strike+1","Disarm","Twin Strike","Twin Strike","Shrug It Off","Perfected Strike+1","Perfected Strike"],"special_seed":0,"relics":["Burning Blood","Prayer Wheel","Old Coin","Darkstone Periapt","FossilizedHelix","Blue Candle"],"potions_floor_usage":[],"damage_taken":[{"damage":2.0,"enemies":"2 Louse","floor":1.0,"turns":4.0},{"damage":9.0,"enemies":"Jaw Worm","floor":2.0,"turns":5.0},{"damage":6.0,"enemies":"Cultist","floor":5.0,"turns":3.0},{"damage":23.0,"enemies":"3 Sentries","floor":7.0,"turns":6.0},{"damage":36.0,"enemies":"Lagavulin","floor":10.0,"turns":7.0},{"damage":0.0,"enemies":"Gremlin Nob","floor":12.0,"turns":3.0},{"damage":0.0,"enemies":"Blue Slaver","floor":13.0,"turns":2.0},{"damage":54,"enemies":"Hexaghost","floor":16,"turns":8}],"seed_played":"5906181368775596329","potions_obtained":[{"floor":1.0,"key":"SneckoOil"},{"floor":5.0,"key":"Explosive Potion"},{"floor":12.0,"key":"Dexterity Potion"}],"is_trial":false,"path_per_floor":["M","M","?","$","M","R","E","R","T","E","R","E","M","?","R","B"],"character_chosen":"IRONCLAD","items_purchased":["Disarm"],"campfire_rested":1,"item_purchase_floors":[4],"current_hp_per_floor":[68,65,65,65,65,65,48,48,48,18,38,44,50,50,50,0],"gold":483,"neow_bonus":"ONE_RARE_RELIC","is_prod":false,"is_daily":false,"chose_seed":false,"campfire_upgraded":3,"win_rate":0,"timestamp":1560091562,"path_taken":["M","M","?","?","?","R","E","R","T","E","R","E","M","?","R","BOSS"],"build_version":"2019-01-23","purchased_purges":0,"victory":false,"max_hp_per_floor":[68,68,68,68,68,68,68,68,68,68,68,68,68,68,68,68],"card_choices":[{"not_picked":["Flex","Headbutt"],"picked":"Whirlwind","floor":1.0},{"not_picked":["Rupture","Dropkick","Infernal Blade"],"picked":"SKIP","floor":1.0},{"not_picked":["Flex","Warcry"],"picked":"Perfected Strike","floor":2.0},{"not_picked":["Clash","Anger","Carnage"],"picked":"SKIP","floor":2.0},{"not_picked":["Hemokinesis","Havoc"],"picked":"Twin Strike","floor":5.0},{"not_picked":["Clash","Feel No Pain","Corruption"],"picked":"SKIP","floor":5.0},{"not_picked":["Feel No Pain","Flex"],"picked":"Twin Strike","floor":7.0},{"not_picked":["Sword Boomerang","Heavy Blade"],"picked":"Shrug It Off","floor":10.0},{"not_picked":["Clothesline","Feel No Pain"],"picked":"Perfected Strike","floor":12.0},{"not_picked":["Spot Weakness","True Grit"],"picked":"Perfected Strike","floor":13.0},{"not_picked":["Immolate","Havoc","Rampage"],"picked":"SKIP","floor":13.0}],"player_experience":547149,"relics_obtained":[{"floor":7.0,"key":"Old Coin"},{"floor":9.0,"key":"Darkstone Periapt"},{"floor":10.0,"key":"FossilizedHelix"},{"floor":12.0,"key":"Blue Candle"}],"event_choices":[{"damage_healed":0.0,"max_hp_gain":0.0,"max_hp_loss":0.0,"gold_gain":0.0,"event_name":"The Cleric","player_choice":"Leave","floor":3.0,"gold_loss":0.0,"damage_taken":0.0},{"damage_healed":0.0,"max_hp_gain":0.0,"max_hp_loss":0.0,"gold_gain":0.0,"event_name":"Upgrade Shrine","player_choice":"Upgraded","floor":14.0,"gold_loss":0.0,"damage_taken":0.0,"cards_upgraded":["Perfected Strike"]}],"is_beta":false,"boss_relics":[],"items_purged_floors":[],"is_endless":false,"potions_floor_spawned":[1,5,12],"killed_by":"Hexaghost","ascension_level":20}