{"gold_per_floor":[116,131,131,145,156,156,156,156,181,192,204,204,223,253,253,253],"floor_reached":16,"playtime":648,"items_purged":[],"score":203,"play_id":"cdc4b014-0259-4858-be10-9a959923d234","local_time":"20190603165201","is_ascension_mode":true,"campfire_choices":[{"data":"Bouncing Flask","floor":8,"key":"SMITH"},{"data":"Bane","floor":12,"key":"SMITH"},{"floor":15,"key":"REST"}],"neow_cost":"NONE","seed_source_timestamp":1465080140995135,"circlet_count":0,"master_deck":["AscendersBane","Defend_G","Defend_G","Defend_G","Defend_G","Defend_G","Strike_G","Strike_G","Strike_G","Strike_G","Strike_G","Survivor","Neutralize","Adrenaline","Bouncing Flask+1","Bane+1","Deadly Poison","Quick Slash"],"relics":["Ring of the Snake","Turnip","Art of War","FossilizedHelix"],"potions_floor_usage":[5,14,16],"damage_taken":[{"damage":7,"enemies":"Small Slimes","floor":1,"turns":5},{"damage":2,"enemies":"Cultist","floor":2,"turns":5},{"damage":0,"enemies":"Jaw Worm","floor":4,"turns":4},{"damage":0,"enemies":"2 Fungi Beasts","floor":5,"turns":3},{"damage":17,"enemies":"Gremlin Gang","floor":10,"turns":6},{"damage":3,"enemies":"Blue Slaver","floor":11,"turns":3},{"damage":2,"enemies":"2 Fungi Beasts","floor":13,"turns":4},{"damage":21,"enemies":"Lagavulin","floor":14,"turns":6},{"damage":55,"enemies":"Slime Boss","floor":16,"turns":9}],"seed_played":"9121307149020143607","potions_obtained":[{"floor":1,"key":"FairyPotion"},{"floor":2,"key":"AttackPotion"},{"floor":11,"key":"Dexterity Potion"},{"floor":14,"key":"SkillPotion"}],"is_trial":false,"path_per_floor":["M","M","?","M","M","?","T","R","T","M","M","R","M","E","R","B"],"character_chosen":"THE_SILENT","items_purchased":[],"campfire_rested":1,"item_purchase_floors":[],"current_hp_per_floor":[52,50,46,46,46,46,46,46,46,29,26,26,24,3,22,0],"gold":253,"neow_bonus":"ONE_RANDOM_RARE_CARD","is_prod":false,"is_daily":false,"chose_seed":false,"campfire_upgraded":2,"win_rate":0,"timestamp":1559573521,"path_taken":["M","M","?","M","?","?","?","R","T","M","M","R","M","E","R","BOSS"],"build_version":"2019-01-23","purchased_purges":0,"victory":false,"max_hp_per_floor":[66,66,66,66,66,66,66,66,66,66,66,66,66,66,66,66],"card_choices":[{"not_picked":["Terror","Calculated Gamble","Outmaneuver"],"picked":"SKIP","floor":1},{"not_picked":["Slice","Bane"],"picked":"Bouncing Flask","floor":2},{"not_picked":["Riddle With Holes","Outmaneuver","Masterful Stab"],"picked":"SKIP","floor":4},{"not_picked":["Finisher","Terror"],"picked":"Bane","floor":5},{"not_picked":["Calculated Gamble","Cloak And Dagger","Underhanded Strike"],"picked":"SKIP","floor":10},{"not_picked":["Expertise","Prepared","Outmaneuver"],"picked":"SKIP","floor":11},{"not_picked":["Crippling Poison","Reflex"],"picked":"Deadly Poison","floor":13},{"not_picked":["Night Terror","Prepared"],"picked":"Quick Slash","floor":14}],"player_experience":509712,"relics_obtained":[{"floor":7,"key":"Turnip"},{"floor":9,"key":"Art of War"},{"floor":14,"key":"FossilizedHelix"}],"event_choices":[{"damage_healed":0,"gold_gain":0,"player_choice":"Bought 0 Potions","damage_taken":0,"max_hp_gain":0,"max_hp_loss":0,"event_name":"The Woman in Blue","floor":3,"gold_loss":0},{"damage_healed":0,"gold_gain":0,"player_choice":"Ignored","damage_taken":0,"max_hp_gain":0,"max_hp_loss":0,"event_name":"Liars Game","floor":6,"gold_loss":0}],"is_beta":false,"boss_relics":[],"items_purged_floors":[],"is_endless":false,"potions_floor_spawned":[1,2,11,14],"killed_by":"Slime Boss","ascension_level":19}