{"gold_per_floor":[111,111,111,21,37,37,93,107,107,120,134,134,165,184,184,256,256,266,191,116,36,7,7,7,7,76,103,115,115,115,165,165,165],"floor_reached":33,"playtime":937,"items_purged":["Strike_B"],"score":577,"play_id":"85caa913-7571-40a7-813b-68f0dd8a3976","local_time":"20190618171639","is_ascension_mode":true,"campfire_choices":[{"data":"Zap","floor":6.0,"key":"SMITH"},{"data":"Defragment","floor":15.0,"key":"SMITH"},{"data":"Defragment","floor":23.0,"key":"SMITH"},{"data":"Redo","floor":25.0,"key":"SMITH"},{"data":"White Noise","floor":30,"key":"SMITH"},{"data":"Darkness","floor":32,"key":"SMITH"}],"neow_cost":"NONE","seed_source_timestamp":350531140426782,"circlet_count":0,"master_deck":["AscendersBane","Defend_B","Defend_B","Defend_B","Zap+1","Dualcast","Conserve Battery","Cold Snap","Cold Snap","Defragment+1","Darkness+1","Self Repair","Conserve Battery","Seek","Defragment+1","White Noise+1","Redo+1","Genetic Algorithm+1","RitualDagger"],"special_seed":0,"relics":["Cracked Core","NeowsBlessing","Anchor","Tiny Chest","Symbiotic Virus","Ginger","Peace Pipe","Empty Cage","Frozen Egg 2","Shuriken"],"potions_floor_usage":[27],"damage_taken":[{"damage":0.0,"enemies":"Jaw Worm","floor":1.0,"turns":1.0},{"damage":0.0,"enemies":"Small Slimes","floor":5.0,"turns":1.0},{"damage":0.0,"enemies":"Gremlin Nob","floor":7.0,"turns":1.0},{"damage":0.0,"enemies":"Cultist","floor":8.0,"turns":3.0},{"damage":0.0,"enemies":"Blue Slaver","floor":10.0,"turns":2.0},{"damage":3.0,"enemies":"Large Slime","floor":11.0,"turns":6.0},{"damage":15.0,"enemies":"Lagavulin","floor":13.0,"turns":6.0},{"damage":0.0,"enemies":"Exordium Thugs","floor":14.0,"turns":4.0},{"damage":42.0,"enemies":"Slime Boss","floor":16.0,"turns":9.0},{"damage":8.0,"enemies":"Shell Parasite","floor":18.0,"turns":7.0},{"damage":3.0,"enemies":"2 Thieves","floor":21.0,"turns":4.0},{"damage":13,"enemies":"Book of Stabbing","floor":27,"turns":4},{"damage":3,"enemies":"Snecko","floor":28,"turns":5},{"damage":59,"enemies":"Champ","floor":33,"turns":11}],"seed_played":"-8362792892004838730","potions_obtained":[{"floor":7.0,"key":"Strength Potion"},{"floor":8.0,"key":"SpeedPotion"},{"floor":14.0,"key":"Swift Potion"},{"floor":16.0,"key":"LiquidBronze"},{"floor":18.0,"key":"SpeedPotion"}],"is_trial":false,"path_per_floor":["M","?","?","?","M","R","E","M","T","M","M","T","E","M","R","B",null,"M","?","$","M","$","R","$","R","T","E","M","?","R","?","R","B"],"character_chosen":"DEFECT","items_purchased":["Redo"],"campfire_rested":0,"item_purchase_floors":[22],"current_hp_per_floor":[64,57,57,57,57,57,57,57,57,57,54,54,39,46,46,11,56,55,55,55,59,59,59,59,59,59,53,50,44,44,44,44,0],"gold":165,"neow_bonus":"THREE_ENEMY_KILL","is_prod":false,"is_daily":false,"chose_seed":false,"campfire_upgraded":6,"win_rate":0,"timestamp":1560870999,"path_taken":["M","?","?","?","M","R","E","M","T","?","M","?","E","M","R","BOSS","M","?","?","M","$","R","$","R","T","E","M","?","R","?","R","BOSS"],"build_version":"2019-01-23","purchased_purges":1,"victory":false,"max_hp_per_floor":[71,71,71,71,71,71,71,71,71,71,71,71,71,71,71,71,71,71,71,71,71,71,71,71,71,71,71,71,71,71,71,71,71],"card_choices":[{"not_picked":["Beam Cell","Steam"],"picked":"Conserve Battery","floor":1.0},{"not_picked":["Steam","Hologram"],"picked":"Beam Cell","floor":5.0},{"not_picked":["Melter","Loop"],"picked":"Cold Snap","floor":7.0},{"not_picked":["Rebound","Stack"],"picked":"Cold Snap","floor":8.0},{"not_picked":["Conserve Battery","Self Repair"],"picked":"Defragment","floor":10.0},{"not_picked":["Leap","Hologram"],"picked":"Darkness","floor":11.0},{"not_picked":["Hello World","Rebound"],"picked":"Self Repair","floor":13.0},{"not_picked":["Steam","BootSequence"],"picked":"Conserve Battery","floor":14.0},{"not_picked":["Thunder Strike","Reboot"],"picked":"Seek","floor":16.0},{"not_picked":["Rebound","Aggregate"],"picked":"Defragment","floor":18.0},{"not_picked":["Compile Driver+1","Turbo"],"picked":"White Noise","floor":21.0},{"not_picked":["Fusion","Conserve Battery"],"picked":"Genetic Algorithm+1","floor":27},{"not_picked":["Steam","Barrage+1","Cold Snap"],"picked":"SKIP","floor":28}],"player_experience":599703,"relics_obtained":[{"floor":7.0,"key":"Tiny Chest"},{"floor":9.0,"key":"Symbiotic Virus"},{"floor":12.0,"key":"Ginger"},{"floor":13.0,"key":"Peace Pipe"},{"floor":26.0,"key":"Frozen Egg 2"},{"floor":27,"key":"Shuriken"}],"event_choices":[{"cards_removed":["Strike_B"],"damage_healed":0.0,"max_hp_gain":0.0,"max_hp_loss":0.0,"gold_gain":0.0,"event_name":"Golden Wing","player_choice":"Card Removal","floor":2.0,"gold_loss":0.0,"damage_taken":7.0},{"cards_removed":["Strike_B"],"damage_healed":0.0,"max_hp_gain":0.0,"max_hp_loss":0.0,"gold_gain":0.0,"event_name":"Living Wall","player_choice":"Forget","floor":3.0,"gold_loss":0.0,"damage_taken":0.0},{"damage_healed":0.0,"max_hp_gain":0.0,"max_hp_loss":0.0,"gold_gain":0.0,"event_name":"WeMeetAgain","player_choice":"Paid Gold","floor":4.0,"gold_loss":90.0,"damage_taken":0.0,"relics_obtained":["Anchor"]},{"cards_removed":["Strike_B"],"damage_healed":0.0,"max_hp_gain":0.0,"max_hp_loss":0.0,"gold_gain":0.0,"event_name":"Beggar","player_choice":"Gave Gold","floor":19.0,"gold_loss":75.0,"damage_taken":0.0},{"damage_healed":0,"gold_gain":0,"player_choice":"Joined the Cult","damage_taken":6,"max_hp_gain":0,"max_hp_loss":0,"event_name":"Nest","floor":29,"gold_loss":0,"cards_obtained":["RitualDagger"]},{"damage_healed":0,"gold_gain":100,"player_choice":"Bet on Murderer","damage_taken":0,"max_hp_gain":0,"max_hp_loss":0,"event_name":"The Joust","floor":31,"gold_loss":50}],"is_beta":false,"boss_relics":[{"not_picked":["Calling Bell","Snecko Eye"],"picked":"Empty Cage"}],"items_purged_floors":[20],"is_endless":false,"potions_floor_spawned":[7,8,14,16,18],"killed_by":"Champ","ascension_level":19}