{"gold_per_floor":[111,126,126,126,145,145,145,2,2,29,29,47,62,89,89,190,240,257,11,28,28,28,61,88,88,88,116,116,148,165,65,65,164,164,179,179,224,238,81,81,98,108,108,137,137,155,182,200,200,200],"floor_reached":51,"playtime":2725,"items_purged":["Strike_R","Strike_R"],"score":1008,"play_id":"1bf8a549-8362-442d-9839-a17f297ae6b4","local_time":"20190503171453","is_ascension_mode":true,"campfire_choices":[{"data":"Hemokinesis","floor":6,"key":"SMITH"},{"data":"Inflame","floor":15,"key":"SMITH"},{"data":"Immolate","floor":25,"key":"SMITH"},{"data":"Sword Boomerang","floor":28,"key":"SMITH"},{"data":"Berserk","floor":32,"key":"SMITH"},{"data":"Limit Break","floor":40,"key":"SMITH"},{"data":"Ghostly","floor":45,"key":"SMITH"},{"data":"Ghostly","floor":49,"key":"SMITH"}],"neow_cost":"NONE","seed_source_timestamp":774825246679100,"circlet_count":0,"master_deck":["Strike_R","Defend_R+1","Defend_R","Defend_R+1","Defend_R","Bash","Sword Boomerang+1","Inflame+1","Hemokinesis+1","Ghostly Armor","Warcry","Regret","Thunderclap","Flame Barrier+1","Immolate+1","Metallicize+1","Ghostly+1","Ghostly+1","Ghostly","Ghostly","Ghostly","Berserk+1","Reckless Charge+1","Limit Break+1","Seeing Red+1","The Bomb","Shockwave+1"],"relics":["Burning Blood","War Paint","Charon\u0027s Ashes","Bottled Tornado","Happy Flower","Vajra","WingedGreaves","Tiny House","Blue Candle","Lantern","Anchor","Matryoshka","Red Mask","Frozen Egg 2","Runic Pyramid","Ginger","Red Skull","Shuriken","Bronze Scales","Art of War","Letter Opener"],"potions_floor_usage":[13,14,20,47],"damage_taken":[{"damage":15,"enemies":"Jaw Worm","floor":1,"turns":5},{"damage":0,"enemies":"Small Slimes","floor":2,"turns":3},{"damage":0,"enemies":"Cultist","floor":5,"turns":3},{"damage":8,"enemies":"3 Sentries","floor":10,"turns":6},{"damage":9,"enemies":"Blue Slaver","floor":12,"turns":3},{"damage":7,"enemies":"3 Louse","floor":13,"turns":3},{"damage":4,"enemies":"Gremlin Nob","floor":14,"turns":3},{"damage":19,"enemies":"Slime Boss","floor":16,"turns":7},{"damage":19,"enemies":"Chosen","floor":18,"turns":5},{"damage":25,"enemies":"2 Thieves","floor":20,"turns":3},{"damage":7,"enemies":"Gremlin Leader","floor":23,"turns":6},{"damage":3,"enemies":"Slavers","floor":24,"turns":4},{"damage":2,"enemies":"Masked Bandits","floor":27,"turns":2},{"damage":4,"enemies":"Gremlin Leader","floor":29,"turns":7},{"damage":2,"enemies":"Snake Plant","floor":30,"turns":2},{"damage":19,"enemies":"Collector","floor":33,"turns":9},{"damage":1,"enemies":"3 Shapes","floor":35,"turns":3},{"damage":5,"enemies":"2 Orb Walkers","floor":37,"turns":4},{"damage":19,"enemies":"3 Darklings","floor":38,"turns":4},{"damage":3,"enemies":"Sphere and 2 Shapes","floor":41,"turns":3},{"damage":2,"enemies":"Maw","floor":42,"turns":6},{"damage":6,"enemies":"Nemesis","floor":44,"turns":7},{"damage":2,"enemies":"Writhing Mass","floor":46,"turns":4},{"damage":2,"enemies":"Giant Head","floor":47,"turns":7},{"damage":3,"enemies":"Sphere and 2 Shapes","floor":48,"turns":3},{"damage":16,"enemies":"Awakened One","floor":50,"turns":10}],"seed_played":"-4152670641490498023","potions_obtained":[{"floor":2,"key":"FairyPotion"},{"floor":12,"key":"Energy Potion"},{"floor":13,"key":"FearPotion"},{"floor":14,"key":"Regen Potion"},{"floor":17,"key":"SpeedPotion"},{"floor":18,"key":"Strength Potion"},{"floor":20,"key":"Energy Potion"}],"is_trial":false,"path_per_floor":["M","M","?","?","M","R","?","$","T","E","?","M","M","E","R","B",null,"M","$","M","$","?","E","E","R","T","?","R","E","M","$","R","B",null,"M","?","?","M","$","R","M","M","T","E","R","M","E","M","R","B",null],"character_chosen":"IRONCLAD","items_purchased":["Ghostly Armor","Blue Candle","Red Skull"],"campfire_rested":0,"item_purchase_floors":[8,19,39],"current_hp_per_floor":[71,77,59,59,65,65,58,58,58,56,56,53,52,54,54,41,85,72,72,53,53,42,41,42,42,42,42,42,42,42,42,42,29,42,42,42,42,29,29,29,32,36,36,36,36,40,42,42,42,32],"gold":200,"neow_bonus":"RANDOM_COMMON_RELIC","is_prod":false,"is_daily":false,"chose_seed":false,"campfire_upgraded":8,"win_rate":0,"timestamp":1556928893,"path_taken":["M","M","?","?","?","R","?","$","T","E","?","M","M","E","R","BOSS","M","$","M","$","?","E","E","R","T","?","R","E","M","$","R","BOSS","M","?","?","M","$","R","M","M","T","E","R","M","E","M","R","BOSS"],"build_version":"2019-01-23","purchased_purges":2,"victory":true,"max_hp_per_floor":[80,80,80,80,80,80,80,80,80,80,80,80,80,80,80,80,85,85,85,85,85,42,42,42,42,42,42,42,42,42,42,42,42,42,42,42,42,42,42,42,42,42,42,42,42,42,42,42,42,42],"card_choices":[{"not_picked":["Cleave","Havoc"],"picked":"Sword Boomerang","floor":1},{"not_picked":["True Grit","Dual Wield"],"picked":"Inflame","floor":2},{"not_picked":["Iron Wave","Pommel Strike"],"picked":"Hemokinesis","floor":5},{"not_picked":["Headbutt","Clothesline"],"picked":"Warcry","floor":10},{"not_picked":["Wild Strike","Havoc"],"picked":"Thunderclap","floor":12},{"not_picked":["Barricade","Wild Strike","Flex"],"picked":"SKIP","floor":13},{"not_picked":["Havoc","Warcry"],"picked":"Flame Barrier","floor":14},{"not_picked":["Dark Embrace","Offering"],"picked":"Immolate","floor":16},{"not_picked":["Inflame","Hemokinesis"],"picked":"Metallicize+1","floor":18},{"not_picked":["Warcry","Twin Strike+1","Headbutt"],"picked":"SKIP","floor":20},{"not_picked":["Body Slam+1","Clothesline+1"],"picked":"Berserk","floor":23},{"not_picked":["Twin Strike","Uppercut","Clash"],"picked":"SKIP","floor":24},{"not_picked":["Rampage","Body Slam"],"picked":"Reckless Charge+1","floor":27},{"not_picked":["Brutality","Cleave","Armaments"],"picked":"SKIP","floor":29},{"not_picked":["Fire Breathing+1","Anger","Combust+1"],"picked":"SKIP","floor":30},{"not_picked":["Berserk+1","Fiend Fire"],"picked":"Limit Break","floor":33},{"not_picked":["Hemokinesis","Warcry"],"picked":"Seeing Red+1","floor":35},{"not_picked":["Panacea","Secret Technique"],"picked":"The Bomb","floor":36},{"not_picked":["Pommel Strike+1","Wild Strike+1"],"picked":"Shockwave+1","floor":38},{"not_picked":["Cleave","Feel No Pain+1","Body Slam+1"],"picked":"SKIP","floor":41},{"not_picked":["Flex+1","Thunderclap","Feel No Pain+1"],"picked":"SKIP","floor":42},{"not_picked":["Rupture+1","Feel No Pain+1","Spot Weakness"],"picked":"SKIP","floor":44},{"not_picked":["Anger+1","Headbutt","Fire Breathing+1"],"picked":"SKIP","floor":46},{"not_picked":["Feel No Pain+1","Corruption+1","Sentinel"],"picked":"SKIP","floor":47},{"not_picked":["Second Wind","Flex","Dark Embrace+1"],"picked":"SKIP","floor":48}],"player_experience":285521,"relics_obtained":[{"floor":9,"key":"Bottled Tornado"},{"floor":10,"key":"Happy Flower"},{"floor":14,"key":"WingedGreaves"},{"floor":23,"key":"Lantern"},{"floor":24,"key":"Anchor"},{"floor":26,"key":"Matryoshka"},{"floor":27,"key":"Red Mask"},{"floor":29,"key":"Frozen Egg 2"},{"floor":37,"key":"Ginger"},{"floor":43,"key":"Shuriken"},{"floor":43,"key":"Bronze Scales"},{"floor":44,"key":"Art of War"},{"floor":47,"key":"Letter Opener"}],"event_choices":[{"damage_healed":0,"gold_gain":0,"player_choice":"Success","damage_taken":18,"relics_obtained":["Charon\u0027s Ashes"],"max_hp_gain":0,"max_hp_loss":0,"event_name":"Scrap Ooze","floor":3,"gold_loss":0},{"cards_removed":["Strike_R"],"damage_healed":0,"gold_gain":0,"player_choice":"Purged","damage_taken":0,"max_hp_gain":0,"max_hp_loss":0,"event_name":"Purifier","floor":4,"gold_loss":0},{"cards_removed":["Strike_R"],"damage_healed":0,"gold_gain":0,"player_choice":"Card Removal","damage_taken":7,"max_hp_gain":0,"max_hp_loss":0,"event_name":"Golden Wing","floor":7,"gold_loss":0},{"damage_healed":0,"gold_gain":0,"player_choice":"Box","damage_taken":0,"relics_obtained":["Vajra"],"max_hp_gain":0,"max_hp_loss":0,"event_name":"Big Fish","floor":11,"gold_loss":0,"cards_obtained":["Regret"]},{"damage_healed":0,"gold_gain":0,"player_choice":"Became a Ghost","damage_taken":0,"max_hp_gain":0,"max_hp_loss":43,"event_name":"Ghosts","floor":22,"gold_loss":0,"cards_obtained":["Ghostly","Ghostly","Ghostly","Ghostly","Ghostly"]},{"damage_healed":0,"gold_gain":0,"player_choice":"Fought Bandits","damage_taken":0,"max_hp_gain":0,"max_hp_loss":0,"event_name":"Masked Bandits","floor":27,"gold_loss":0},{"damage_healed":0,"gold_gain":0,"player_choice":"Memory 1","damage_taken":0,"max_hp_gain":0,"max_hp_loss":0,"event_name":"SensoryStone","floor":36,"gold_loss":0},{"damage_healed":0,"gold_gain":0,"player_choice":"Fight","damage_taken":0,"max_hp_gain":0,"max_hp_loss":0,"event_name":"Mysterious Sphere","floor":37,"gold_loss":0}],"is_beta":false,"boss_relics":[{"not_picked":["White Beast Statue","Pandora\u0027s Box"],"picked":"Tiny House"},{"not_picked":["Fusion Hammer","Eternal Feather"],"picked":"Runic Pyramid"}],"items_purged_floors":[8,31],"is_endless":false,"potions_floor_spawned":[2,12,13,14,18,20,24,30,35,38,42,46],"ascension_level":4}