{"gold_per_floor":[111,36,36,36,51,51,126,126,126,51,51,51,69,83,83,83],"floor_reached":16,"playtime":286,"items_purged":["Strike_G"],"score":158,"play_id":"7b1b2b3c-1f0d-45cc-91d4-0f5246b65162","local_time":"20190527212858","is_ascension_mode":true,"campfire_choices":[{"data":"Bouncing Flask","floor":6,"key":"SMITH"},{"floor":11,"key":"REST"},{"floor":15,"key":"REST"}],"neow_cost":"NONE","seed_source_timestamp":877183631083813,"circlet_count":0,"master_deck":["AscendersBane","Defend_G+1","Defend_G","Defend_G+1","Defend_G","Strike_G","Strike_G","Strike_G","Strike_G","Survivor","Neutralize","Bouncing Flask+1","Noxious Fumes","Deadly Poison+1","Dodge and Roll+1"],"relics":["Ring of the Snake","Happy Flower","Strawberry","Golden Idol","Toxic Egg 2"],"potions_floor_usage":[14,14],"damage_taken":[{"damage":6,"enemies":"Jaw Worm","floor":1,"turns":5},{"damage":3,"enemies":"2 Louse","floor":5,"turns":3},{"damage":0,"enemies":"Small Slimes","floor":13,"turns":3},{"damage":0,"enemies":"2 Fungi Beasts","floor":14,"turns":3},{"damage":30,"enemies":"The Guardian","floor":16,"turns":2}],"seed_played":"-3031949961994950702","potions_obtained":[{"floor":1,"key":"FearPotion"},{"floor":13,"key":"Poison Potion"},{"floor":14,"key":"SteroidPotion"}],"is_trial":false,"path_per_floor":["M","?","?","?","M","R","?","?","T","$","R","?","M","M","R","B"],"character_chosen":"THE_SILENT","items_purchased":[],"campfire_rested":2,"item_purchase_floors":[],"current_hp_per_floor":[53,53,49,24,21,21,10,10,10,10,31,9,9,9,30,0],"gold":83,"neow_bonus":"RANDOM_COMMON_RELIC","is_prod":false,"is_daily":false,"chose_seed":false,"campfire_upgraded":1,"win_rate":0,"timestamp":1558985338,"path_taken":["M","?","?","?","M","R","?","?","T","$","R","?","?","M","R","BOSS"],"build_version":"2019-01-23","purchased_purges":1,"victory":false,"max_hp_per_floor":[66,66,73,73,73,73,73,73,73,73,73,73,73,73,73,73],"card_choices":[{"not_picked":["Dodge and Roll","Dagger Throw"],"picked":"Bouncing Flask","floor":1},{"not_picked":["Reflex","PiercingWail"],"picked":"Noxious Fumes","floor":5},{"not_picked":["Dagger Spray","Escape Plan+1"],"picked":"Deadly Poison+1","floor":13},{"not_picked":["Endless Agony","Cloak And Dagger+1"],"picked":"Dodge and Roll+1","floor":14}],"player_experience":439537,"relics_obtained":[{"floor":9,"key":"Toxic Egg 2"}],"event_choices":[{"cards_removed":["Defend_G"],"damage_healed":0,"gold_gain":0,"player_choice":"Card Removal","damage_taken":0,"max_hp_gain":0,"max_hp_loss":0,"event_name":"The Cleric","floor":2,"gold_loss":75},{"damage_healed":0,"gold_gain":0,"player_choice":"Success","damage_taken":11,"relics_obtained":["Strawberry"],"max_hp_gain":0,"max_hp_loss":0,"event_name":"Scrap Ooze","floor":3,"gold_loss":0},{"damage_healed":0,"gold_gain":0,"player_choice":"Take Damage","damage_taken":25,"relics_obtained":["Golden Idol"],"max_hp_gain":0,"max_hp_loss":0,"event_name":"Golden Idol","floor":4,"gold_loss":0},{"damage_healed":0,"gold_gain":75,"player_choice":"Gather Gold","damage_taken":11,"max_hp_gain":0,"max_hp_loss":0,"event_name":"World of Goop","floor":7,"gold_loss":0},{"damage_healed":0,"gold_gain":0,"player_choice":"Searched \u00270\u0027 times","damage_taken":0,"max_hp_gain":0,"max_hp_loss":0,"event_name":"Dead Adventurer","floor":8,"gold_loss":0},{"damage_healed":0,"gold_gain":0,"player_choice":"Entered Light","damage_taken":22,"max_hp_gain":0,"max_hp_loss":0,"event_name":"Shining Light","floor":12,"gold_loss":0,"cards_upgraded":["Defend_G","Defend_G"]}],"is_beta":false,"boss_relics":[],"items_purged_floors":[10],"is_endless":false,"potions_floor_spawned":[1,13,14],"killed_by":"The Guardian","ascension_level":16}