{"gold_per_floor":[117,72,90,100,113,113,145,145,145,159,187,187,217,234,234,330,330,344,357,377,302,313,313,338,338,361,371,371,371],"floor_reached":29,"playtime":1006,"items_purged":["Strike_B"],"score":428,"play_id":"19c395d9-5447-4749-bd3d-c5394dad75ab","local_time":"20190322224854","is_ascension_mode":true,"campfire_choices":[{"data":"Hologram","floor":6.0,"key":"SMITH"},{"data":"Zap","floor":8.0,"key":"SMITH"},{"data":"Hologram","floor":15.0,"key":"SMITH"},{"data":"Defragment","floor":23,"key":"SMITH"},{"data":"Buffer","floor":25,"key":"SMITH"},{"floor":28,"key":"REST"}],"neow_cost":"NONE","seed_source_timestamp":163198649423350,"circlet_count":0,"master_deck":["Strike_B","Strike_B","Strike_B","Defend_B","Defend_B","Defend_B","Defend_B","Zap+1","Dualcast","Hologram+1","Streamline","Gash","Hologram+1","Electrodynamics","Conserve Battery","Scrape","Reboot","Zap","Self Repair","Leap","Buffer+1","Defragment+1","Conserve Battery","Gash"],"special_seed":0,"relics":["Cracked Core","Turnip","Bottled Lightning","Meat on the Bone","Bottled Tornado","Philosopher\u0027s Stone","Singing Bowl"],"potions_floor_usage":[22,29],"damage_taken":[{"damage":5.0,"enemies":"Small Slimes","floor":1.0,"turns":3.0},{"damage":0.0,"enemies":"Cultist","floor":3.0,"turns":3.0},{"damage":0.0,"enemies":"2 Louse","floor":4.0,"turns":2.0},{"damage":7.0,"enemies":"Looter","floor":5.0,"turns":3.0},{"damage":17.0,"enemies":"3 Sentries","floor":7.0,"turns":7.0},{"damage":16.0,"enemies":"Blue Slaver","floor":10.0,"turns":3.0},{"damage":15.0,"enemies":"Lagavulin","floor":11.0,"turns":5.0},{"damage":10.0,"enemies":"Gremlin Nob","floor":13.0,"turns":3.0},{"damage":0.0,"enemies":"3 Louse","floor":14.0,"turns":1.0},{"damage":0.0,"enemies":"Slime Boss","floor":16.0,"turns":5.0},{"damage":17.0,"enemies":"3 Byrds","floor":18.0,"turns":2.0},{"damage":19.0,"enemies":"2 Thieves","floor":19.0,"turns":2.0},{"damage":0.0,"enemies":"3 Cultists","floor":20.0,"turns":3.0},{"damage":35,"enemies":"Snake Plant","floor":22,"turns":3},{"damage":22,"enemies":"Gremlin Leader","floor":24,"turns":5},{"damage":39,"enemies":"Shelled Parasite and Fungi","floor":27,"turns":5},{"damage":56,"enemies":"Book of Stabbing","floor":29,"turns":4}],"seed_played":"-2933479768883072381","potions_obtained":[{"floor":3.0,"key":"Fire Potion"},{"floor":5.0,"key":"SpeedPotion"},{"floor":10.0,"key":"Poison Potion"},{"floor":11.0,"key":"FocusPotion"},{"floor":14.0,"key":"Explosive Potion"},{"floor":19.0,"key":"SteroidPotion"},{"floor":20.0,"key":"FocusPotion"},{"floor":27,"key":"Block Potion"}],"is_trial":false,"path_per_floor":["M","$","M","M","M","R","E","R","T","M","E","?","E","M","R","B",null,"M","M","M","$","M","R","E","R","T","M","R","E"],"character_chosen":"DEFECT","items_purchased":["Streamline"],"campfire_rested":1,"item_purchase_floors":[2],"current_hp_per_floor":[70,70,70,70,63,63,46,46,46,30,15,15,17,29,29,48,74,57,57,64,64,48,48,47,47,47,27,52,0],"gold":371,"neow_bonus":"TEN_PERCENT_HP_BONUS","is_prod":false,"is_daily":false,"chose_seed":false,"campfire_upgraded":5,"win_rate":0,"timestamp":1553291334,"path_taken":["M","$","M","M","M","R","E","R","T","M","E","?","E","M","R","BOSS","M","?","M","$","M","R","E","R","T","?","R","E"],"build_version":"2019-01-23","purchased_purges":1,"victory":false,"max_hp_per_floor":[82,82,82,82,82,82,82,82,82,82,82,82,82,82,82,82,82,82,82,82,82,82,82,84,84,84,84,84,84],"card_choices":[{"not_picked":["Compile Driver","Fusion"],"picked":"Hologram","floor":1.0},{"not_picked":["Capacitor","Barrage","Streamline"],"picked":"SKIP","floor":3.0},{"not_picked":["Darkness","Undo"],"picked":"Gash","floor":4.0},{"not_picked":["Defragment","Streamline"],"picked":"Hologram","floor":5.0},{"not_picked":["Chill","Capacitor"],"picked":"Electrodynamics","floor":7.0},{"not_picked":["Chaos","Recycle"],"picked":"Conserve Battery","floor":10.0},{"not_picked":["Coolheaded","Stack"],"picked":"Scrape","floor":11.0},{"not_picked":["Darkness","Conserve Battery"],"picked":"Self Repair","floor":13.0},{"not_picked":["Aggregate","Stack"],"picked":"Leap","floor":14.0},{"not_picked":["Electrodynamics","Meteor Strike"],"picked":"Buffer","floor":16.0},{"not_picked":["Undo","Glacier+1"],"picked":"Defragment","floor":18.0},{"not_picked":["Steam","Force Field+1"],"picked":"Conserve Battery","floor":19.0},{"not_picked":["Steam Power","Aggregate","Melter"],"picked":"SKIP","floor":20.0},{"not_picked":["Barrage","Chill","Leap"],"picked":"SKIP","floor":22},{"not_picked":["Static Discharge","Hello World","Tempest"],"picked":"Singing Bowl","floor":24},{"not_picked":["Coolheaded","Glacier"],"picked":"Gash","floor":27}],"player_experience":133862,"relics_obtained":[{"floor":7.0,"key":"Turnip"},{"floor":9.0,"key":"Bottled Lightning"},{"floor":11.0,"key":"Meat on the Bone"},{"floor":13.0,"key":"Bottled Tornado"},{"floor":24,"key":"Singing Bowl"}],"event_choices":[{"damage_healed":0.0,"max_hp_gain":0.0,"max_hp_loss":0.0,"gold_gain":0.0,"event_name":"Match and Keep!","player_choice":"2 cards matched","floor":12.0,"gold_loss":0.0,"damage_taken":0.0,"cards_obtained":["Reboot","Zap"]}],"is_beta":false,"boss_relics":[{"not_picked":["Snecko Eye","Nuclear Battery"],"picked":"Philosopher\u0027s Stone"}],"items_purged_floors":[21],"is_endless":false,"potions_floor_spawned":[3,5,10,11,14,19,20,27],"killed_by":"Book of Stabbing","ascension_level":7}