{"gold_per_floor":[115,126,76,76,95,127,52,52,52,85,85,98,273,285,285,285],"floor_reached":16,"playtime":670,"items_purged":["Regret"],"score":149,"play_id":"33e638be-293b-4c27-ae12-0c2b34697021","local_time":"20190606172835","is_ascension_mode":true,"campfire_choices":[{"floor":11,"key":"REST"},{"floor":15,"key":"REST"}],"neow_cost":"NONE","seed_source_timestamp":696987034311100,"circlet_count":0,"master_deck":["Defend_G","Defend_G","Defend_G","Defend_G","Defend_G","Strike_G","Strike_G","Strike_G","Strike_G","Survivor","Neutralize+1","Noxious Fumes","Noxious Fumes","Backflip","Glass Knife","Footwork","Bane","Doubt","Prepared"],"relics":["Ring of the Snake","Singing Bowl","WingedGreaves","Darkstone Periapt","Turnip","Bottled Flame"],"potions_floor_usage":[6,16,16],"damage_taken":[{"damage":0,"enemies":"Small Slimes","floor":1,"turns":5},{"damage":0,"enemies":"2 Louse","floor":2,"turns":3},{"damage":1,"enemies":"Jaw Worm","floor":5,"turns":5},{"damage":27,"enemies":"Gremlin Nob","floor":6,"turns":5},{"damage":10,"enemies":"Lagavulin","floor":10,"turns":7},{"damage":15,"enemies":"Exordium Thugs","floor":12,"turns":6},{"damage":0,"enemies":"Large Slime","floor":14,"turns":5},{"damage":61,"enemies":"Slime Boss","floor":16,"turns":8}],"seed_played":"7870313092489694226","potions_obtained":[{"floor":1,"key":"Poison Potion"},{"floor":6,"key":"Ancient Potion"},{"floor":10,"key":"GamblersBrew"},{"floor":12,"key":"FearPotion"}],"is_trial":false,"path_per_floor":["M","M","?","?","M","E","$","T","T","E","R","M","?","M","R","B"],"character_chosen":"THE_SILENT","items_purchased":[],"campfire_rested":2,"item_purchase_floors":[],"current_hp_per_floor":[63,63,63,63,62,35,35,35,35,25,46,31,37,37,59,0],"gold":285,"neow_bonus":"UPGRADE_CARD","is_prod":false,"is_daily":false,"chose_seed":false,"campfire_upgraded":0,"win_rate":0,"timestamp":1559867315,"path_taken":["M","M","?","?","M","E","$","?","T","E","R","?","?","M","R","BOSS"],"build_version":"2019-01-23","purchased_purges":1,"victory":false,"max_hp_per_floor":[70,70,70,70,70,70,70,70,70,70,70,70,76,76,76,76],"card_choices":[{"not_picked":["Blade Dance","Slice"],"picked":"Noxious Fumes","floor":1},{"not_picked":["Flying Knee","Predator"],"picked":"Noxious Fumes","floor":2},{"not_picked":["Outmaneuver","Concentrate"],"picked":"Backflip","floor":5},{"not_picked":["Dagger Throw","Deflect"],"picked":"Glass Knife","floor":6},{"not_picked":["Deadly Poison","Caltrops"],"picked":"Footwork","floor":10},{"not_picked":["Caltrops","Outmaneuver"],"picked":"Bane","floor":12},{"not_picked":["Outmaneuver","Sucker Punch"],"picked":"Prepared","floor":14}],"player_experience":342766,"relics_obtained":[{"floor":6,"key":"WingedGreaves"},{"floor":8,"key":"Darkstone Periapt"},{"floor":9,"key":"Turnip"},{"floor":10,"key":"Bottled Flame"}],"event_choices":[{"cards_removed":["Strike_G"],"damage_healed":0,"gold_gain":0,"player_choice":"Card Removal","damage_taken":0,"max_hp_gain":0,"max_hp_loss":0,"event_name":"The Cleric","floor":3,"gold_loss":50},{"damage_healed":0,"gold_gain":0,"player_choice":"Box","damage_taken":0,"relics_obtained":["Singing Bowl"],"max_hp_gain":0,"max_hp_loss":0,"event_name":"Big Fish","floor":4,"gold_loss":0,"cards_obtained":["Regret"]},{"damage_healed":0,"gold_gain":175,"player_choice":"AGREE","damage_taken":0,"max_hp_gain":0,"max_hp_loss":0,"event_name":"Liars Game","floor":13,"gold_loss":0,"cards_obtained":["Doubt"]}],"is_beta":false,"boss_relics":[],"items_purged_floors":[7],"is_endless":false,"potions_floor_spawned":[1,6,10,12],"killed_by":"Slime Boss","ascension_level":7}