{"gold_per_floor":[110,123,136,155,173,205,216,216,216,250,250,250,277,302,302,374,374,391,403,72,72,72,98,98,98,98,129,147,147,165,184,184,260,260,279,279,279,75,0,0,27,27,27,39,72,72,30,30,30,30,30],"floor_reached":52,"playtime":2062,"items_purged":["Strike_B"],"score":2482,"play_id":"ca13e450-51eb-44aa-a7c7-d20839e9902d","local_time":"20190531015236","is_ascension_mode":true,"campfire_choices":[{"floor":8.0,"key":"REST"},{"data":"Zap","floor":11.0,"key":"SMITH"},{"data":"Doom and Gloom","floor":15.0,"key":"SMITH"},{"data":"Defragment","floor":24.0,"key":"SMITH"},{"data":"Buffer","floor":29.0,"key":"SMITH"},{"data":"Turbo","floor":32.0,"key":"SMITH"},{"data":"Creative AI","floor":40,"key":"SMITH"},{"data":"Beam Cell","floor":46,"key":"SMITH"},{"data":"Capacitor","floor":49,"key":"SMITH"}],"neow_cost":"NONE","seed_source_timestamp":15196233236573,"circlet_count":0,"master_deck":["AscendersBane","Strike_B+1","Defend_B+1","Defend_B+1","Defend_B+1","Defend_B+1","Dualcast","FTL","Sweeping Beam","Glacier","Genetic Algorithm","Self Repair","Go for the Eyes","Turbo+1","Doom and Gloom+1","Hologram+1","Hologram+1","Buffer+1","Gash","Hologram+1","Defragment+1","Coolheaded+1","Streamline","Echo Form","Coolheaded+1","Glacier+1","Undo+1","Creative AI+1","Beam Cell+1","Apotheosis+1","Violence+1","Panacea+1","Enlightenment+1","Hologram+1","Capacitor+1"],"special_seed":0,"relics":["Cracked Core","NeowsBlessing","Shuriken","Thread and Needle","Juzu Bracelet","Toxic Egg 2","FossilizedHelix","Odd Mushroom","Sozu","Orichalcum","Pear","Ornamental Fan","DataDisk","Nuclear Battery","Red Mask","Incense Burner","Omamori","Dodecahedron"],"potions_floor_usage":[],"damage_taken":[{"damage":0.0,"enemies":"Cultist","floor":1.0,"turns":1.0},{"damage":0.0,"enemies":"Jaw Worm","floor":2.0,"turns":1.0},{"damage":0.0,"enemies":"2 Louse","floor":3.0,"turns":1.0},{"damage":9.0,"enemies":"Large Slime","floor":4.0,"turns":7.0},{"damage":8.0,"enemies":"2 Fungi Beasts","floor":5.0,"turns":3.0},{"damage":31.0,"enemies":"Gremlin Nob","floor":6.0,"turns":5.0},{"damage":9.0,"enemies":"Looter","floor":7.0,"turns":3.0},{"damage":4.0,"enemies":"Lagavulin","floor":10.0,"turns":10.0},{"damage":6.0,"enemies":"3 Sentries","floor":13.0,"turns":6.0},{"damage":0.0,"enemies":"The Mushroom Lair","floor":14.0,"turns":3.0},{"damage":0.0,"enemies":"Slime Boss","floor":16.0,"turns":6.0},{"damage":0.0,"enemies":"Spheric Guardian","floor":18.0,"turns":5.0},{"damage":0.0,"enemies":"2 Thieves","floor":19.0,"turns":5.0},{"damage":10.0,"enemies":"Slavers","floor":23.0,"turns":6.0},{"damage":0.0,"enemies":"Book of Stabbing","floor":27.0,"turns":7.0},{"damage":0.0,"enemies":"Centurion and Healer","floor":28.0,"turns":6.0},{"damage":0.0,"enemies":"Snake Plant","floor":30.0,"turns":8.0},{"damage":0.0,"enemies":"Shelled Parasite and Fungi","floor":31.0,"turns":7.0},{"damage":0.0,"enemies":"Champ","floor":33.0,"turns":15.0},{"damage":0.0,"enemies":"3 Shapes","floor":35.0,"turns":5.0},{"damage":0,"enemies":"Nemesis","floor":41,"turns":11},{"damage":0,"enemies":"Orb Walker","floor":44,"turns":3},{"damage":0,"enemies":"Reptomancer","floor":45,"turns":7},{"damage":0,"enemies":"Time Eater","floor":50,"turns":11},{"damage":0,"enemies":"Awakened One","floor":51,"turns":16}],"seed_played":"6108242920511817800","potions_obtained":[{"floor":3.0,"key":"Block Potion"},{"floor":5.0,"key":"GamblersBrew"},{"floor":14.0,"key":"Swift Potion"}],"is_trial":false,"path_per_floor":["M","M","M","M","M","E","M","R","T","E","R","?","E","?","R","B",null,"M","M","$","?","$","E","R","?","T","E","M","R","M","M","R","B",null,"M","?","?","$","?","R","E","?","T","M","E","R","$","?","R","B","B",null],"character_chosen":"DEFECT","items_purchased":["Defragment","Orichalcum","Apotheosis+1","Capacitor"],"campfire_rested":1,"item_purchase_floors":[20,20,38,47],"current_hp_per_floor":[64,64,64,55,47,23,21,42,42,45,45,45,46,46,46,53,67,71,71,71,71,71,78,78,78,78,78,81,81,81,81,81,81,81,81,81,81,81,81,81,81,71,71,71,78,78,78,81,81,81,81],"gold":30,"neow_bonus":"THREE_ENEMY_KILL","is_prod":false,"is_daily":false,"chose_seed":false,"campfire_upgraded":8,"win_rate":0,"timestamp":1559260356,"path_taken":["M","M","M","M","M","E","M","R","T","E","R","?","E","?","R","BOSS","M","M","$","?","$","E","R","?","T","E","M","R","M","M","R","BOSS","M","?","?","$","?","R","E","?","T","M","E","R","$","?","R","BOSS","BOSS"],"build_version":"2019-05-28","purchased_purges":1,"victory":true,"max_hp_per_floor":[71,71,71,71,71,71,71,71,71,71,71,71,71,71,71,71,71,71,71,71,71,71,81,81,81,81,81,81,81,81,81,81,81,81,81,81,81,81,81,81,81,81,81,81,81,81,81,81,81,81,81],"card_choices":[{"not_picked":["Compile Driver","Rebound"],"picked":"FTL","floor":1.0},{"not_picked":["Rebound","Turbo"],"picked":"Sweeping Beam","floor":2.0},{"not_picked":["Beam Cell","Rebound"],"picked":"Glacier","floor":3.0},{"not_picked":["FTL","Coolheaded"],"picked":"Genetic Algorithm","floor":4.0},{"not_picked":["Leap","Barrage"],"picked":"Self Repair","floor":5.0},{"not_picked":["Rebound","Reboot"],"picked":"Go for the Eyes","floor":6.0},{"not_picked":["Redo","Gash"],"picked":"Turbo","floor":7.0},{"not_picked":["Heatsinks","Turbo"],"picked":"Doom and Gloom","floor":10.0},{"not_picked":["Gash","Sweeping Beam"],"picked":"Hologram+1","floor":13.0},{"not_picked":["Conserve Battery+1","Go for the Eyes"],"picked":"Hologram+1","floor":14.0},{"not_picked":["Hyperbeam","Seek+1"],"picked":"Buffer","floor":16.0},{"not_picked":["Aggregate+1","Hologram+1"],"picked":"Gash","floor":18.0},{"not_picked":["Reinforced Body+1","Turbo+1"],"picked":"Hologram+1","floor":19.0},{"not_picked":["Reboot+1","Cold Snap"],"picked":"Coolheaded+1","floor":23.0},{"not_picked":["Sweeping Beam","Self Repair"],"picked":"Coolheaded+1","floor":27.0},{"not_picked":["Cold Snap","Redo+1"],"picked":"Glacier+1","floor":28.0},{"not_picked":["Sweeping Beam","Go for the Eyes"],"picked":"Undo+1","floor":30.0},{"not_picked":["Ball Lightning","Turbo+1","Cold Snap"],"picked":"SKIP","floor":31.0},{"not_picked":["Multi-Cast+1","Biased Cognition"],"picked":"Creative AI","floor":33.0},{"not_picked":["Recycle+1","White Noise+1"],"picked":"Beam Cell","floor":35.0},{"not_picked":["Conserve Battery+1","Rebound","Hello World"],"picked":"SKIP","floor":41},{"not_picked":["Deep Breath+1","Finesse+1"],"picked":"Violence+1","floor":42},{"not_picked":["Chrysalis+1","Madness+1"],"picked":"Panacea+1","floor":42},{"not_picked":["Mind Blast","Bandage Up+1"],"picked":"Enlightenment+1","floor":42},{"not_picked":["Ball Lightning","Reinforced Body+1"],"picked":"Hologram+1","floor":44},{"not_picked":["Conserve Battery+1","Melter+1","Barrage"],"picked":"SKIP","floor":45}],"player_experience":1632075,"relics_obtained":[{"floor":6.0,"key":"Shuriken"},{"floor":9.0,"key":"Thread and Needle"},{"floor":10.0,"key":"Juzu Bracelet"},{"floor":13.0,"key":"FossilizedHelix"},{"floor":14.0,"key":"Odd Mushroom"},{"floor":23.0,"key":"Pear"},{"floor":26.0,"key":"Ornamental Fan"},{"floor":27.0,"key":"DataDisk"},{"floor":41,"key":"Incense Burner"},{"floor":43,"key":"Omamori"},{"floor":45,"key":"Dodecahedron"}],"event_choices":[{"damage_healed":0.0,"max_hp_gain":0.0,"max_hp_loss":0.0,"gold_gain":0.0,"event_name":"Dead Adventurer","player_choice":"Searched \u00271\u0027 times","floor":12.0,"gold_loss":0.0,"damage_taken":0.0,"relics_obtained":["Toxic Egg 2"]},{"damage_healed":0.0,"max_hp_gain":0.0,"max_hp_loss":0.0,"gold_gain":0.0,"event_name":"Mushrooms","player_choice":"Fought Mushrooms","floor":14.0,"gold_loss":0.0,"damage_taken":0.0},{"damage_healed":0.0,"max_hp_gain":0.0,"max_hp_loss":0.0,"gold_gain":0.0,"event_name":"Back to Basics","player_choice":"Simplicity","floor":21.0,"gold_loss":0.0,"damage_taken":0.0,"cards_upgraded":["Strike_B","Strike_B","Strike_B","Defend_B","Defend_B","Defend_B","Defend_B"]},{"damage_healed":0.0,"max_hp_gain":0.0,"max_hp_loss":0.0,"gold_gain":0.0,"cards_transformed":["Strike_B","Strike_B"],"event_name":"Drug Dealer","player_choice":"Became Test Subject","floor":25.0,"gold_loss":0.0,"damage_taken":0.0,"cards_obtained":["Streamline","Echo Form"]},{"cards_removed":["Zap"],"damage_healed":0.0,"max_hp_gain":0.0,"max_hp_loss":0.0,"gold_gain":0.0,"event_name":"Falling","player_choice":"Removed Skill","floor":36.0,"gold_loss":0.0,"damage_taken":0.0},{"damage_healed":0,"gold_gain":0,"player_choice":"Ignored","damage_taken":0,"max_hp_gain":0,"max_hp_loss":0,"event_name":"Mysterious Sphere","floor":37,"gold_loss":0},{"damage_healed":0,"gold_gain":0,"player_choice":"Paid","damage_taken":0,"relics_obtained":["Red Mask"],"max_hp_gain":0,"max_hp_loss":0,"event_name":"Tomb of Lord Red Mask","floor":39,"gold_loss":75},{"damage_healed":0,"gold_gain":0,"player_choice":"Memory 3","damage_taken":10,"max_hp_gain":0,"max_hp_loss":0,"event_name":"SensoryStone","floor":42,"gold_loss":0},{"damage_healed":16,"gold_gain":0,"player_choice":"Writhe","damage_taken":0,"max_hp_gain":0,"max_hp_loss":0,"event_name":"Winding Halls","floor":48,"gold_loss":0,"cards_obtained":["Writhe"]}],"is_beta":true,"boss_relics":[{"not_picked":["Runic Dome","Cursed Key"],"picked":"Sozu"},{"not_picked":["Tiny House","Black Star"],"picked":"Nuclear Battery"}],"items_purged_floors":[20],"is_endless":false,"potions_floor_spawned":[3,5,14,18,19,28,33,44],"ascension_level":20}