{"gold_per_floor":[113,113,30,46,46,78,103,115,153,199,221,14,114,127,127,222,222,235,10,24,24,24,51,61,61,115,115,115,128,128,148,148,253,253,263,19,36,50,68,68,68,68,142,142,20,35,48,3,3,3],"floor_reached":50,"playtime":4039,"items_purged":["Strike_R"],"score":572,"play_id":"8a9bd96c-b6c9-41eb-bea3-a180a8ab2d0b","local_time":"20190626002952","is_ascension_mode":false,"campfire_choices":[{"floor":8,"key":"REST"},{"floor":15,"key":"REST"},{"floor":27,"key":"REST"},{"data":"Flex","floor":30,"key":"SMITH"},{"data":"Armaments","floor":32,"key":"SMITH"},{"floor":40,"key":"REST"},{"data":"Decay","floor":42,"key":"PURGE"},{"data":"Decay","floor":49,"key":"PURGE"}],"neow_cost":"","seed_source_timestamp":1487476812469800,"circlet_count":0,"master_deck":["Strike_R","Strike_R+1","Strike_R","Defend_R","Defend_R","Defend_R","Defend_R","Bash+1","Anger","Twin Strike","Madness","Cleave","Shrug It Off","Flex","Dual Wield","Clash","Armaments+1","Impervious","Armaments+1","Infernal Blade+1","Shame","Fire Breathing","True Grit+1","RitualDagger","Flex+1","Shrug It Off","Impervious","Clash+1","Dual Wield+1","Flex+1","Clash","Doubt","Mind Blast","Cleave","Flex+1","Pommel Strike+1","Clash"],"relics":["Burning Blood","MawBank","Bronze Scales","Mummified Hand","PreservedInsect","Cursed Key","Lantern","Peace Pipe","Bag of Preparation","Ginger","Whetstone","Fusion Hammer","Anchor","Self Forming Clay"],"potions_floor_usage":[16,16,16,29,33,33,37,37,39,50,50],"damage_taken":[{"damage":5,"enemies":"Small Slimes","floor":1,"turns":5},{"damage":1,"enemies":"Cultist","floor":4,"turns":3},{"damage":44,"enemies":"Gremlin Nob","floor":6,"turns":5},{"damage":7,"enemies":"2 Louse","floor":7,"turns":2},{"damage":22,"enemies":"3 Sentries","floor":10,"turns":6},{"damage":1,"enemies":"Gremlin Gang","floor":11,"turns":3},{"damage":7,"enemies":"Blue Slaver","floor":14,"turns":2},{"damage":49,"enemies":"The Guardian","floor":16,"turns":10},{"damage":2,"enemies":"Shell Parasite","floor":18,"turns":5},{"damage":0,"enemies":"Chosen","floor":20,"turns":4},{"damage":3,"enemies":"Slavers","floor":23,"turns":3},{"damage":27,"enemies":"Shelled Parasite and Fungi","floor":24,"turns":5},{"damage":7,"enemies":"3 Cultists","floor":29,"turns":5},{"damage":10,"enemies":"Cultist and Chosen","floor":31,"turns":4},{"damage":18,"enemies":"Champ","floor":33,"turns":11},{"damage":15,"enemies":"3 Darklings","floor":35,"turns":6},{"damage":17,"enemies":"Orb Walker","floor":37,"turns":4},{"damage":38,"enemies":"Spire Growth","floor":38,"turns":6},{"damage":41,"enemies":"Writhing Mass","floor":39,"turns":5},{"damage":7,"enemies":"3 Darklings","floor":46,"turns":5},{"damage":8,"enemies":"Sphere and 2 Shapes","floor":47,"turns":5},{"damage":92,"enemies":"Awakened One","floor":50,"turns":10}],"seed_played":"5818317202516748946","potions_obtained":[{"floor":6,"key":"EssenceOfSteel"},{"floor":10,"key":"SteroidPotion"},{"floor":11,"key":"EssenceOfSteel"},{"floor":16,"key":"Weak Potion"},{"floor":23,"key":"GamblersBrew"},{"floor":28,"key":"FairyPotion"},{"floor":28,"key":"Block Potion"},{"floor":28,"key":"PowerPotion"},{"floor":31,"key":"AttackPotion"},{"floor":38,"key":"Poison Potion"},{"floor":46,"key":"Strength Potion"}],"is_trial":false,"path_per_floor":["M","?","$","M","?","E","M","R","T","E","M","$","?","M","R","B",null,"M","$","M","?","?","E","M","?","T","R","?","M","R","M","R","B",null,"M","$","M","M","M","R","?","R","T","?","$","M","M","$","R","B"],"character_chosen":"IRONCLAD","items_purchased":["Madness","PreservedInsect","Lantern","EssenceOfSteel","Anchor","PowerPotion","Block Potion","Regen Potion","Cleave","Clash"],"campfire_rested":4,"item_purchase_floors":[3,12,19,19,36,36,36,45,45,48],"current_hp_per_floor":[80,80,80,80,80,42,41,65,65,49,54,54,54,53,77,34,80,80,80,80,80,80,80,59,53,53,77,77,76,76,72,72,60,80,71,71,60,28,7,31,80,80,80,80,80,79,77,77,77,0],"gold":3,"neow_bonus":"","is_prod":false,"is_daily":false,"chose_seed":false,"campfire_upgraded":2,"win_rate":0.0,"timestamp":1561523392,"path_taken":["M","?","$","?","?","E","M","R","T","E","M","$","?","?","R","BOSS","M","?","M","?","?","E","?","?","T","R","?","M","R","M","R","BOSS","M","$","M","?","M","R","?","R","T","?","?","M","M","$","R","BOSS"],"build_version":"2019-01-23","purchased_purges":1,"victory":false,"max_hp_per_floor":[80,80,80,80,80,80,80,80,80,80,80,80,80,80,80,80,80,80,80,80,80,80,80,80,80,80,80,80,80,80,80,80,80,80,80,80,80,80,80,80,80,80,80,80,80,80,80,80,80,80],"card_choices":[{"not_picked":["Infernal Blade","Reckless Charge"],"picked":"Anger","floor":1},{"not_picked":["Thunderclap","Bloodletting"],"picked":"Cleave","floor":4},{"not_picked":["Battle Trance","Uppercut"],"picked":"Shrug It Off","floor":6},{"not_picked":["Dropkick","Corruption"],"picked":"Flex","floor":7},{"not_picked":["Reckless Charge","Carnage"],"picked":"Dual Wield","floor":10},{"not_picked":["Clothesline","Bloodletting"],"picked":"Clash","floor":11},{"not_picked":["Thunderclap","Burning Pact"],"picked":"Armaments","floor":14},{"not_picked":["Offering","Juggernaut"],"picked":"Impervious","floor":16},{"not_picked":["Clothesline","Shrug It Off"],"picked":"Armaments+1","floor":18},{"not_picked":["Disarm+1","Twin Strike"],"picked":"Infernal Blade+1","floor":20},{"not_picked":["Carnage","Power Through"],"picked":"Fire Breathing","floor":23},{"not_picked":["Thunderclap","Burning Pact"],"picked":"True Grit+1","floor":24},{"not_picked":["Clash","Thunderclap"],"picked":"Flex","floor":29},{"not_picked":["Cleave","Body Slam"],"picked":"Shrug It Off","floor":31},{"not_picked":["Juggernaut","Fiend Fire"],"picked":"Impervious","floor":33},{"not_picked":["Clothesline+1","Pommel Strike"],"picked":"Clash+1","floor":35},{"not_picked":["Sword Boomerang","Headbutt"],"picked":"Dual Wield+1","floor":37},{"not_picked":["Feel No Pain","Seeing Red"],"picked":"Flex+1","floor":38},{"not_picked":["Power Through","Demon Form"],"picked":"Clash","floor":39},{"not_picked":["Master of Strategy","Trip"],"picked":"Mind Blast","floor":44},{"not_picked":["Twin Strike+1","Corruption"],"picked":"Flex+1","floor":46},{"not_picked":["Searing Blow","Anger"],"picked":"Pommel Strike+1","floor":47}],"player_experience":0,"relics_obtained":[{"floor":6,"key":"MawBank"},{"floor":9,"key":"Bronze Scales"},{"floor":10,"key":"Mummified Hand"},{"floor":23,"key":"Ginger"},{"floor":26,"key":"Whetstone"},{"floor":43,"key":"Self Forming Clay"}],"event_choices":[{"damage_healed":0,"gold_gain":0,"cards_transformed":["Strike_R"],"player_choice":"Transformed","damage_taken":0,"max_hp_gain":0,"max_hp_loss":0,"event_name":"Transmorgrifier","floor":2,"gold_loss":0,"cards_obtained":["Twin Strike"]},{"damage_healed":0,"gold_gain":0,"player_choice":"Ignored","damage_taken":0,"max_hp_gain":0,"max_hp_loss":0,"event_name":"Golden Idol","floor":5,"gold_loss":0},{"damage_healed":0,"gold_gain":100,"player_choice":"Gold","damage_taken":0,"max_hp_gain":0,"max_hp_loss":0,"event_name":"Wheel of Change","floor":13,"gold_loss":0},{"damage_healed":0,"gold_gain":0,"player_choice":"Stole Relic","damage_taken":0,"relics_obtained":["Peace Pipe"],"max_hp_gain":0,"max_hp_loss":0,"event_name":"Addict","floor":21,"gold_loss":0,"cards_obtained":["Shame"]},{"damage_healed":0,"gold_gain":0,"player_choice":"Gave Potion","damage_taken":0,"relics_obtained":["Bag of Preparation"],"max_hp_gain":0,"max_hp_loss":0,"event_name":"WeMeetAgain","floor":22,"gold_loss":0},{"damage_healed":0,"gold_gain":0,"player_choice":"Joined the Cult","damage_taken":6,"max_hp_gain":0,"max_hp_loss":0,"event_name":"Nest","floor":25,"gold_loss":0,"cards_obtained":["RitualDagger"]},{"damage_healed":0,"gold_gain":0,"player_choice":"Got Potions","damage_taken":0,"max_hp_gain":0,"max_hp_loss":0,"event_name":"Lab","floor":28,"gold_loss":0},{"damage_healed":49,"gold_gain":0,"player_choice":"Heal","damage_taken":0,"max_hp_gain":0,"max_hp_loss":0,"event_name":"MindBloom","floor":41,"gold_loss":0,"cards_obtained":["Doubt"]},{"damage_healed":0,"gold_gain":0,"player_choice":"Memory 1","damage_taken":0,"max_hp_gain":0,"max_hp_loss":0,"event_name":"SensoryStone","floor":44,"gold_loss":0}],"is_beta":false,"boss_relics":[{"not_picked":["Astrolabe","Mark of Pain"],"picked":"Cursed Key"},{"not_picked":["Busted Crown","Eternal Feather"],"picked":"Fusion Hammer"}],"items_purged_floors":[12],"is_endless":false,"potions_floor_spawned":[6,10,11,16,23,31,38,46],"killed_by":"Awakened One","ascension_level":0}