{"gold_per_floor":[113,38,113,132,132,132,165,178,178,213,240,94,94,110,110,205,205,217,252,252,49,64,123,141,168,168,183,214,227,238,251,251,346,346,364,439,454,466,19,19,33,59,71,83,126,157,169,181,193,205],"floor_reached":51,"playtime":2564,"items_purged":["Strike_B","Defend_B","Defend_B","Strike_B"],"score":852,"play_id":"7062e1db-4ce6-4a5b-8cdb-6d3e51de1314","local_time":"20190306210104","is_ascension_mode":false,"campfire_choices":[{"data":"Zap","floor":6.0,"key":"SMITH"},{"data":"Coolheaded","floor":13.0,"key":"SMITH"},{"data":"Gash","floor":15.0,"key":"SMITH"},{"data":"Hologram","floor":32,"key":"SMITH"},{"data":"FTL","floor":40,"key":"SMITH"},{"data":"Defragment","floor":44,"key":"SMITH"},{"data":"Blizzard","floor":49,"key":"SMITH"}],"neow_cost":"NONE","seed_source_timestamp":422031373437030,"circlet_count":0,"master_deck":["Strike_B","Defend_B+1","Defend_B+1","Zap+1","Dualcast+1","Gash+1","Self Repair","Coolheaded+1","Gash+1","Fission","Compile Driver","Coolheaded+1","FTL+1","Gash","Redo+1","Beam Cell+1","Hologram+1","Go for the Eyes","Thunder Strike","Defragment+1","Skim","Blizzard+1"],"special_seed":0,"relics":["FrozenCore","NeowsBlessing","Mercury Hourglass","Meat on the Bone","Pear","War Paint","Red Mask","Tiny Chest","Ancient Tea Set","Darkstone Periapt","Dream Catcher","White Beast Statue","Gremlin Horn","Blood Vial","Bronze Scales","MawBank","Bottled Flame","Girya","Omamori"],"potions_floor_usage":[28,33,42,46,50,50,50],"damage_taken":[{"damage":0.0,"enemies":"Jaw Worm","floor":1.0,"turns":1.0},{"damage":0.0,"enemies":"Small Slimes","floor":4.0,"turns":1.0},{"damage":0.0,"enemies":"Gremlin Nob","floor":7.0,"turns":1.0},{"damage":1.0,"enemies":"Cultist","floor":8.0,"turns":3.0},{"damage":18.0,"enemies":"Lagavulin","floor":10.0,"turns":6.0},{"damage":10.0,"enemies":"Exordium Thugs","floor":14.0,"turns":3.0},{"damage":6.0,"enemies":"Slime Boss","floor":16.0,"turns":9.0},{"damage":2.0,"enemies":"Spheric Guardian","floor":18.0,"turns":4.0},{"damage":15.0,"enemies":"Masked Bandits","floor":19.0,"turns":4.0},{"damage":0.0,"enemies":"3 Byrds","floor":22.0,"turns":3.0},{"damage":8.0,"enemies":"Book of Stabbing","floor":23.0,"turns":4.0},{"damage":16.0,"enemies":"Sentry and Sphere","floor":24.0,"turns":4.0},{"damage":0.0,"enemies":"Gremlin Leader","floor":25.0,"turns":5.0},{"damage":0,"enemies":"Centurion and Healer","floor":27,"turns":4},{"damage":23,"enemies":"Book of Stabbing","floor":28,"turns":5},{"damage":14,"enemies":"Snecko","floor":29,"turns":5},{"damage":17,"enemies":"Snake Plant","floor":30,"turns":3},{"damage":0,"enemies":"3 Cultists","floor":31,"turns":4},{"damage":25,"enemies":"Collector","floor":33,"turns":8},{"damage":34,"enemies":"3 Darklings","floor":35,"turns":7},{"damage":8,"enemies":"Orb Walker","floor":37,"turns":3},{"damage":11,"enemies":"3 Darklings","floor":38,"turns":5},{"damage":15,"enemies":"Spire Growth","floor":41,"turns":5},{"damage":7,"enemies":"Giant Head","floor":42,"turns":7},{"damage":2,"enemies":"Nemesis","floor":45,"turns":5},{"damage":0,"enemies":"4 Shapes","floor":46,"turns":5},{"damage":16,"enemies":"Donu and Deca","floor":50,"turns":9}],"seed_played":"8982193908351591331","potions_obtained":[{"floor":10.0,"key":"Regen Potion"},{"floor":14.0,"key":"SpeedPotion"},{"floor":16.0,"key":"SmokeBomb"},{"floor":18.0,"key":"Poison Potion"},{"floor":19.0,"key":"Poison Potion"},{"floor":28,"key":"LiquidBronze"},{"floor":29,"key":"GamblersBrew"},{"floor":31,"key":"Strength Potion"},{"floor":35,"key":"Ancient Potion"},{"floor":37,"key":"GamblersBrew"},{"floor":42,"key":"FearPotion"},{"floor":46,"key":"EssenceOfSteel"}],"is_trial":false,"path_per_floor":["M","$","?","M","?","R","E","M","T","E","T","$","R","M","R","B",null,"M","?","?","$","M","E","M","E","T","M","E","M","M","M","R","B",null,"M","T","M","M","$","R","M","E","T","R","E","M","T","?","R","B",null],"character_chosen":"DEFECT","items_purchased":["Coolheaded","FTL","Blood Vial","Bronze Scales"],"campfire_rested":0,"item_purchase_floors":[12,21,39,39],"current_hp_per_floor":[75,75,64,64,49,49,49,55,55,66,66,66,66,63,63,64,85,85,77,77,77,84,83,74,85,85,85,69,62,52,59,59,53,85,58,58,57,53,53,53,59,61,61,61,68,77,77,95,95,86],"gold":217,"neow_bonus":"THREE_ENEMY_KILL","is_prod":false,"is_daily":false,"chose_seed":false,"campfire_upgraded":7,"win_rate":0.0,"timestamp":1551902464,"path_taken":["M","$","?","M","?","R","E","M","T","E","?","$","R","M","R","BOSS","M","?","?","?","M","E","M","E","T","M","E","M","?","M","R","BOSS","M","?","M","M","$","R","M","E","T","R","E","M","?","?","R","BOSS"],"build_version":"2019-01-23","purchased_purges":4,"victory":true,"max_hp_per_floor":[75,75,75,75,75,75,75,75,75,85,85,85,85,85,85,85,85,85,85,85,85,85,85,85,85,85,85,85,85,85,85,85,85,85,85,85,85,85,85,85,85,85,85,85,85,85,85,95,95,95],"card_choices":[{"not_picked":["Redo","BootSequence"],"picked":"Gash","floor":1.0},{"not_picked":["Barrage","Cold Snap"],"picked":"Self Repair","floor":4.0},{"not_picked":["Ball Lightning","Compile Driver","Stack"],"picked":"SKIP","floor":7.0},{"not_picked":["Aggregate","Storm","Hello World"],"picked":"SKIP","floor":8.0},{"not_picked":["Compile Driver","Stack","Conserve Battery"],"picked":"SKIP","floor":10.0},{"not_picked":["Go for the Eyes","Streamline"],"picked":"Gash","floor":14.0},{"not_picked":["Creative AI","Biased Cognition"],"picked":"Fission","floor":16.0},{"not_picked":["Darkness+1","Loop"],"picked":"Compile Driver","floor":18.0},{"not_picked":["Static Discharge","Beam Cell"],"picked":"Coolheaded+1","floor":19.0},{"not_picked":["Conserve Battery+1","Coolheaded+1"],"picked":"Gash","floor":22.0},{"not_picked":["Tempest","Ball Lightning+1","Conserve Battery"],"picked":"SKIP","floor":23.0},{"not_picked":["Gash","Tempest"],"picked":"Redo+1","floor":24.0},{"not_picked":["Fission","Conserve Battery","Rainbow"],"picked":"SKIP","floor":25.0},{"not_picked":["Conserve Battery","Steam"],"picked":"Beam Cell+1","floor":27},{"not_picked":["Glacier","Steam Power+1"],"picked":"Hologram","floor":28},{"not_picked":["Fusion","Lockon","Reprogram+1"],"picked":"SKIP","floor":29},{"not_picked":["Barrage","Consume"],"picked":"Go for the Eyes","floor":30},{"not_picked":["Self Repair","Sweeping Beam","Leap+1"],"picked":"SKIP","floor":31},{"not_picked":["Amplify","Seek"],"picked":"Thunder Strike","floor":33},{"not_picked":["Streamline","Go for the Eyes+1"],"picked":"Defragment","floor":35},{"not_picked":["Gash+1","Streamline"],"picked":"Skim","floor":37},{"not_picked":["Streamline","Coolheaded+1","Chaos+1"],"picked":"SKIP","floor":38},{"not_picked":["Sweeping Beam","Gash+1","Force Field"],"picked":"SKIP","floor":41},{"not_picked":["Auto Shields","Coolheaded+1","Redo+1"],"picked":"SKIP","floor":42},{"not_picked":["Tempest","Conserve Battery"],"picked":"Buffer","floor":45},{"not_picked":["Coolheaded+1","Redo"],"picked":"Blizzard","floor":46}],"player_experience":13490,"relics_obtained":[{"floor":7.0,"key":"Mercury Hourglass"},{"floor":9.0,"key":"Meat on the Bone"},{"floor":10.0,"key":"Pear"},{"floor":11.0,"key":"War Paint"},{"floor":19.0,"key":"Red Mask"},{"floor":23.0,"key":"Tiny Chest"},{"floor":25.0,"key":"Ancient Tea Set"},{"floor":26.0,"key":"Darkstone Periapt"},{"floor":28,"key":"Dream Catcher"},{"floor":36,"key":"Gremlin Horn"},{"floor":42,"key":"MawBank"},{"floor":43,"key":"Bottled Flame"},{"floor":45,"key":"Girya"},{"floor":47,"key":"Omamori"}],"event_choices":[{"damage_healed":0.0,"max_hp_gain":0.0,"max_hp_loss":0.0,"gold_gain":75.0,"event_name":"World of Goop","player_choice":"Gather Gold","floor":3.0,"gold_loss":0.0,"damage_taken":11.0},{"damage_healed":0.0,"max_hp_gain":0.0,"max_hp_loss":0.0,"gold_gain":0.0,"event_name":"Shining Light","player_choice":"Entered Light","floor":5.0,"gold_loss":0.0,"damage_taken":15.0,"cards_upgraded":["Defend_B","Gash"]},{"damage_healed":0.0,"max_hp_gain":0.0,"max_hp_loss":0.0,"gold_gain":0.0,"event_name":"Masked Bandits","player_choice":"Fought Bandits","floor":19.0,"gold_loss":0.0,"damage_taken":0.0},{"cards_removed":["Strike_B"],"damage_healed":0.0,"max_hp_gain":0.0,"max_hp_loss":0.0,"gold_gain":0.0,"event_name":"Back to Basics","player_choice":"Elegance","floor":20.0,"gold_loss":0.0,"damage_taken":0.0},{"cards_removed":["Buffer"],"damage_healed":8,"gold_gain":0,"player_choice":"Offered Rare","damage_taken":0,"max_hp_gain":10,"max_hp_loss":0,"event_name":"Bonfire Elementals","floor":48,"gold_loss":0}],"is_beta":false,"boss_relics":[{"not_picked":["Nuclear Battery","Snecko Eye"],"picked":"FrozenCore"},{"not_picked":["Philosopher\u0027s Stone","Tiny House"],"picked":"White Beast Statue"}],"items_purged_floors":[2,12,21,39],"is_endless":false,"potions_floor_spawned":[10,14,16,18,19,28,29,31,35,37,38,41,42,45,46],"ascension_level":0}