{"gold_per_floor":[16,16,16,41,59,59,79,113,113,38,38,38,38,53,53,53],"floor_reached":16,"playtime":611,"items_purged":["Pain"],"score":200,"play_id":"83db70b7-2cf8-47cc-b8e3-c3608eae7ac9","local_time":"20190630175237","is_ascension_mode":true,"campfire_choices":[{"floor":6.0,"key":"REST"},{"data":"Bash","floor":11,"key":"SMITH"},{"floor":13,"key":"REST"},{"floor":15,"key":"REST"}],"neow_cost":"NO_GOLD","seed_source_timestamp":926885514307900,"circlet_count":0,"master_deck":["AscendersBane","Strike_R","Strike_R","Strike_R","Strike_R","Strike_R","Defend_R","Defend_R","Defend_R","Defend_R","Bash+1","Battle Trance","Feel No Pain","Blood for Blood","Headbutt","Inflame"],"special_seed":0,"relics":["Burning Blood","WingedGreaves","Golden Idol","WarpedTongs","Art of War","Ancient Tea Set","Blue Candle"],"potions_floor_usage":[8,8],"damage_taken":[{"damage":2.0,"enemies":"Cultist","floor":1.0,"turns":4.0},{"damage":21.0,"enemies":"Jaw Worm","floor":4.0,"turns":7.0},{"damage":8.0,"enemies":"2 Louse","floor":5.0,"turns":3.0},{"damage":18.0,"enemies":"Looter","floor":7.0,"turns":4.0},{"damage":8,"enemies":"Gremlin Nob","floor":8,"turns":3},{"damage":5,"enemies":"Gremlin Gang","floor":14,"turns":6},{"damage":51,"enemies":"Hexaghost","floor":16,"turns":9}],"seed_played":"-5219827875352708727","potions_obtained":[{"floor":1.0,"key":"Swift Potion"},{"floor":5.0,"key":"PowerPotion"}],"is_trial":false,"path_per_floor":["M","?","?","M","M","R","M","E","T","$","R","?","R","M","R","B"],"character_chosen":"IRONCLAD","items_purchased":[],"campfire_rested":3,"item_purchase_floors":[],"current_hp_per_floor":[72,46,46,31,29,51,39,37,37,37,37,2,24,25,47,0],"gold":53,"neow_bonus":"ONE_RARE_RELIC","is_prod":false,"is_daily":false,"chose_seed":false,"campfire_upgraded":1,"win_rate":0,"timestamp":1561931557,"path_taken":["M","?","?","M","?","R","M","E","T","$","R","?","R","M","R","BOSS"],"build_version":"2019-06-29","purchased_purges":1,"victory":false,"max_hp_per_floor":[75,75,75,75,75,75,75,75,75,75,75,75,75,75,75,75],"card_choices":[{"not_picked":["Rage","Clash"],"picked":"Battle Trance","floor":1.0},{"not_picked":["Uppercut","Sever Soul"],"picked":"Feel No Pain","floor":4.0},{"not_picked":["Havoc","Rage","Dropkick"],"picked":"SKIP","floor":5.0},{"not_picked":["Havoc","Rage","Dropkick"],"picked":"SKIP","floor":5.0},{"not_picked":["Spot Weakness","Perfected Strike"],"picked":"Blood for Blood","floor":7.0},{"not_picked":["Heavy Blade","Havoc"],"picked":"Headbutt","floor":8},{"not_picked":["Feed","Armaments"],"picked":"Inflame","floor":14}],"player_experience":512063,"relics_obtained":[{"floor":8,"key":"Art of War"},{"floor":9,"key":"Ancient Tea Set"}],"event_choices":[{"damage_healed":0.0,"max_hp_gain":0.0,"max_hp_loss":0.0,"gold_gain":0.0,"event_name":"Golden Idol","player_choice":"Take Damage","floor":2.0,"gold_loss":0.0,"damage_taken":26.0,"relics_obtained":["Golden Idol"]},{"damage_healed":0.0,"max_hp_gain":0.0,"max_hp_loss":0.0,"gold_gain":0.0,"event_name":"Accursed Blacksmith","player_choice":"Rummage","floor":3.0,"gold_loss":0.0,"damage_taken":0.0,"relics_obtained":["WarpedTongs"],"cards_obtained":["Pain"]},{"damage_healed":0,"gold_gain":0,"player_choice":"Success","damage_taken":35,"relics_obtained":["Blue Candle"],"max_hp_gain":0,"max_hp_loss":0,"event_name":"Scrap Ooze","floor":12,"gold_loss":0}],"is_beta":true,"boss_relics":[],"items_purged_floors":[10],"is_endless":false,"potions_floor_spawned":[1,5,7],"killed_by":"Hexaghost","ascension_level":20}