{"gold_per_floor":[111,129,24,24,42,42,82,82,82,82,122,122,136,136,136,231,231,252,271,171,151,167,167,5,43,43,0,0,16,16,35,35,131,131,151,164,2,2,0,0,40,58,81,94,94],"floor_reached":45,"playtime":1718,"items_purged":["Strike_B","Defend_B"],"score":1020,"play_id":"81b244df-ec45-4c49-8d7f-2d7c2d9233f1","local_time":"20190620025216","is_ascension_mode":true,"campfire_choices":[{"data":"Zap","floor":6.0,"key":"SMITH"},{"data":"Thunder Strike","floor":10.0,"key":"SMITH"},{"floor":15.0,"key":"REST"},{"floor":23,"key":"REST"},{"floor":28,"key":"REST"},{"floor":32,"key":"REST"},{"data":"White Noise","floor":40,"key":"SMITH"}],"neow_cost":"NONE","seed_source_timestamp":470646876786313,"circlet_count":0,"master_deck":["AscendersBane","Strike_B","Defend_B","Defend_B","Defend_B","Zap+1","Dualcast","Undo","Ball Lightning","Sweeping Beam","Thunder Strike+1","Static Discharge","Ball Lightning","Echo Form","Reinforced Body","Conserve Battery","Beam Cell","White Noise+1","Echo Form","Electrodynamics","White Noise+1","Seek","Tempest","Reinforced Body"],"special_seed":0,"relics":["Cracked Core","Golden Idol","Question Card","PreservedInsect","Symbiotic Virus","Ornamental Fan","Philosopher\u0027s Stone","Bag of Preparation","Mummified Hand","Prayer Wheel","Runic Dome","Lantern","Red Mask","Omamori"],"potions_floor_usage":[19,22,25,31,31],"damage_taken":[{"damage":12.0,"enemies":"Small Slimes","floor":1.0,"turns":3.0},{"damage":2.0,"enemies":"Jaw Worm","floor":2.0,"turns":4.0},{"damage":0.0,"enemies":"2 Louse","floor":5.0,"turns":2.0},{"damage":7.0,"enemies":"3 Sentries","floor":7.0,"turns":7.0},{"damage":0.0,"enemies":"Lagavulin","floor":11.0,"turns":4.0},{"damage":9.0,"enemies":"Red Slaver","floor":13.0,"turns":3.0},{"damage":0.0,"enemies":"Gremlin Gang","floor":14.0,"turns":1.0},{"damage":44,"enemies":"Slime Boss","floor":16,"turns":7},{"damage":0,"enemies":"Spheric Guardian","floor":18,"turns":3},{"damage":10,"enemies":"Shell Parasite","floor":19,"turns":4},{"damage":4,"enemies":"Centurion and Healer","floor":22,"turns":5},{"damage":30,"enemies":"Slavers","floor":25,"turns":4},{"damage":16,"enemies":"Shelled Parasite and Fungi","floor":29,"turns":4},{"damage":0,"enemies":"Sentry and Sphere","floor":31,"turns":3},{"damage":32,"enemies":"Champ","floor":33,"turns":6},{"damage":28,"enemies":"3 Shapes","floor":35,"turns":3},{"damage":0,"enemies":"Orb Walker","floor":36,"turns":3},{"damage":0,"enemies":"Giant Head","floor":41,"turns":5},{"damage":5,"enemies":"4 Shapes","floor":42,"turns":3},{"damage":6,"enemies":"Maw","floor":44,"turns":4},{"damage":44,"enemies":"Nemesis","floor":45,"turns":4}],"seed_played":"2504746433313791368","potions_obtained":[{"floor":1.0,"key":"Block Potion"},{"floor":7.0,"key":"SmokeBomb"},{"floor":13.0,"key":"GamblersBrew"},{"floor":18,"key":"LiquidBronze"},{"floor":19,"key":"Swift Potion"},{"floor":21,"key":"Block Potion"},{"floor":22,"key":"Poison Potion"},{"floor":29,"key":"Fire Potion"},{"floor":41,"key":"Fire Potion"}],"is_trial":false,"path_per_floor":["M","M","$","?","M","R","E","T","T","R","E","?","M","M","R","B",null,"M","M","$","?","M","R","$","E","T","?","R","M","?","M","R","B",null,"M","M","$","?","?","R","E","M","T","M","E"],"character_chosen":"DEFECT","items_purchased":["Ball Lightning","Bag of Preparation","Lantern"],"campfire_rested":4,"item_purchase_floors":[3,24,37],"current_hp_per_floor":[52,50,50,50,50,50,43,43,43,43,43,43,34,34,53,9,50,50,40,40,40,36,55,55,25,25,25,44,28,28,28,47,15,52,24,24,24,52,52,52,52,47,47,41,0],"gold":94,"neow_bonus":"REMOVE_CARD","is_prod":false,"is_daily":false,"chose_seed":false,"campfire_upgraded":3,"win_rate":0,"timestamp":1560991936,"path_taken":["M","M","$","?","M","R","E","?","T","R","E","?","?","M","R","BOSS","M","?","$","?","?","R","$","E","T","?","R","M","?","M","R","BOSS","M","M","$","?","?","R","E","M","T","M","E"],"build_version":"2019-01-23","purchased_purges":2,"victory":false,"max_hp_per_floor":[71,71,71,64,64,64,64,64,64,64,64,64,64,64,64,64,64,64,64,64,64,64,64,64,64,64,64,64,64,64,64,64,64,64,64,64,64,52,52,52,52,52,52,52,52],"card_choices":[{"not_picked":["Skim","Scrape"],"picked":"Undo","floor":1.0},{"not_picked":["Undo","Turbo","Stack"],"picked":"SKIP","floor":2.0},{"not_picked":["Stack","Hello World"],"picked":"Sweeping Beam","floor":5.0},{"not_picked":["Force Field","Cold Snap"],"picked":"Thunder Strike","floor":7.0},{"not_picked":["Undo","Hologram","Self Repair"],"picked":"Static Discharge","floor":11.0},{"not_picked":["Go for the Eyes","FTL","Reinforced Body"],"picked":"Ball Lightning","floor":13.0},{"not_picked":["Machine Learning","Meteor Strike","Buffer"],"picked":"Echo Form","floor":16},{"not_picked":["Gash","Beam Cell","Leap+1"],"picked":"Reinforced Body","floor":18},{"not_picked":["Coolheaded+1","Gash+1","Doom and Gloom","Force Field"],"picked":"SKIP","floor":19},{"not_picked":["Rebound","Capacitor","Reprogram+1","Sweeping Beam"],"picked":"SKIP","floor":22},{"not_picked":["Chill","Heatsinks","Turbo"],"picked":"Conserve Battery","floor":25},{"not_picked":["Leap","Force Field+1","Capacitor"],"picked":"Beam Cell","floor":29},{"not_picked":["Rebound","Cold Snap","Auto Shields"],"picked":"White Noise","floor":29},{"not_picked":["Turbo","Steam","Blizzard"],"picked":"Echo Form","floor":31},{"not_picked":["Steam+1","Go for the Eyes+1","Streamline+1","Blizzard+1"],"picked":"SKIP","floor":31},{"not_picked":["Core Surge","Echo Form","Amplify"],"picked":"Electrodynamics","floor":33},{"not_picked":["Gash","Go for the Eyes","Streamline","Redo"],"picked":"SKIP","floor":35},{"not_picked":["Compile Driver","Barrage+1","Turbo+1","Beam Cell"],"picked":"SKIP","floor":35},{"not_picked":["Reprogram","Chill","Hologram+1"],"picked":"White Noise+1","floor":36},{"not_picked":["Steam","Blizzard","Heatsinks","Capacitor"],"picked":"SKIP","floor":36},{"not_picked":["Compile Driver+1","Stack","Sweeping Beam+1"],"picked":"Seek","floor":41},{"not_picked":["Genetic Algorithm","Ball Lightning","Rebound"],"picked":"Tempest","floor":42},{"not_picked":["Capacitor+1","Redo","Compile Driver","Hologram"],"picked":"SKIP","floor":42},{"not_picked":["Melter","Steam","Rebound"],"picked":"Reinforced Body","floor":44},{"not_picked":["Steam","Rebound","Stack","Lockon"],"picked":"SKIP","floor":44}],"player_experience":609798,"relics_obtained":[{"floor":7.0,"key":"Question Card"},{"floor":8.0,"key":"PreservedInsect"},{"floor":9.0,"key":"Symbiotic Virus"},{"floor":11.0,"key":"Ornamental Fan"},{"floor":25,"key":"Mummified Hand"},{"floor":26,"key":"Prayer Wheel"},{"floor":41,"key":"Omamori"}],"event_choices":[{"damage_healed":0.0,"max_hp_gain":0.0,"max_hp_loss":7.0,"gold_gain":0.0,"event_name":"Golden Idol","player_choice":"Lose Max HP","floor":4.0,"gold_loss":0.0,"damage_taken":0.0,"relics_obtained":["Golden Idol"]},{"cards_removed":["Strike_B"],"damage_healed":0.0,"max_hp_gain":0.0,"max_hp_loss":0.0,"gold_gain":0.0,"event_name":"Bonfire Elementals","player_choice":"Offered Basic","floor":12.0,"gold_loss":0.0,"damage_taken":0.0},{"damage_healed":0,"gold_gain":0,"player_choice":"Bought 1 Potion","damage_taken":0,"max_hp_gain":0,"max_hp_loss":0,"event_name":"The Woman in Blue","floor":21,"gold_loss":0},{"damage_healed":0,"gold_gain":0,"player_choice":"Paid Fearfully","damage_taken":0,"max_hp_gain":0,"max_hp_loss":0,"event_name":"Masked Bandits","floor":27,"gold_loss":43},{"damage_healed":0,"gold_gain":0,"player_choice":"Ignored","damage_taken":0,"max_hp_gain":0,"max_hp_loss":0,"event_name":"Ghosts","floor":30,"gold_loss":0},{"damage_healed":52,"gold_gain":0,"player_choice":"Heal","damage_taken":0,"max_hp_gain":0,"max_hp_loss":12,"event_name":"The Moai Head","floor":38,"gold_loss":0},{"damage_healed":0,"gold_gain":0,"player_choice":"Paid","damage_taken":0,"relics_obtained":["Red Mask"],"max_hp_gain":0,"max_hp_loss":0,"event_name":"Tomb of Lord Red Mask","floor":39,"gold_loss":2}],"is_beta":false,"boss_relics":[{"not_picked":["Eternal Feather","Coffee Dripper"],"picked":"Philosopher\u0027s Stone"},{"not_picked":["Orrery","Lizard Tail"],"picked":"Runic Dome"}],"items_purged_floors":[3,20],"is_endless":false,"potions_floor_spawned":[1,7,13,14,18,19,22,29,41],"killed_by":"Nemesis","ascension_level":19}