{"gold_per_floor":[112,131,143,143,156,188,200,242,333,379,410,422,434,463,475,590,602,631,2,2,2,45,45,124,28,28,28,28,28,43,83,83,184,184,196,34,34,34,34,34,34],"floor_reached":41,"playtime":2211,"items_purged":["Strike_G","Defend_G"],"score":838,"play_id":"31e76791-ef1e-48b0-be68-aa5dd41b6e4a","local_time":"20190617175036","is_ascension_mode":true,"campfire_choices":[{"data":"Backflip","floor":7.0,"key":"SMITH"},{"floor":15.0,"key":"REST"},{"data":"Noxious Fumes","floor":23.0,"key":"SMITH"},{"floor":28.0,"key":"REST"},{"floor":32.0,"key":"REST"},{"data":"Footwork","floor":40,"key":"SMITH"}],"neow_cost":"NONE","seed_source_timestamp":0,"circlet_count":0,"master_deck":["Defend_G","Defend_G","Defend_G","Defend_G","Strike_G","Strike_G+1","Strike_G","Survivor","Neutralize","Tools of the Trade+1","Finisher","Poisoned Stab","Backflip+1","Blade Dance","Dagger Throw","Leg Sweep","Dagger Throw","Poisoned Stab","A Thousand Cuts","Heel Hook","Noxious Fumes+1","HandOfGreed+1","Bane+1","Apotheosis","Bullet Time","Footwork+1","Acrobatics","Neutralize+1","Night Terror"],"special_seed":0,"relics":["Ring of the Snake","MawBank","Prayer Wheel","Mercury Hourglass","Juzu Bracelet","Strawberry","Sozu","Membership Card","Torii","Molten Egg 2","StoneCalendar","Bottled Tornado","Singing Bowl","Bag of Preparation","Empty Cage","Snake Skull"],"potions_floor_usage":[],"damage_taken":[{"damage":0.0,"enemies":"Cultist","floor":1.0,"turns":5.0},{"damage":1.0,"enemies":"Small Slimes","floor":2.0,"turns":4.0},{"damage":4.0,"enemies":"Jaw Worm","floor":3.0,"turns":4.0},{"damage":0.0,"enemies":"Large Slime","floor":5.0,"turns":6.0},{"damage":1.0,"enemies":"3 Sentries","floor":6.0,"turns":10.0},{"damage":0.0,"enemies":"Gremlin Nob","floor":8.0,"turns":2.0},{"damage":9.0,"enemies":"3 Sentries","floor":10.0,"turns":6.0},{"damage":4.0,"enemies":"Red Slaver","floor":11.0,"turns":3.0},{"damage":1.0,"enemies":"Blue Slaver","floor":14.0,"turns":3.0},{"damage":34.0,"enemies":"The Guardian","floor":16.0,"turns":11.0},{"damage":16.0,"enemies":"Spheric Guardian","floor":18.0,"turns":4.0},{"damage":9.0,"enemies":"Shell Parasite","floor":22.0,"turns":5.0},{"damage":32.0,"enemies":"Slavers","floor":24.0,"turns":6.0},{"damage":13.0,"enemies":"Snecko","floor":30.0,"turns":5.0},{"damage":2.0,"enemies":"Cultist and Chosen","floor":31.0,"turns":6.0},{"damage":2.0,"enemies":"Champ","floor":33.0,"turns":9.0},{"damage":10,"enemies":"3 Darklings","floor":35,"turns":6},{"damage":100,"enemies":"Reptomancer","floor":41,"turns":4}],"seed_played":"-2700798489578100653","potions_obtained":[{"floor":2.0,"key":"Fire Potion"},{"floor":5.0,"key":"GhostInAJar"},{"floor":6.0,"key":"SteroidPotion"},{"floor":14.0,"key":"Energy Potion"},{"floor":16.0,"key":"GhostInAJar"}],"is_trial":false,"path_per_floor":["M","M","M","?","M","E","R","E","T","E","M","?","?","M","R","B",null,"M","$","?","?","M","R","E","$","T","?","R","?","M","M","R","B",null,"M","$","?","?","?","R","E"],"character_chosen":"THE_SILENT","items_purchased":["Membership Card","Torii","Noxious Fumes","Molten Egg 2","HandOfGreed+1","Apotheosis","Footwork","Snake Skull"],"campfire_rested":3,"item_purchase_floors":[19,19,19,19,19,25,36,36],"current_hp_per_floor":[63,62,58,44,44,43,43,43,43,34,30,37,37,36,59,25,64,48,48,48,48,39,39,7,7,7,7,30,30,21,23,48,46,75,69,69,71,71,71,71,0],"gold":34,"neow_bonus":"ONE_RANDOM_RARE_CARD","is_prod":false,"is_daily":false,"chose_seed":false,"campfire_upgraded":3,"win_rate":0,"timestamp":1560819036,"path_taken":["M","M","?","?","M","E","R","E","T","E","M","?","?","M","R","BOSS","M","$","?","?","M","R","E","?","T","?","R","?","M","M","R","BOSS","M","$","?","?","?","R","E"],"build_version":"2019-01-23","purchased_purges":2,"victory":false,"max_hp_per_floor":[70,70,70,70,70,70,70,70,70,70,70,77,77,77,77,77,77,77,77,77,77,77,77,77,77,77,77,77,77,81,85,85,85,85,89,89,91,91,91,91,91],"card_choices":[{"not_picked":["Dagger Spray","Outmaneuver"],"picked":"Finisher","floor":1.0},{"not_picked":["PiercingWail","Unload"],"picked":"Poisoned Stab","floor":2.0},{"not_picked":["Bane","Slice"],"picked":"Backflip","floor":3.0},{"not_picked":["Masterful Stab","Quick Slash"],"picked":"Blade Dance","floor":5.0},{"not_picked":["Unload","Slice"],"picked":"Dagger Throw","floor":6.0},{"not_picked":["Sucker Punch","Tactician","Predator"],"picked":"SKIP","floor":8.0},{"not_picked":["Underhanded Strike","Distraction"],"picked":"Leg Sweep","floor":10.0},{"not_picked":["Dodge and Roll","Flying Knee"],"picked":"Dagger Throw","floor":11.0},{"not_picked":["Acrobatics","Outmaneuver","Deflect"],"picked":"SKIP","floor":11.0},{"not_picked":["Prepared","Burst"],"picked":"Poisoned Stab","floor":14.0},{"not_picked":["Backstab","Prepared","Blade Dance"],"picked":"SKIP","floor":14.0},{"not_picked":["Doppelganger","Unload"],"picked":"A Thousand Cuts","floor":16.0},{"not_picked":["Backflip","Caltrops"],"picked":"Heel Hook","floor":18.0},{"not_picked":["Sucker Punch+1","Blade Dance","All Out Attack"],"picked":"SKIP","floor":18.0},{"not_picked":["Deadly Poison+1","Tactician+1"],"picked":"Bane+1","floor":22.0},{"not_picked":["Quick Slash+1","Footwork+1","Underhanded Strike+1"],"picked":"SKIP","floor":22.0},{"not_picked":["Sucker Punch+1","Venomology","Bane+1"],"picked":"SKIP","floor":24.0},{"not_picked":["Sucker Punch+1","Venomology","Bane+1"],"picked":"SKIP","floor":24.0},{"not_picked":["Backflip","PiercingWail+1","Flying Knee+1"],"picked":"Singing Bowl","floor":30.0},{"not_picked":["Dagger Throw+1","Blade Dance","Cloak And Dagger"],"picked":"Singing Bowl","floor":30.0},{"not_picked":["Flying Knee+1","Deadly Poison","Distraction"],"picked":"Singing Bowl","floor":31.0},{"not_picked":["Dagger Spray+1","Acrobatics","Blade Dance"],"picked":"Singing Bowl","floor":31.0},{"not_picked":["Die Die Die+1","After Image"],"picked":"Bullet Time","floor":33.0},{"not_picked":["Bane+1","Slice+1","Dodge and Roll+1"],"picked":"Singing Bowl","floor":35},{"not_picked":["Quick Slash+1","Infinite Blades","Setup"],"picked":"Singing Bowl","floor":35},{"not_picked":["Finesse","Dramatic Entrance+1","PanicButton"],"picked":"Singing Bowl","floor":37}],"player_experience":362395,"relics_obtained":[{"floor":6.0,"key":"MawBank"},{"floor":8.0,"key":"Prayer Wheel"},{"floor":9.0,"key":"Mercury Hourglass"},{"floor":10.0,"key":"Juzu Bracelet"},{"floor":24.0,"key":"Bottled Tornado"},{"floor":26.0,"key":"Singing Bowl"}],"event_choices":[{"damage_healed":0.0,"max_hp_gain":0.0,"max_hp_loss":0.0,"gold_gain":0.0,"event_name":"Shining Light","player_choice":"Entered Light","floor":4.0,"gold_loss":0.0,"damage_taken":14.0,"cards_upgraded":["Strike_G","Tools of the Trade"]},{"damage_healed":0.0,"max_hp_gain":0.0,"max_hp_loss":0.0,"gold_gain":0.0,"event_name":"Dead Adventurer","player_choice":"Searched \u00272\u0027 times","floor":12.0,"gold_loss":0.0,"damage_taken":0.0,"relics_obtained":["Strawberry"]},{"damage_healed":0.0,"max_hp_gain":0.0,"max_hp_loss":0.0,"gold_gain":0.0,"event_name":"The Woman in Blue","player_choice":"Bought 0 Potions","floor":13.0,"gold_loss":0.0,"damage_taken":0.0},{"damage_healed":0.0,"max_hp_gain":0.0,"max_hp_loss":0.0,"gold_gain":0.0,"event_name":"Ghosts","player_choice":"Ignored","floor":20.0,"gold_loss":0.0,"damage_taken":0.0},{"damage_healed":0.0,"max_hp_gain":0.0,"max_hp_loss":0.0,"gold_gain":0.0,"event_name":"Addict","player_choice":"Stole Relic","floor":21.0,"gold_loss":0.0,"damage_taken":0.0,"relics_obtained":["StoneCalendar"],"cards_obtained":["Shame"]},{"damage_healed":0.0,"max_hp_gain":0.0,"max_hp_loss":0.0,"gold_gain":0.0,"event_name":"The Mausoleum","player_choice":"Opened","floor":27.0,"gold_loss":0.0,"damage_taken":0.0,"relics_obtained":["Bag of Preparation"],"cards_obtained":["Writhe"]},{"damage_healed":0.0,"max_hp_gain":0.0,"max_hp_loss":0.0,"gold_gain":0.0,"event_name":"Cursed Tome","player_choice":"Ignored","floor":29.0,"gold_loss":0.0,"damage_taken":0.0},{"damage_healed":0,"gold_gain":0,"player_choice":"Memory 1","damage_taken":0,"max_hp_gain":0,"max_hp_loss":0,"event_name":"SensoryStone","floor":37,"gold_loss":0},{"damage_healed":0,"gold_gain":0,"player_choice":"2 cards matched","damage_taken":0,"max_hp_gain":0,"max_hp_loss":0,"event_name":"Match and Keep!","floor":38,"gold_loss":0,"cards_obtained":["Acrobatics","Neutralize"]},{"damage_healed":0,"gold_gain":0,"cards_transformed":["Strike_G"],"player_choice":"Transformed","damage_taken":0,"max_hp_gain":0,"max_hp_loss":0,"event_name":"Transmorgrifier","floor":39,"gold_loss":0,"cards_obtained":["Night Terror"]}],"is_beta":false,"boss_relics":[{"not_picked":["Eternal Feather","Fusion Hammer"],"picked":"Sozu"},{"not_picked":["Philosopher\u0027s Stone","Calling Bell"],"picked":"Empty Cage"}],"items_purged_floors":[19,36],"is_endless":false,"potions_floor_spawned":[2,5,6,14,16,18,33,35],"killed_by":"Reptomancer","ascension_level":7}