{"gold_per_floor":[116,136,9,9,9,23,42,71,71,71,83,93,121,137,137,232,232,222,297,30,48,58,90,107,142,142,142,168,168,202,219,219,317,317,331,331,331,431,109,109,56,56,56,73,105,123,158,175,175,175],"floor_reached":50,"playtime":4433,"items_purged":["Shame"],"score":811,"play_id":"1b2355fd-967a-484d-93f9-9f3e08298da4","local_time":"20190615195659","is_ascension_mode":true,"campfire_choices":[{"floor":10.0,"key":"REST"},{"floor":15.0,"key":"REST"},{"floor":27,"key":"REST"},{"floor":32,"key":"REST"},{"data":"A Thousand Cuts","floor":40,"key":"SMITH"},{"floor":42,"key":"RECALL"},{"floor":49,"key":"REST"}],"neow_cost":"CURSE","seed_source_timestamp":0,"circlet_count":0,"master_deck":["Survivor","Neutralize","Malaise","Dagger Throw","Footwork+1","Poisoned Stab","Backstab","Well Laid Plans","PiercingWail","Glass Knife","Infinite Blades","Accuracy","Blade Dance","Noxious Fumes+1","Prepared","Blur+1","Backstab+1","A Thousand Cuts+1","Crippling Poison","Heel Hook","Storm of Steel","Escape Plan","Bullet Time","Flying Knee","Skewer","Cloak And Dagger","Sucker Punch","Dodge and Roll","Dodge and Roll+1","Apotheosis","Prepared","Backflip+1","Cloak And Dagger+1","Backstab+1"],"special_seed":0,"relics":["Ring of the Snake","Gambling Chip","Tough Bandages","Odd Mushroom","WristBlade","Lee\u0027s Waffle","Mango","Strawberry","Ginger","Mercury Hourglass","MutagenicStrength","Dream Catcher","Pandora\u0027s Box","Prayer Wheel","Oddly Smooth Stone","Blue Candle","Mummified Hand"],"potions_floor_usage":[18,23,25,25,30,33,45,47,50],"damage_taken":[{"damage":4.0,"enemies":"2 Louse","floor":1.0,"turns":4.0},{"damage":8.0,"enemies":"Jaw Worm","floor":2.0,"turns":5.0},{"damage":0.0,"enemies":"Cultist","floor":6.0,"turns":4.0},{"damage":5.0,"enemies":"Gremlin Gang","floor":7.0,"turns":3.0},{"damage":16.0,"enemies":"Lagavulin","floor":8.0,"turns":8.0},{"damage":0.0,"enemies":"3 Louse","floor":11.0,"turns":3.0},{"damage":0.0,"enemies":"Looter","floor":12.0,"turns":2.0},{"damage":4.0,"enemies":"The Mushroom Lair","floor":13.0,"turns":5.0},{"damage":0.0,"enemies":"Lots of Slimes","floor":14.0,"turns":5.0},{"damage":48.0,"enemies":"Slime Boss","floor":16.0,"turns":16.0},{"damage":8,"enemies":"2 Thieves","floor":18,"turns":4},{"damage":0,"enemies":"3 Byrds","floor":21,"turns":5},{"damage":18,"enemies":"Shelled Parasite and Fungi","floor":22,"turns":6},{"damage":16,"enemies":"Book of Stabbing","floor":23,"turns":7},{"damage":0,"enemies":"Cultist and Chosen","floor":24,"turns":7},{"damage":35,"enemies":"Slavers","floor":25,"turns":5},{"damage":14,"enemies":"Gremlin Leader","floor":28,"turns":8},{"damage":18,"enemies":"Book of Stabbing","floor":30,"turns":4},{"damage":7,"enemies":"Snake Plant","floor":31,"turns":3},{"damage":46,"enemies":"Champ","floor":33,"turns":13},{"damage":0,"enemies":"3 Shapes","floor":35,"turns":2},{"damage":0,"enemies":"Mind Bloom Boss Battle","floor":38,"turns":4},{"damage":0,"enemies":"3 Darklings","floor":44,"turns":5},{"damage":6,"enemies":"Nemesis","floor":45,"turns":6},{"damage":6,"enemies":"Maw","floor":46,"turns":7},{"damage":23,"enemies":"Giant Head","floor":47,"turns":8},{"damage":23,"enemies":"Transient","floor":48,"turns":5},{"damage":66,"enemies":"Donu and Deca","floor":50,"turns":9}],"seed_played":"8527966943045276987","potions_obtained":[{"floor":1.0,"key":"Explosive Potion"},{"floor":2.0,"key":"LiquidBronze"},{"floor":5.0,"key":"GhostInAJar"},{"floor":5.0,"key":"FairyPotion"},{"floor":8.0,"key":"AttackPotion"},{"floor":13.0,"key":"Swift Potion"},{"floor":23,"key":"Ancient Potion"},{"floor":24,"key":"SteroidPotion"},{"floor":25,"key":"FearPotion"},{"floor":31,"key":"SkillPotion"},{"floor":38,"key":"GhostInAJar"},{"floor":44,"key":"Strength Potion"},{"floor":47,"key":"LiquidBronze"},{"floor":48,"key":"PowerPotion"}],"is_trial":false,"path_per_floor":["M","M","$","?","?","M","M","E","T","R","M","M","?","M","R","B",null,"M","?","$","M","M","E","M","E","T","R","E","?","E","M","R","B",null,"M","?","?","?","$","R","$","R","T","M","E","M","E","M","R","B"],"character_chosen":"THE_SILENT","items_purchased":["Dagger Throw","Infinite Blades","Lee\u0027s Waffle","Oddly Smooth Stone","Apotheosis","Prepared"],"campfire_rested":5,"item_purchase_floors":[3,20,20,39,39,41],"current_hp_per_floor":[59,51,51,37,37,37,32,16,16,37,37,37,33,33,54,6,54,46,39,77,77,59,57,57,29,29,58,44,44,26,19,48,2,74,74,74,74,74,74,74,74,74,74,74,68,62,39,16,45,0],"gold":175,"neow_bonus":"THREE_RARE_CARDS","is_prod":false,"is_daily":false,"chose_seed":false,"campfire_upgraded":1,"win_rate":0,"timestamp":1560653819,"path_taken":["M","M","$","?","?","?","?","E","T","R","M","M","?","M","R","BOSS","M","?","$","M","?","E","M","E","T","R","E","?","E","M","R","BOSS","M","?","?","?","$","R","?","R","T","M","E","M","E","?","R","BOSS"],"build_version":"2019-01-23","purchased_purges":1,"victory":false,"max_hp_per_floor":[70,70,70,70,70,70,70,70,70,70,70,70,70,70,70,70,70,70,70,77,77,77,91,91,98,98,98,98,98,98,98,98,98,98,98,98,98,98,98,98,98,98,98,98,98,98,98,98,98,98],"card_choices":[{"not_picked":["Night Terror","Phantasmal Killer"],"picked":"Malaise","floor":0.0},{"not_picked":["Flechettes","Well Laid Plans"],"picked":"Dagger Throw","floor":1.0},{"not_picked":["Backflip","Eviscerate"],"picked":"Footwork","floor":2.0},{"not_picked":["Dagger Throw","Blade Dance","Choke"],"picked":"SKIP","floor":6.0},{"not_picked":["Blade Dance","Slice"],"picked":"Poisoned Stab","floor":7.0},{"not_picked":["Phantasmal Killer","Calculated Gamble"],"picked":"Backstab","floor":8.0},{"not_picked":["Flying Knee","Concentrate","Poisoned Stab"],"picked":"SKIP","floor":11.0},{"not_picked":["Flying Knee","Poisoned Stab"],"picked":"Well Laid Plans","floor":12.0},{"not_picked":["Deadly Poison","Dagger Spray"],"picked":"PiercingWail","floor":13.0},{"not_picked":["Heel Hook","Expertise","Acrobatics"],"picked":"SKIP","floor":14.0},{"not_picked":["A Thousand Cuts","Night Terror"],"picked":"Glass Knife","floor":16.0},{"not_picked":["Finisher","Deadly Poison","Deflect"],"picked":"SKIP","floor":18},{"not_picked":["Reflex","Deadly Poison","Catalyst+1"],"picked":"SKIP","floor":21},{"not_picked":["Blade Dance","Deadly Poison+1"],"picked":"Accuracy","floor":22},{"not_picked":["Flying Knee+1","Escape Plan"],"picked":"Blade Dance","floor":23},{"not_picked":["Flying Knee+1","PiercingWail"],"picked":"Noxious Fumes+1","floor":24},{"not_picked":["After Image","Wraith Form v2"],"picked":"Prepared","floor":25},{"not_picked":["Predator","Sucker Punch+1"],"picked":"Blur+1","floor":28},{"not_picked":["Heel Hook","Underhanded Strike"],"picked":"Backstab+1","floor":30},{"not_picked":["Crippling Poison","Dagger Spray","Dodge and Roll"],"picked":"SKIP","floor":31},{"not_picked":["Venomology","Envenom"],"picked":"A Thousand Cuts","floor":33},{"not_picked":["Outmaneuver+1","Quick Slash","Dash+1"],"picked":"SKIP","floor":35},{"not_picked":["Dagger Spray+1","Bane+1"],"picked":"Dodge and Roll+1","floor":38},{"not_picked":["Dash","Acrobatics"],"picked":"Backflip+1","floor":44},{"not_picked":["Quick Slash","Distraction+1","Deadly Poison"],"picked":"SKIP","floor":44},{"not_picked":["Infinite Blades","Deadly Poison","Sucker Punch+1"],"picked":"SKIP","floor":45},{"not_picked":["Dodge and Roll","Noxious Fumes"],"picked":"Cloak And Dagger+1","floor":46},{"not_picked":["Blur+1","Sucker Punch","Dash+1"],"picked":"SKIP","floor":46},{"not_picked":["Flechettes","Storm of Steel","Flying Knee+1"],"picked":"SKIP","floor":47},{"not_picked":["Deadly Poison+1","Deflect+1"],"picked":"Backstab+1","floor":48},{"not_picked":["Prepared+1","Bane+1","Flying Knee+1"],"picked":"SKIP","floor":48}],"player_experience":355814,"relics_obtained":[{"floor":8.0,"key":"Gambling Chip"},{"floor":9.0,"key":"Tough Bandages"},{"floor":13.0,"key":"Odd Mushroom"},{"floor":23,"key":"Mango"},{"floor":25,"key":"Strawberry"},{"floor":26,"key":"Ginger"},{"floor":28,"key":"Mercury Hourglass"},{"floor":30,"key":"Dream Catcher"},{"floor":38,"key":"Prayer Wheel"},{"floor":45,"key":"Blue Candle"},{"floor":47,"key":"Mummified Hand"}],"event_choices":[{"damage_healed":0.0,"max_hp_gain":0.0,"max_hp_loss":0.0,"gold_gain":0.0,"event_name":"Shining Light","player_choice":"Entered Light","floor":4.0,"gold_loss":0.0,"damage_taken":14.0,"cards_upgraded":["Footwork","Defend_G"]},{"damage_healed":0.0,"max_hp_gain":0.0,"max_hp_loss":0.0,"gold_gain":0.0,"event_name":"Lab","player_choice":"Got Potions","floor":5.0,"gold_loss":0.0,"damage_taken":0.0},{"damage_healed":0.0,"max_hp_gain":0.0,"max_hp_loss":0.0,"gold_gain":0.0,"event_name":"Mushrooms","player_choice":"Fought Mushrooms","floor":13.0,"gold_loss":0.0,"damage_taken":0.0},{"damage_healed":0,"gold_gain":75,"player_choice":"Touch","damage_taken":7,"max_hp_gain":0,"max_hp_loss":0,"event_name":"FaceTrader","floor":19,"gold_loss":0},{"damage_healed":0,"gold_gain":0,"player_choice":"Inject Mutagens","damage_taken":0,"relics_obtained":["MutagenicStrength"],"max_hp_gain":0,"max_hp_loss":0,"event_name":"Drug Dealer","floor":29,"gold_loss":0},{"damage_healed":0,"gold_gain":0,"player_choice":"Ignored","damage_taken":0,"max_hp_gain":0,"max_hp_loss":0,"event_name":"Tomb of Lord Red Mask","floor":36,"gold_loss":0},{"cards_removed":["Dagger Throw"],"damage_healed":0,"gold_gain":0,"player_choice":"Removed Attack","damage_taken":0,"max_hp_gain":0,"max_hp_loss":0,"event_name":"Falling","floor":37,"gold_loss":0},{"damage_healed":0,"gold_gain":0,"player_choice":"Fight","damage_taken":0,"max_hp_gain":0,"max_hp_loss":0,"event_name":"MindBloom","floor":38,"gold_loss":0}],"is_beta":false,"boss_relics":[{"not_picked":["White Beast Statue","Astrolabe"],"picked":"WristBlade"},{"not_picked":["Lizard Tail","Black Star"],"picked":"Pandora\u0027s Box"}],"items_purged_floors":[3],"is_endless":false,"potions_floor_spawned":[1,2,8,13,23,24,25,31,38,44,47,48],"killed_by":"Donu and Deca","ascension_level":7}