{"gold_per_floor":[118,133,147,158,177,177,202,202,275,287,317,317,343,293,293,393,393,404,404],"floor_reached":19,"playtime":686,"items_purged":[],"score":274,"play_id":"9e4ed698-ab17-404a-b37a-ffb0c8b758d6","local_time":"20190323005220","is_ascension_mode":true,"campfire_choices":[{"data":"Bash","floor":6.0,"key":"SMITH"},{"floor":8.0,"key":"REST"},{"data":"Dropkick","floor":12.0,"key":"SMITH"},{"data":"True Grit","floor":15.0,"key":"SMITH"}],"neow_cost":"NONE","seed_source_timestamp":170957217100536,"circlet_count":0,"master_deck":["Strike_R","Strike_R","Strike_R","Defend_R","Defend_R","Defend_R","Bash+1","Ghostly Armor","Sever Soul","Dropkick+1","True Grit+1","Clash","Thunderclap","Demon Form"],"special_seed":0,"relics":["Burning Blood","NeowsBlessing","Oddly Smooth Stone","Question Card","Bird Faced Urn","Strawberry","Empty Cage"],"potions_floor_usage":[19],"damage_taken":[{"damage":0.0,"enemies":"Cultist","floor":1.0,"turns":1.0},{"damage":0.0,"enemies":"Jaw Worm","floor":2.0,"turns":1.0},{"damage":0.0,"enemies":"Small Slimes","floor":3.0,"turns":1.0},{"damage":16.0,"enemies":"Gremlin Gang","floor":4.0,"turns":6.0},{"damage":6.0,"enemies":"2 Fungi Beasts","floor":5.0,"turns":4.0},{"damage":40.0,"enemies":"Lagavulin","floor":7.0,"turns":5.0},{"damage":15.0,"enemies":"Blue Slaver","floor":10.0,"turns":4.0},{"damage":12.0,"enemies":"Gremlin Nob","floor":11.0,"turns":3.0},{"damage":15.0,"enemies":"3 Sentries","floor":13.0,"turns":8.0},{"damage":38.0,"enemies":"Slime Boss","floor":16.0,"turns":7.0},{"damage":21,"enemies":"2 Thieves","floor":18,"turns":4},{"damage":57,"enemies":"3 Byrds","floor":19,"turns":4}],"seed_played":"-8578871712167959602","potions_obtained":[{"floor":1.0,"key":"SkillPotion"},{"floor":2.0,"key":"SneckoOil"},{"floor":3.0,"key":"SteroidPotion"},{"floor":5.0,"key":"FearPotion"},{"floor":13.0,"key":"SteroidPotion"},{"floor":18,"key":"PowerPotion"}],"is_trial":false,"path_per_floor":["M","M","M","M","M","R","E","R","T","M","E","R","E","?","R","B",null,"M","M"],"character_chosen":"IRONCLAD","items_purchased":[],"campfire_rested":1,"item_purchase_floors":[],"current_hp_per_floor":[78,80,80,70,70,70,36,60,60,51,45,45,43,43,43,11,68,53,0],"gold":404,"neow_bonus":"THREE_ENEMY_KILL","is_prod":false,"is_daily":false,"chose_seed":false,"campfire_upgraded":3,"win_rate":0,"timestamp":1553298740,"path_taken":["M","M","M","?","M","R","E","R","T","M","E","R","E","?","R","BOSS","M","M"],"build_version":"2019-01-23","purchased_purges":0,"victory":false,"max_hp_per_floor":[80,80,80,80,80,80,80,80,80,80,80,80,87,87,87,87,87,87,87],"card_choices":[{"not_picked":["Heavy Blade","Twin Strike"],"picked":"Ghostly Armor","floor":1.0},{"not_picked":["Ghostly Armor","Clothesline"],"picked":"Sever Soul","floor":2.0},{"not_picked":["Corruption","Combust"],"picked":"Dropkick","floor":3.0},{"not_picked":["Havoc","Anger","Heavy Blade"],"picked":"SKIP","floor":4.0},{"not_picked":["Body Slam","Twin Strike"],"picked":"True Grit","floor":5.0},{"not_picked":["Searing Blow","Burning Pact","Iron Wave"],"picked":"SKIP","floor":7.0},{"not_picked":["Heavy Blade","Disarm","Anger"],"picked":"Clash","floor":10.0},{"not_picked":["Shrug It Off","Barricade","Clothesline"],"picked":"Thunderclap","floor":11.0},{"not_picked":["Twin Strike","Shockwave","Anger","Body Slam"],"picked":"SKIP","floor":13.0},{"not_picked":["Juggernaut","Limit Break","Reaper"],"picked":"Demon Form","floor":16.0},{"not_picked":["Headbutt","Bloodletting","Infernal Blade","True Grit"],"picked":"SKIP","floor":18}],"player_experience":141183,"relics_obtained":[{"floor":7.0,"key":"Oddly Smooth Stone"},{"floor":9.0,"key":"Question Card"},{"floor":11.0,"key":"Bird Faced Urn"},{"floor":13.0,"key":"Strawberry"}],"event_choices":[{"cards_removed":["Strike_R"],"damage_healed":0.0,"max_hp_gain":0.0,"max_hp_loss":0.0,"gold_gain":0.0,"event_name":"The Cleric","player_choice":"Card Removal","floor":14.0,"gold_loss":50.0,"damage_taken":0.0}],"is_beta":false,"boss_relics":[{"not_picked":["Runic Cube","Orrery"],"picked":"Empty Cage"}],"items_purged_floors":[],"is_endless":false,"potions_floor_spawned":[1,2,3,5,13,18],"killed_by":"3 Byrds","ascension_level":9}