{"gold_per_floor":[113,128,145,145,157,157,171,171,195,195,206,222,222,16,16,113,113,132,152,77,90,104,104,117,117,117,127,145,145,172,184,184,281,281,294,313,331,33,0,0,25,25,98,128,128],"floor_reached":45,"playtime":2293,"items_purged":["Strike_R"],"score":619,"play_id":"9eaec0d3-a8ea-49cf-b1e7-85ace09b488a","local_time":"20190630015115","is_ascension_mode":true,"campfire_choices":[{"data":"Bash","floor":6.0,"key":"SMITH"},{"data":"Carnage","floor":8.0,"key":"SMITH"},{"data":"Ghostly Armor","floor":13.0,"key":"SMITH"},{"data":"Headbutt","floor":15.0,"key":"SMITH"},{"data":"Demon Form","floor":23.0,"key":"SMITH"},{"floor":25.0,"key":"REST"},{"data":"Sentinel","floor":29.0,"key":"SMITH"},{"floor":32.0,"key":"REST"},{"data":"Impervious","floor":40,"key":"SMITH"}],"neow_cost":"PERCENT_DAMAGE","seed_source_timestamp":1292880903715170,"circlet_count":0,"master_deck":["Strike_R","Defend_R+1","Defend_R","Defend_R","Defend_R+1","Bash+1","Cleave","Anger","Headbutt+1","Carnage+1","Demon Form+1","Ghostly Armor+1","Reaper","True Grit+1","Armaments","Twin Strike","Sentinel+1","Disarm+1","Whirlwind","Impervious+1","Intimidate","Magnetism+1","Shockwave","Metallicize+1","Doubt"],"special_seed":0,"relics":["Burning Blood","Charon\u0027s Ashes","Bag of Preparation","War Paint","Mark of Pain","Frozen Egg 2","Pen Nib","Busted Crown","Red Mask","Happy Flower","Pantograph","Mercury Hourglass"],"potions_floor_usage":[37,44],"damage_taken":[{"damage":4.0,"enemies":"Cultist","floor":1.0,"turns":5.0},{"damage":2.0,"enemies":"Jaw Worm","floor":2.0,"turns":3.0},{"damage":0.0,"enemies":"Small Slimes","floor":3.0,"turns":2.0},{"damage":11.0,"enemies":"Blue Slaver","floor":5.0,"turns":4.0},{"damage":5.0,"enemies":"3 Louse","floor":7.0,"turns":3.0},{"damage":0.0,"enemies":"Large Slime","floor":11.0,"turns":4.0},{"damage":0.0,"enemies":"2 Fungi Beasts","floor":12.0,"turns":2.0},{"damage":49.0,"enemies":"The Guardian","floor":16.0,"turns":9.0},{"damage":4.0,"enemies":"Chosen","floor":18.0,"turns":3.0},{"damage":14.0,"enemies":"Spheric Guardian","floor":19.0,"turns":4.0},{"damage":19.0,"enemies":"Cultist and Chosen","floor":21.0,"turns":7.0},{"damage":35.0,"enemies":"Snake Plant","floor":22.0,"turns":5.0},{"damage":15.0,"enemies":"Sentry and Sphere","floor":24.0,"turns":5.0},{"damage":15.0,"enemies":"Centurion and Healer","floor":27.0,"turns":6.0},{"damage":2.0,"enemies":"Snake Plant","floor":28.0,"turns":3.0},{"damage":34.0,"enemies":"Gremlin Leader","floor":30.0,"turns":7.0},{"damage":1.0,"enemies":"Cultist and Chosen","floor":31.0,"turns":7.0},{"damage":70,"enemies":"Collector","floor":33,"turns":7},{"damage":11,"enemies":"Orb Walker","floor":35,"turns":4},{"damage":0,"enemies":"3 Shapes","floor":36,"turns":5},{"damage":10,"enemies":"Sphere and 2 Shapes","floor":37,"turns":6},{"damage":42,"enemies":"Giant Head","floor":41,"turns":8},{"damage":55,"enemies":"Nemesis","floor":44,"turns":9},{"damage":25,"enemies":"Transient","floor":45,"turns":5}],"seed_played":"-2018129101487906682","potions_obtained":[{"floor":5.0,"key":"SpeedPotion"},{"floor":7.0,"key":"BloodPotion"},{"floor":11.0,"key":"LiquidBronze"},{"floor":18.0,"key":"LiquidBronze"},{"floor":19.0,"key":"SteroidPotion"},{"floor":24.0,"key":"Explosive Potion"},{"floor":27.0,"key":"SkillPotion"},{"floor":35,"key":"SneckoOil"},{"floor":36,"key":"Fire Potion"}],"is_trial":false,"path_per_floor":["M","M","M","?","M","R","M","R","T","?","M","M","R","$","R","B",null,"M","M","?","M","M","R","M","R","T","M","M","R","E","M","R","B",null,"M","M","M","$","?","R","E","?","T","E","M"],"character_chosen":"IRONCLAD","items_purchased":["War Paint","Swift Potion","Magnetism+1","Shockwave"],"campfire_rested":2,"item_purchase_floors":[14,14,38,38],"current_hp_per_floor":[58,62,68,68,63,63,64,64,64,57,63,69,69,69,69,26,80,80,72,72,59,30,30,29,53,53,44,48,48,20,30,54,8,80,75,80,76,76,76,76,40,80,80,31,6],"gold":128,"neow_bonus":"ONE_RARE_RELIC","is_prod":false,"is_daily":false,"chose_seed":false,"campfire_upgraded":7,"win_rate":0,"timestamp":1561884675,"path_taken":["M","M","M","?","M","R","?","R","T","?","M","M","R","$","R","BOSS","M","M","?","M","M","R","M","R","T","M","M","R","E","M","R","BOSS","M","M","M","$","?","R","E","?","T","E","M"],"build_version":"2019-01-23","purchased_purges":1,"victory":false,"max_hp_per_floor":[80,80,80,80,80,80,80,80,80,80,80,80,80,80,80,80,80,80,80,80,80,80,80,80,80,80,80,80,80,80,80,80,80,80,80,80,80,80,80,80,80,80,80,80,80],"card_choices":[{"not_picked":["Headbutt","Clash"],"picked":"Cleave","floor":1.0},{"not_picked":["Intimidate","Clash"],"picked":"Anger","floor":2.0},{"not_picked":["Wild Strike","Clash"],"picked":"Headbutt","floor":3.0},{"not_picked":["Headbutt","Burning Pact","Body Slam"],"picked":"SKIP","floor":5.0},{"not_picked":["Corruption","Warcry"],"picked":"Carnage","floor":7.0},{"not_picked":["Combust","Metallicize"],"picked":"Demon Form","floor":11.0},{"not_picked":["Armaments","Power Through"],"picked":"Ghostly Armor","floor":12.0},{"not_picked":["Brutality","Feed"],"picked":"Reaper","floor":16.0},{"not_picked":["Havoc","Burning Pact+1"],"picked":"True Grit+1","floor":18.0},{"not_picked":["Clash","Heavy Blade"],"picked":"Armaments","floor":19.0},{"not_picked":["Flex","Spot Weakness","Searing Blow+1"],"picked":"SKIP","floor":21.0},{"not_picked":["Warcry","Cleave+1"],"picked":"Twin Strike","floor":22.0},{"not_picked":["Heavy Blade","Battle Trance","Clash"],"picked":"SKIP","floor":24.0},{"not_picked":["Body Slam+1","Feel No Pain+1"],"picked":"Sentinel","floor":27.0},{"not_picked":["Inflame+1","Limit Break"],"picked":"Disarm+1","floor":28.0},{"not_picked":["Thunderclap","Body Slam","Rupture+1"],"picked":"SKIP","floor":30.0},{"not_picked":["Pommel Strike","Sword Boomerang+1"],"picked":"Whirlwind","floor":31.0},{"not_picked":["Feed","Fiend Fire"],"picked":"Impervious","floor":33},{"not_picked":["Wild Strike"],"picked":"SKIP","floor":35},{"not_picked":[],"picked":"Intimidate","floor":36},{"not_picked":["Whirlwind"],"picked":"SKIP","floor":37},{"not_picked":[],"picked":"Metallicize+1","floor":41},{"not_picked":["Iron Wave+1"],"picked":"SKIP","floor":44}],"player_experience":525387,"relics_obtained":[{"floor":9.0,"key":"Bag of Preparation"},{"floor":26.0,"key":"Frozen Egg 2"},{"floor":30.0,"key":"Pen Nib"},{"floor":41,"key":"Happy Flower"},{"floor":43,"key":"Pantograph"},{"floor":44,"key":"Mercury Hourglass"}],"event_choices":[{"cards_removed":["Strike_R"],"damage_healed":0.0,"max_hp_gain":0.0,"max_hp_loss":0.0,"gold_gain":0.0,"event_name":"Bonfire Elementals","player_choice":"Offered Basic","floor":4.0,"gold_loss":0.0,"damage_taken":0.0},{"cards_removed":["Strike_R"],"damage_healed":0.0,"max_hp_gain":0.0,"max_hp_loss":0.0,"gold_gain":0.0,"event_name":"Golden Wing","player_choice":"Card Removal","floor":10.0,"gold_loss":0.0,"damage_taken":7.0},{"cards_removed":["Strike_R"],"damage_healed":0.0,"max_hp_gain":0.0,"max_hp_loss":0.0,"gold_gain":0.0,"event_name":"Beggar","player_choice":"Gave Gold","floor":20.0,"gold_loss":75.0,"damage_taken":0.0},{"damage_healed":0,"gold_gain":0,"player_choice":"Paid","damage_taken":0,"relics_obtained":["Red Mask"],"max_hp_gain":0,"max_hp_loss":0,"event_name":"Tomb of Lord Red Mask","floor":39,"gold_loss":33},{"damage_healed":40,"gold_gain":0,"player_choice":"Heal","damage_taken":0,"max_hp_gain":0,"max_hp_loss":0,"event_name":"MindBloom","floor":42,"gold_loss":0,"cards_obtained":["Doubt"]}],"is_beta":false,"boss_relics":[{"not_picked":["Astrolabe","Lizard Tail"],"picked":"Mark of Pain"},{"not_picked":["Runic Dome","Philosopher\u0027s Stone"],"picked":"Busted Crown"}],"items_purged_floors":[38],"is_endless":false,"potions_floor_spawned":[5,7,11,18,19,21,24,27,35,36],"killed_by":"Transient","ascension_level":4}