{"gold_per_floor":[20,20,36,54,69,69,99,110,161,193,225,237,268,306,318,330],"floor_reached":16,"playtime":705,"items_purged":[],"score":232,"play_id":"26c754dc-eab2-4d6f-9ce5-402cad99dd31","local_time":"20190616170130","is_ascension_mode":true,"campfire_choices":[{"data":"Predator","floor":6,"key":"SMITH"},{"floor":12,"key":"REST"},{"data":"Cloak And Dagger","floor":15,"key":"SMITH"}],"neow_cost":"NO_GOLD","seed_source_timestamp":177086028715291,"circlet_count":0,"master_deck":["AscendersBane","Defend_G","Defend_G","Defend_G","Defend_G","Defend_G","Strike_G","Strike_G","Strike_G","Strike_G","Strike_G","Survivor","Neutralize","Adrenaline","Choke","Predator+1","Deflect","Blur","Backflip","Heel Hook","Cloak And Dagger+1","Deflect","Leg Sweep","Heel Hook"],"relics":["Ring of the Snake","CultistMask","Paper Crane","MawBank","The Courier"],"potions_floor_usage":[5,14,16],"damage_taken":[{"damage":0,"enemies":"Jaw Worm","floor":1,"turns":8},{"damage":0,"enemies":"Cultist","floor":3,"turns":4},{"damage":0,"enemies":"Small Slimes","floor":4,"turns":2},{"damage":0,"enemies":"Exordium Thugs","floor":5,"turns":4},{"damage":33,"enemies":"3 Sentries","floor":7,"turns":9},{"damage":10,"enemies":"Red Slaver","floor":8,"turns":5},{"damage":0,"enemies":"2 Fungi Beasts","floor":10,"turns":2},{"damage":1,"enemies":"3 Louse","floor":11,"turns":3},{"damage":0,"enemies":"Looter","floor":13,"turns":2},{"damage":8,"enemies":"Lagavulin","floor":14,"turns":8},{"damage":29,"enemies":"Slime Boss","floor":16,"turns":11}],"seed_played":"3937184566341900933","potions_obtained":[{"floor":1,"key":"SkillPotion"},{"floor":4,"key":"SpeedPotion"},{"floor":5,"key":"SpeedPotion"},{"floor":11,"key":"SkillPotion"}],"is_trial":false,"path_per_floor":["M","?","M","M","M","R","E","M","T","M","M","R","M","E","R","B"],"character_chosen":"THE_SILENT","items_purchased":[],"campfire_rested":1,"item_purchase_floors":[],"current_hp_per_floor":[59,59,59,59,59,59,26,16,16,16,15,34,34,26,26,0],"gold":330,"neow_bonus":"THREE_RARE_CARDS","is_prod":false,"is_daily":false,"chose_seed":false,"campfire_upgraded":2,"win_rate":0,"timestamp":1560697290,"path_taken":["M","?","M","M","?","R","E","M","T","M","M","R","M","E","R","BOSS"],"build_version":"2019-01-23","purchased_purges":0,"victory":false,"max_hp_per_floor":[66,66,66,66,66,66,66,66,66,66,66,66,66,66,66,66],"card_choices":[{"not_picked":["Doppelganger","Phantasmal Killer"],"picked":"Adrenaline","floor":0},{"not_picked":["Caltrops","Calculated Gamble"],"picked":"Choke","floor":1},{"not_picked":["PiercingWail","Distraction"],"picked":"Predator","floor":3},{"not_picked":["Deadly Poison","Backstab"],"picked":"Deflect","floor":4},{"not_picked":["Acrobatics","Endless Agony"],"picked":"Blur","floor":5},{"not_picked":["Blur","Dagger Spray"],"picked":"Backflip","floor":7},{"not_picked":["PiercingWail","Choke"],"picked":"Heel Hook","floor":8},{"not_picked":["Catalyst","Poisoned Stab"],"picked":"Cloak And Dagger","floor":10},{"not_picked":["Calculated Gamble","Concentrate"],"picked":"Deflect","floor":11},{"not_picked":["Slice","Deflect"],"picked":"Leg Sweep","floor":13},{"not_picked":["Outmaneuver","Blade Dance"],"picked":"Heel Hook","floor":14}],"player_experience":571397,"relics_obtained":[{"floor":7,"key":"Paper Crane"},{"floor":9,"key":"MawBank"},{"floor":14,"key":"The Courier"}],"event_choices":[{"damage_healed":0,"gold_gain":0,"player_choice":"Trade","damage_taken":0,"relics_obtained":["CultistMask"],"max_hp_gain":0,"max_hp_loss":0,"event_name":"FaceTrader","floor":2,"gold_loss":0}],"is_beta":false,"boss_relics":[],"items_purged_floors":[],"is_endless":false,"potions_floor_spawned":[1,4,5,11],"killed_by":"Slime Boss","ascension_level":20}