{"gold_per_floor":[116,116,116,22,37,37,71,86,86,103,103,158,158,176,176,248,248,263,263,278,148,148,180,180,205,258,278,310,310,8,25,25,103,103,122,0,23,33,33,67,67,102,127,48,65,79,4,39,39,39,39,39,39,69,69],"floor_reached":55,"playtime":2620,"items_purged":["Pain","Defend_G"],"score":1618,"play_id":"480e953f-7c7e-4ad9-891b-569eb85c9665","local_time":"20190531000944","is_ascension_mode":true,"campfire_choices":[{"data":"Neutralize","floor":6.0,"key":"SMITH"},{"data":"Caltrops","floor":11.0,"key":"SMITH"},{"data":"Dash","floor":13.0,"key":"SMITH"},{"data":"Dodge and Roll","floor":15.0,"key":"SMITH"},{"data":"After Image","floor":24.0,"key":"SMITH"},{"data":"Panache","floor":32.0,"key":"SMITH"},{"floor":41.0,"key":"RECALL"}],"neow_cost":"NONE","seed_source_timestamp":1143580433208486,"circlet_count":0,"master_deck":["AscendersBane","Defend_G","Defend_G","Defend_G+1","Defend_G","Survivor","Neutralize+1","Choke+1","Caltrops+1","Dodge and Roll+1","Dash+1","Backflip+1","Cloak And Dagger+1","PiercingWail+1","After Image+1","Terror+1","Cloak And Dagger+1","Bite","Bite","Bite","Bite","Bite","Cloak And Dagger+1","Blade Dance+1","PiercingWail+1","Panache+1","Adrenaline+1","Master of Strategy+1","Infinite Blades","Parasite","Backflip+1","Infinite Blades"],"special_seed":0,"relics":["Coffee Dripper","Toxic Egg 2","Ninja Scroll","Eternal Feather","WarpedTongs","Pen Nib","Tingsha","Bag of Marbles","Kunai","Fusion Hammer","Red Mask","Lantern","Regal Pillow","Nunchaku","Anchor","Mummified Hand"],"potions_floor_usage":[54,55,55],"damage_taken":[{"damage":2.0,"enemies":"2 Louse","floor":1.0,"turns":3.0},{"damage":0.0,"enemies":"Small Slimes","floor":5.0,"turns":3.0},{"damage":12.0,"enemies":"Lagavulin","floor":7.0,"turns":9.0},{"damage":4.0,"enemies":"Jaw Worm","floor":8.0,"turns":4.0},{"damage":0.0,"enemies":"Blue Slaver","floor":10.0,"turns":3.0},{"damage":0.0,"enemies":"Looter","floor":14.0,"turns":2.0},{"damage":4.0,"enemies":"Slime Boss","floor":16.0,"turns":7.0},{"damage":0.0,"enemies":"3 Byrds","floor":18.0,"turns":5.0},{"damage":13.0,"enemies":"2 Thieves","floor":20.0,"turns":5.0},{"damage":1.0,"enemies":"Slavers","floor":23.0,"turns":5.0},{"damage":36.0,"enemies":"Gremlin Leader","floor":25.0,"turns":8.0},{"damage":2.0,"enemies":"Centurion and Healer","floor":27.0,"turns":5.0},{"damage":13.0,"enemies":"Slavers","floor":28.0,"turns":7.0},{"damage":0.0,"enemies":"Snake Plant","floor":31.0,"turns":4.0},{"damage":0.0,"enemies":"Collector","floor":33.0,"turns":9.0},{"damage":0.0,"enemies":"Orb Walker","floor":35.0,"turns":2.0},{"damage":5.0,"enemies":"3 Shapes","floor":38.0,"turns":2.0},{"damage":30.0,"enemies":"Nemesis","floor":40.0,"turns":9.0},{"damage":0.0,"enemies":"Reptomancer","floor":42.0,"turns":5.0},{"damage":0,"enemies":"Spire Growth","floor":45,"turns":4},{"damage":23,"enemies":"Writhing Mass","floor":46,"turns":4},{"damage":0,"enemies":"Giant Head","floor":48,"turns":7},{"damage":2,"enemies":"Donu and Deca","floor":50,"turns":9},{"damage":18,"enemies":"Shield and Spear","floor":54,"turns":8},{"damage":50,"enemies":"The Heart","floor":55,"turns":5}],"seed_played":"6828593142995974983","potions_obtained":[{"floor":5.0,"key":"Ancient Potion"},{"floor":7.0,"key":"SteroidPotion"},{"floor":16.0,"key":"Weak Potion"},{"floor":23.0,"key":"Energy Potion"},{"floor":28.0,"key":"EssenceOfSteel"},{"floor":31.0,"key":"PowerPotion"},{"floor":38.0,"key":"SteroidPotion"},{"floor":54,"key":"Strength Potion"}],"is_trial":false,"path_per_floor":["M","?","?","$","M","R","E","M","T","M","R","?","R","M","R","B",null,"M","?","M","$","?","E","R","E","T","M","E","?","$","M","R","B",null,"M","?","T","M","?","E","R","E","T","$","M","M","$","E","R","B",null,"R","$","E","B"],"character_chosen":"THE_SILENT","items_purchased":["Caltrops","Dodge and Roll","Cloak And Dagger+1","Panache","Infinite Blades","Infinite Blades"],"campfire_rested":0,"item_purchase_floors":[4,4,21,30,44,47],"current_hp_per_floor":[57,57,37,37,37,37,25,21,21,21,21,21,21,21,21,17,54,54,54,41,41,41,46,46,22,22,34,37,37,37,46,46,46,46,46,46,46,46,46,31,46,46,46,46,46,27,27,46,46,46,46,46,46,42,0],"gold":69,"neow_bonus":"BOSS_RELIC","is_prod":false,"is_daily":false,"chose_seed":false,"campfire_upgraded":6,"win_rate":0,"timestamp":1559254184,"path_taken":["M","?","?","?","?","R","E","M","T","M","R","?","R","M","R","BOSS","M","?","?","$","?","E","R","E","T","M","E","?","$","M","R","BOSS","M","?","?","M","?","E","R","E","T","?","M","M","$","E","R","BOSS","R","$","E","BOSS"],"build_version":"2019-01-23","purchased_purges":2,"victory":false,"max_hp_per_floor":[66,66,66,66,66,66,66,66,66,66,66,66,66,66,66,66,66,66,66,66,66,46,46,46,46,46,46,46,46,46,46,46,46,46,46,46,46,46,46,46,46,46,46,46,46,46,46,46,46,46,46,46,46,46,46],"card_choices":[{"not_picked":["Acrobatics","Quick Slash"],"picked":"Choke","floor":1.0},{"not_picked":["Slice","Distraction"],"picked":"Dash","floor":5.0},{"not_picked":["Blade Dance","PiercingWail"],"picked":"Backflip","floor":7.0},{"not_picked":["Blade Dance+1","Catalyst+1"],"picked":"Cloak And Dagger+1","floor":8.0},{"not_picked":["Bane","Dodge and Roll+1"],"picked":"PiercingWail+1","floor":10.0},{"not_picked":["Riddle With Holes","Reflex+1"],"picked":"Slice","floor":14.0},{"not_picked":["Bullet Time+1","Corpse Explosion+1"],"picked":"After Image","floor":16.0},{"not_picked":["Terror+1","Dodge and Roll+1","Slice+1"],"picked":"SKIP","floor":18.0},{"not_picked":["Dodge and Roll+1","Slice+1"],"picked":"Terror+1","floor":18.0},{"not_picked":["Dagger Spray","Backflip+1","Sucker Punch"],"picked":"SKIP","floor":20.0},{"not_picked":["Slice","Flying Knee"],"picked":"Cloak And Dagger+1","floor":23.0},{"not_picked":["Heel Hook+1","Noxious Fumes","Expertise+1"],"picked":"SKIP","floor":25.0},{"not_picked":["Dodge and Roll+1","Tools of the Trade"],"picked":"Blade Dance+1","floor":27.0},{"not_picked":["PiercingWail+1","Choke","Poisoned Stab+1"],"picked":"SKIP","floor":28.0},{"not_picked":["Choke","Poisoned Stab+1"],"picked":"PiercingWail+1","floor":28.0},{"not_picked":["Acrobatics+1","Endless Agony","Poisoned Stab"],"picked":"SKIP","floor":31.0},{"not_picked":["Die Die Die","Grand Finale"],"picked":"Adrenaline+1","floor":33.0},{"not_picked":["Dagger Spray","Eviscerate","Calculated Gamble+1"],"picked":"SKIP","floor":35.0},{"not_picked":["PiercingWail+1","Setup+1","Poisoned Stab"],"picked":"SKIP","floor":38.0},{"not_picked":["Good Instincts+1","Flash of Steel"],"picked":"Master of Strategy+1","floor":39.0},{"not_picked":["Heel Hook","Finisher","Expertise+1"],"picked":"SKIP","floor":40.0},{"not_picked":["Endless Agony","Dagger Throw","Slice"],"picked":"SKIP","floor":42.0},{"not_picked":["Deadly Poison+1","Calculated Gamble+1","Expertise+1"],"picked":"SKIP","floor":45},{"not_picked":["Blade Dance+1","Dodge and Roll+1"],"picked":"Backflip+1","floor":46},{"not_picked":["Dodge and Roll+1","Night Terror+1","Terror+1"],"picked":"SKIP","floor":48},{"not_picked":["Outmaneuver+1","Die Die Die","Finisher"],"picked":"SKIP","floor":54}],"player_experience":477212,"relics_obtained":[{"floor":7.0,"key":"Toxic Egg 2"},{"floor":9.0,"key":"Ninja Scroll"},{"floor":23.0,"key":"Pen Nib"},{"floor":25.0,"key":"Tingsha"},{"floor":26.0,"key":"Bag of Marbles"},{"floor":28.0,"key":"Kunai"},{"floor":37.0,"key":"Lantern"},{"floor":40.0,"key":"Regal Pillow"},{"floor":42.0,"key":"Nunchaku"},{"floor":48,"key":"Anchor"},{"floor":54,"key":"Mummified Hand"}],"event_choices":[{"damage_healed":0.0,"max_hp_gain":0.0,"max_hp_loss":0.0,"gold_gain":0.0,"event_name":"Living Wall","player_choice":"Grow","floor":2.0,"gold_loss":0.0,"damage_taken":0.0,"cards_upgraded":["Choke"]},{"damage_healed":0.0,"max_hp_gain":0.0,"max_hp_loss":0.0,"gold_gain":0.0,"event_name":"Shining Light","player_choice":"Entered Light","floor":3.0,"gold_loss":0.0,"damage_taken":20.0,"cards_upgraded":["Strike_G","Defend_G"]},{"damage_healed":0.0,"max_hp_gain":0.0,"max_hp_loss":0.0,"gold_gain":55.0,"event_name":"Golden Wing","player_choice":"Gained Gold","floor":12.0,"gold_loss":0.0,"damage_taken":0.0},{"damage_healed":0.0,"max_hp_gain":0.0,"max_hp_loss":0.0,"gold_gain":0.0,"event_name":"Accursed Blacksmith","player_choice":"Rummage","floor":19.0,"gold_loss":0.0,"damage_taken":0.0,"relics_obtained":["WarpedTongs"],"cards_obtained":["Pain"]},{"damage_healed":0.0,"max_hp_gain":0.0,"max_hp_loss":20.0,"gold_gain":0.0,"event_name":"Vampires","player_choice":"Became a vampire","floor":22.0,"gold_loss":0.0,"damage_taken":0.0,"cards_obtained":["Bite","Bite","Bite","Bite","Bite"]},{"cards_removed":["Slice"],"damage_healed":0.0,"max_hp_gain":0.0,"max_hp_loss":0.0,"gold_gain":0.0,"event_name":"Back to Basics","player_choice":"Elegance","floor":29.0,"gold_loss":0.0,"damage_taken":0.0},{"damage_healed":0.0,"max_hp_gain":0.0,"max_hp_loss":0.0,"gold_gain":0.0,"event_name":"Tomb of Lord Red Mask","player_choice":"Paid","floor":36.0,"gold_loss":122.0,"damage_taken":0.0,"relics_obtained":["Red Mask"]},{"damage_healed":0.0,"max_hp_gain":0.0,"max_hp_loss":0.0,"gold_gain":0.0,"event_name":"SensoryStone","player_choice":"Memory 1","floor":39.0,"gold_loss":0.0,"damage_taken":0.0}],"is_beta":false,"boss_relics":[{"not_picked":["Empty Cage","Velvet Choker"],"picked":"Eternal Feather"},{"not_picked":["Philosopher\u0027s Stone","Cursed Key"],"picked":"Fusion Hammer"}],"items_purged_floors":[21,30],"is_endless":false,"potions_floor_spawned":[5,7,14,16,23,28,31,38,40,45,46,54],"killed_by":"The Heart","ascension_level":17}