{"gold_per_floor":[112,188,188,205,205,240,240,308,308,308,337,387,421,440,440,536,536,549,559,609,678,698,698,717,748,748,748,338,349,374,7,7,107,107,119,101,151,38,88,123,137,164,164,164,181,181,231,263,263,263,263,263,7,7],"floor_reached":54,"playtime":3956,"items_purged":["Strike_G","Defend_G","Strike_G"],"score":1405,"play_id":"f402b024-c083-4418-aa09-0d00e686e904","local_time":"20190509204754","is_ascension_mode":true,"campfire_choices":[{"data":"Well Laid Plans","floor":7.0,"key":"SMITH"},{"data":"Underhanded Strike","floor":10.0,"key":"SMITH"},{"data":"Acrobatics","floor":15.0,"key":"SMITH"},{"data":"Venomology","floor":23.0,"key":"SMITH"},{"floor":27.0,"key":"REST"},{"floor":32.0,"key":"REST"},{"data":"A Thousand Cuts","floor":44.0,"key":"SMITH"},{"data":"Caltrops","floor":46.0,"key":"SMITH"},{"floor":49.0,"key":"RECALL"},{"data":"After Image","floor":52,"key":"SMITH"}],"neow_cost":"NONE","seed_source_timestamp":1933642335965691,"circlet_count":0,"master_deck":["AscendersBane","Defend_G+1","Defend_G+1","Defend_G","Defend_G","Strike_G","Strike_G","Strike_G+1","Survivor+1","Neutralize+1","Underhanded Strike+1","Underhanded Strike+1","Well Laid Plans+1","Adrenaline","Acrobatics+1","Venomology+1","Dagger Throw+1","Skewer+1","After Image+1","Finesse","Underhanded Strike+1","Tools of the Trade","Leg Sweep","A Thousand Cuts+1","Escape Plan","After Image","Caltrops+1","Tactician","Purity","Dodge and Roll+1","Deflect","Writhe","Writhe","Blur+1"],"special_seed":0,"relics":["Ring of the Snake","SsserpentHead","Matryoshka","Kunai","Whetstone","Turnip","Molten Egg 2","Black Star","Nloth\u0027s Gift","FossilizedHelix","Juzu Bracelet","Lantern","Sundial","War Paint","Smiling Mask","WingedGreaves","Gremlin Horn","Cursed Key","Oddly Smooth Stone","Strawberry","Pantograph","Mercury Hourglass","Snake Skull","Ornamental Fan","Toxic Egg 2"],"potions_floor_usage":[50,50,50,54,54,54],"damage_taken":[{"damage":0.0,"enemies":"Small Slimes","floor":1.0,"turns":1.0},{"damage":0.0,"enemies":"2 Louse","floor":4.0,"turns":1.0},{"damage":0.0,"enemies":"Lagavulin","floor":6.0,"turns":1.0},{"damage":0.0,"enemies":"Cultist","floor":8.0,"turns":3.0},{"damage":1.0,"enemies":"Gremlin Nob","floor":11.0,"turns":3.0},{"damage":8.0,"enemies":"Lagavulin","floor":13.0,"turns":9.0},{"damage":1.0,"enemies":"Looter","floor":14.0,"turns":4.0},{"damage":8.0,"enemies":"Hexaghost","floor":16.0,"turns":12.0},{"damage":4.0,"enemies":"Shell Parasite","floor":18.0,"turns":4.0},{"damage":4.0,"enemies":"Spheric Guardian","floor":19.0,"turns":3.0},{"damage":0.0,"enemies":"3 Cultists","floor":21.0,"turns":5.0},{"damage":8.0,"enemies":"Centurion and Healer","floor":22.0,"turns":7.0},{"damage":13.0,"enemies":"Snake Plant","floor":24.0,"turns":3.0},{"damage":29.0,"enemies":"Book of Stabbing","floor":25.0,"turns":6.0},{"damage":0.0,"enemies":"3 Cultists","floor":29.0,"turns":6.0},{"damage":10.0,"enemies":"Slavers","floor":30.0,"turns":5.0},{"damage":0.0,"enemies":"Collector","floor":33.0,"turns":12.0},{"damage":0.0,"enemies":"3 Shapes","floor":35.0,"turns":3.0},{"damage":3.0,"enemies":"Nemesis","floor":40.0,"turns":12.0},{"damage":6.0,"enemies":"Orb Walker","floor":41.0,"turns":4.0},{"damage":16.0,"enemies":"Reptomancer","floor":42.0,"turns":9.0},{"damage":0.0,"enemies":"Jaw Worm Horde","floor":45.0,"turns":5.0},{"damage":28.0,"enemies":"Nemesis","floor":48.0,"turns":7.0},{"damage":35,"enemies":"Time Eater","floor":50,"turns":15},{"damage":86,"enemies":"Shield and Spear","floor":54,"turns":6}],"seed_played":"3097918166924829328","potions_obtained":[{"floor":6.0,"key":"FearPotion"},{"floor":14.0,"key":"Fire Potion"},{"floor":16.0,"key":"GamblersBrew"},{"floor":18.0,"key":"Energy Potion"},{"floor":19.0,"key":"Swift Potion"},{"floor":25.0,"key":"FearPotion"},{"floor":30.0,"key":"SteroidPotion"},{"floor":42.0,"key":"Block Potion"},{"floor":48.0,"key":"SpeedPotion"}],"is_trial":false,"path_per_floor":["M","?","?","M","?","E","R","M","T","R","E","?","E","M","R","B",null,"M","M","?","M","M","R","M","E","T","R","$","M","E","$","R","B",null,"M","$","?","$","?","E","M","E","T","R","M","R","T","E","R","B",null,"R","$","E"],"character_chosen":"THE_SILENT","items_purchased":["Finesse","War Paint","SmokeBomb","Gremlin Horn","Leg Sweep","Escape Plan","Caltrops","Tactician","Blur+1","Block Potion","Regen Potion"],"campfire_rested":2,"item_purchase_floors":[28,28,28,31,31,36,38,38,53,53,53],"current_hp_per_floor":[63,63,63,63,63,63,63,63,63,63,62,62,54,53,53,45,64,60,56,56,56,48,48,35,6,6,27,27,27,17,17,38,38,62,62,62,62,62,62,66,69,53,53,53,53,53,53,25,25,15,62,62,62,0],"gold":7,"neow_bonus":"THREE_ENEMY_KILL","is_prod":false,"is_daily":false,"chose_seed":false,"campfire_upgraded":7,"win_rate":0,"timestamp":1557427674,"path_taken":["M","?","?","M","?","E","R","?","T","R","E","?","E","M","R","BOSS","M","M","?","?","M","R","M","E","T","R","$","M","E","$","R","BOSS","M","?","?","$","?","E","M","E","T","R","M","R","?","E","R","BOSS","R","$","E"],"build_version":"2019-01-23","purchased_purges":3,"victory":false,"max_hp_per_floor":[70,70,70,70,70,70,70,70,70,70,70,70,70,70,70,70,70,70,70,70,70,70,70,70,70,70,70,70,70,70,70,70,70,70,70,70,70,70,70,77,77,77,77,77,77,77,77,77,77,77,77,77,77,77],"card_choices":[{"not_picked":["Distraction","Concentrate"],"picked":"Underhanded Strike","floor":1.0},{"not_picked":["Deflect","Riddle With Holes"],"picked":"Underhanded Strike","floor":4.0},{"not_picked":["Bane","Quick Slash"],"picked":"Well Laid Plans","floor":6.0},{"not_picked":["Flying Knee","Masterful Stab","Dagger Spray"],"picked":"SKIP","floor":8.0},{"not_picked":["Flying Knee","Doppelganger","Flechettes"],"picked":"SKIP","floor":11.0},{"not_picked":["Heel Hook","Quick Slash"],"picked":"Adrenaline","floor":13.0},{"not_picked":["Predator+1","Calculated Gamble"],"picked":"Acrobatics","floor":14.0},{"not_picked":["Bullet Time","Night Terror"],"picked":"Venomology","floor":16.0},{"not_picked":["Deadly Poison","Accuracy+1","Dodge and Roll"],"picked":"SKIP","floor":18.0},{"not_picked":["Leg Sweep+1","Dagger Spray+1"],"picked":"Dagger Throw+1","floor":19.0},{"not_picked":["Malaise","Outmaneuver","Acrobatics+1"],"picked":"SKIP","floor":21.0},{"not_picked":["All Out Attack+1","Poisoned Stab+1"],"picked":"Skewer+1","floor":22.0},{"not_picked":["Outmaneuver","Quick Slash+1","Prepared"],"picked":"SKIP","floor":24.0},{"not_picked":["Prepared","Choke+1"],"picked":"After Image","floor":25.0},{"not_picked":["Prepared","Noxious Fumes"],"picked":"Underhanded Strike+1","floor":29.0},{"not_picked":["Underhanded Strike+1","Venomology"],"picked":"Tools of the Trade","floor":30.0},{"not_picked":["Storm of Steel","Unload+1"],"picked":"A Thousand Cuts","floor":33.0},{"not_picked":["Distraction","Outmaneuver","Quick Slash+1"],"picked":"SKIP","floor":35.0},{"not_picked":["Enlightenment","The Bomb"],"picked":"Purity","floor":39.0},{"not_picked":["Choke+1","Wraith Form v2","A Thousand Cuts"],"picked":"SKIP","floor":40.0},{"not_picked":["Envenom","Distraction"],"picked":"Dodge and Roll+1","floor":41.0},{"not_picked":["Dodge and Roll","Malaise"],"picked":"Deflect","floor":42.0},{"not_picked":["PiercingWail+1","Underhanded Strike+1","Poisoned Stab+1"],"picked":"SKIP","floor":45.0},{"not_picked":["Backflip","After Image","Setup+1"],"picked":"SKIP","floor":48.0}],"player_experience":283007,"relics_obtained":[{"floor":6.0,"key":"Matryoshka"},{"floor":9.0,"key":"Kunai"},{"floor":9.0,"key":"Whetstone"},{"floor":11.0,"key":"Turnip"},{"floor":13.0,"key":"Molten Egg 2"},{"floor":25.0,"key":"FossilizedHelix"},{"floor":25.0,"key":"Juzu Bracelet"},{"floor":26.0,"key":"Lantern"},{"floor":26.0,"key":"Sundial"},{"floor":30.0,"key":"Smiling Mask"},{"floor":30.0,"key":"WingedGreaves"},{"floor":40.0,"key":"Oddly Smooth Stone"},{"floor":40.0,"key":"Strawberry"},{"floor":42.0,"key":"Pantograph"},{"floor":42.0,"key":"Mercury Hourglass"},{"floor":47.0,"key":"Snake Skull"},{"floor":48.0,"key":"Ornamental Fan"},{"floor":48.0,"key":"Toxic Egg 2"}],"event_choices":[{"damage_healed":0.0,"max_hp_gain":0.0,"max_hp_loss":0.0,"gold_gain":76.0,"event_name":"Golden Wing","player_choice":"Gained Gold","floor":2.0,"gold_loss":0.0,"damage_taken":0.0},{"damage_healed":0.0,"max_hp_gain":0.0,"max_hp_loss":0.0,"gold_gain":0.0,"event_name":"Living Wall","player_choice":"Grow","floor":3.0,"gold_loss":0.0,"damage_taken":0.0,"cards_upgraded":["Underhanded Strike"]},{"damage_healed":0.0,"max_hp_gain":0.0,"max_hp_loss":0.0,"gold_gain":0.0,"event_name":"FaceTrader","player_choice":"Trade","floor":5.0,"gold_loss":0.0,"damage_taken":0.0,"relics_obtained":["SsserpentHead"]},{"damage_healed":0.0,"max_hp_gain":0.0,"max_hp_loss":0.0,"gold_gain":0.0,"event_name":"Upgrade Shrine","player_choice":"Upgraded","floor":12.0,"gold_loss":0.0,"damage_taken":0.0,"cards_upgraded":["Survivor"]},{"damage_healed":0.0,"max_hp_gain":0.0,"max_hp_loss":0.0,"gold_gain":0.0,"event_name":"N\u0027loth","player_choice":"Traded Relic","floor":20.0,"relics_lost":["NeowsBlessing"],"gold_loss":0.0,"damage_taken":0.0,"relics_obtained":["Nloth\u0027s Gift"]},{"damage_healed":0.0,"max_hp_gain":0.0,"max_hp_loss":0.0,"gold_gain":0.0,"event_name":"Duplicator","player_choice":"Copied","floor":37.0,"gold_loss":0.0,"damage_taken":0.0,"cards_obtained":["After Image"]},{"damage_healed":0.0,"max_hp_gain":0.0,"max_hp_loss":0.0,"gold_gain":0.0,"event_name":"SensoryStone","player_choice":"Memory 1","floor":39.0,"gold_loss":0.0,"damage_taken":0.0}],"is_beta":false,"boss_relics":[{"not_picked":["Sozu","White Beast Statue"],"picked":"Black Star"},{"not_picked":["Snecko Eye","HoveringKite"],"picked":"Cursed Key"}],"items_purged_floors":[28,31,53],"is_endless":false,"potions_floor_spawned":[6,14,16,18,19,25,30,42,48],"killed_by":"Shield and Spear","ascension_level":12}