{"gold_per_floor":[112,127,402,420,345,345,359,359,359,374,374,374,389,404,404,479,479,491,491,150,160,160,160,3,3,3,3,16,16,46,46,46,123,123,136,136,150,150,150,150,168,195,195,195,195,195,195,195,195,195],"floor_reached":51,"playtime":1943,"items_purged":["Strike_G","Strike_G"],"score":1274,"play_id":"20ce5130-f182-4370-aadc-4364665bcba8","local_time":"20190602194918","is_ascension_mode":true,"campfire_choices":[{"data":"Terror","floor":6,"key":"SMITH"},{"data":"Predator","floor":8,"key":"SMITH"},{"data":"Neutralize","floor":12,"key":"SMITH"},{"data":"Poisoned Stab","floor":15,"key":"SMITH"},{"data":"Survivor","floor":23,"key":"SMITH"},{"data":"PiercingWail","floor":27,"key":"SMITH"},{"data":"Crippling Poison","floor":29,"key":"SMITH"},{"floor":32,"key":"REST"},{"floor":40,"key":"REST"},{"floor":44,"key":"RECALL"},{"floor":46,"key":"REST"},{"data":"Chrysalis","floor":49,"key":"SMITH"}],"neow_cost":"NONE","seed_source_timestamp":1387852291243003,"circlet_count":0,"master_deck":["AscendersBane","Defend_G+1","Defend_G+1","Defend_G+1","Defend_G+1","Defend_G+1","Survivor+1","Neutralize+1","Backflip+1","Terror+1","Poisoned Stab+1","Predator+1","Poisoned Stab+1","PiercingWail+1","Flying Knee+1","Bane+1","Poisoned Stab+1","Crippling Poison+1","Blade Dance+1","Crippling Poison+1","After Image+1","After Image+1","Phantasmal Killer+1","Blade Dance+1","Cloak And Dagger+1","Chrysalis+1"],"relics":["Ring of the Snake","Omamori","Anchor","Cursed Key","Lantern","Juzu Bracelet","Mummified Hand","Paper Crane","Sozu","Mark of the Bloom","Pear"],"potions_floor_usage":[28,33,33],"damage_taken":[{"damage":0,"enemies":"2 Louse","floor":1,"turns":3},{"damage":3,"enemies":"Cultist","floor":2,"turns":5},{"damage":2,"enemies":"Jaw Worm","floor":4,"turns":6},{"damage":0,"enemies":"Red Slaver","floor":7,"turns":5},{"damage":0,"enemies":"Exordium Wildlife","floor":10,"turns":4},{"damage":2,"enemies":"Exordium Thugs","floor":13,"turns":3},{"damage":3,"enemies":"Looter","floor":14,"turns":3},{"damage":40,"enemies":"The Guardian","floor":16,"turns":10},{"damage":3,"enemies":"2 Thieves","floor":18,"turns":4},{"damage":10,"enemies":"Shell Parasite","floor":21,"turns":5},{"damage":0,"enemies":"Centurion and Healer","floor":28,"turns":5},{"damage":24,"enemies":"Slavers","floor":30,"turns":5},{"damage":17,"enemies":"Automaton","floor":33,"turns":11},{"damage":5,"enemies":"3 Shapes","floor":35,"turns":3},{"damage":0,"enemies":"3 Darklings","floor":37,"turns":4},{"damage":6,"enemies":"Maw","floor":41,"turns":7},{"damage":21,"enemies":"Nemesis","floor":42,"turns":7},{"damage":4,"enemies":"Awakened One","floor":50,"turns":14}],"seed_played":"1430563915830574216","potions_obtained":[{"floor":7,"key":"LiquidBronze"},{"floor":10,"key":"AttackPotion"},{"floor":13,"key":"PowerPotion"},{"floor":30,"key":"SkillPotion"}],"is_trial":false,"path_per_floor":["M","M","?","M","$","R","M","R","T","M","?","R","M","M","R","B",null,"M","?","$","M","?","R","$","?","T","R","M","R","E","?","R","B",null,"M","?","M","?","?","R","M","E","T","R","?","R","?","?","R","B",null],"character_chosen":"THE_SILENT","items_purchased":["Crippling Poison","Lantern","Juzu Bracelet"],"campfire_rested":3,"item_purchase_floors":[20,20,24],"current_hp_per_floor":[59,56,56,54,54,54,54,54,54,54,54,54,52,49,49,9,52,49,49,49,39,39,39,39,39,39,39,39,39,15,15,34,17,54,49,49,49,40,40,40,34,13,13,13,13,13,13,13,13,9],"gold":195,"neow_bonus":"RANDOM_COMMON_RELIC","is_prod":false,"is_daily":false,"chose_seed":false,"campfire_upgraded":8,"win_rate":0,"timestamp":1559497758,"path_taken":["M","M","?","M","?","R","M","R","T","?","?","R","M","?","R","BOSS","M","?","?","M","?","R","$","?","T","R","M","R","E","?","R","BOSS","M","?","M","?","?","R","M","E","T","R","?","R","?","?","R","BOSS"],"build_version":"2019-01-23","purchased_purges":2,"victory":true,"max_hp_per_floor":[66,66,66,66,66,66,66,66,66,66,66,66,66,66,66,66,66,66,66,66,66,66,66,66,66,66,66,66,66,66,66,66,66,66,66,66,66,66,66,66,66,76,76,76,62,62,62,62,62,62],"card_choices":[{"not_picked":["Dodge and Roll","Dash"],"picked":"Backflip","floor":1},{"not_picked":["Sucker Punch","Dagger Throw"],"picked":"Terror","floor":2},{"not_picked":["Quick Slash","Backflip"],"picked":"Poisoned Stab","floor":4},{"not_picked":["Eviscerate","Quick Slash"],"picked":"Predator","floor":7},{"not_picked":["Concentrate","Predator"],"picked":"Poisoned Stab","floor":10},{"not_picked":["Backflip","Endless Agony"],"picked":"PiercingWail","floor":13},{"not_picked":["Bane","Slice"],"picked":"Flying Knee","floor":14},{"not_picked":["Prepared","Cloak And Dagger"],"picked":"Bane","floor":18},{"not_picked":["Poisoned Stab","Acrobatics"],"picked":"Blade Dance+1","floor":21},{"not_picked":["Heel Hook","Deadly Poison"],"picked":"Crippling Poison","floor":28},{"not_picked":["PiercingWail","Quick Slash"],"picked":"After Image","floor":30},{"not_picked":["Grand Finale","Venomology"],"picked":"Phantasmal Killer","floor":33},{"not_picked":["Deadly Poison+1","Acrobatics"],"picked":"Blade Dance","floor":35},{"not_picked":["Reflex","Outmaneuver+1"],"picked":"Cloak And Dagger+1","floor":37},{"not_picked":["Tactician+1","Deadly Poison","Setup+1"],"picked":"SKIP","floor":41},{"not_picked":["Tactician","Dodge and Roll","Underhanded Strike"],"picked":"SKIP","floor":42},{"not_picked":["Master of Strategy","Jack Of All Trades"],"picked":"Chrysalis","floor":48}],"player_experience":504858,"relics_obtained":[{"floor":9,"key":"Anchor"},{"floor":26,"key":"Mummified Hand"},{"floor":30,"key":"Paper Crane"},{"floor":42,"key":"Pear"}],"event_choices":[{"damage_healed":0,"gold_gain":275,"player_choice":"Desecrate","damage_taken":0,"max_hp_gain":0,"max_hp_loss":0,"event_name":"Golden Shrine","floor":3,"gold_loss":0,"cards_obtained":["Regret"]},{"damage_healed":0,"gold_gain":0,"player_choice":"0 cards matched","damage_taken":0,"max_hp_gain":0,"max_hp_loss":0,"event_name":"Match and Keep!","floor":11,"gold_loss":0,"cards_obtained":[]},{"damage_healed":0,"gold_gain":0,"cards_transformed":["Strike_G"],"player_choice":"Transformed","damage_taken":0,"max_hp_gain":0,"max_hp_loss":0,"event_name":"Transmorgrifier","floor":19,"gold_loss":0,"cards_obtained":["Poisoned Stab"]},{"damage_healed":0,"gold_gain":0,"player_choice":"Ignored","damage_taken":0,"max_hp_gain":0,"max_hp_loss":0,"event_name":"Vampires","floor":22,"gold_loss":0},{"damage_healed":0,"gold_gain":0,"player_choice":"Ignored","damage_taken":0,"max_hp_gain":0,"max_hp_loss":0,"event_name":"Ghosts","floor":25,"gold_loss":0},{"damage_healed":0,"gold_gain":0,"cards_transformed":["Strike_G","Strike_G"],"player_choice":"Became Test Subject","damage_taken":0,"max_hp_gain":0,"max_hp_loss":0,"event_name":"Drug Dealer","floor":31,"gold_loss":0,"cards_obtained":["Blade Dance","After Image"]},{"damage_healed":0,"gold_gain":0,"player_choice":"Upgrade","damage_taken":0,"relics_obtained":["Mark of the Bloom"],"max_hp_gain":0,"max_hp_loss":0,"event_name":"MindBloom","floor":36,"gold_loss":0,"cards_upgraded":["Defend_G","Defend_G","Defend_G","Defend_G","Defend_G","Backflip","Poisoned Stab","Flying Knee","Bane","Poisoned Stab","Crippling Poison","After Image","Blade Dance","After Image","Phantasmal Killer","Blade Dance"]},{"damage_healed":0,"gold_gain":0,"player_choice":"Damaged","damage_taken":9,"max_hp_gain":0,"max_hp_loss":0,"event_name":"Wheel of Change","floor":38,"gold_loss":0},{"cards_removed":["Blade Dance"],"damage_healed":0,"gold_gain":0,"player_choice":"Removed Skill","damage_taken":0,"max_hp_gain":0,"max_hp_loss":0,"event_name":"Falling","floor":39,"gold_loss":0},{"damage_healed":62,"gold_gain":0,"player_choice":"Heal","damage_taken":0,"max_hp_gain":0,"max_hp_loss":14,"event_name":"The Moai Head","floor":45,"gold_loss":0},{"damage_healed":0,"gold_gain":0,"player_choice":"Ignored","damage_taken":0,"max_hp_gain":0,"max_hp_loss":0,"event_name":"Mysterious Sphere","floor":47,"gold_loss":0},{"damage_healed":0,"gold_gain":0,"player_choice":"Memory 1","damage_taken":0,"max_hp_gain":0,"max_hp_loss":0,"event_name":"SensoryStone","floor":48,"gold_loss":0}],"is_beta":false,"boss_relics":[{"not_picked":["Tiny House","Pandora\u0027s Box"],"picked":"Cursed Key"},{"not_picked":["WristBlade","Lizard Tail"],"picked":"Sozu"}],"items_purged_floors":[5,20],"is_endless":false,"potions_floor_spawned":[7,10,13,16,30,35],"ascension_level":18}