{"gold_per_floor":[20,20,70,83,93,93,119,44,44,58,77,77,77,77,77,154,154,172,172,222,112,12,12,24,56,81,96,96,66,66,80,80,154,154,164,34,34,34,59,59,89,89,89,99,99,128,128,142,142,142],"floor_reached":51,"playtime":8074,"items_purged":["Strike_G","Defend_G"],"score":1330,"play_id":"e82c3972-3ffc-4d30-a0e7-83d0f4d83f2b","local_time":"20190630185829","is_ascension_mode":true,"campfire_choices":[{"data":"Neutralize","floor":6.0,"key":"SMITH"},{"data":"Leg Sweep","floor":12.0,"key":"SMITH"},{"floor":15.0,"key":"REST"},{"data":"After Image","floor":23.0,"key":"SMITH"},{"data":"Footwork","floor":28.0,"key":"SMITH"},{"data":"Backflip","floor":30.0,"key":"SMITH"},{"floor":32.0,"key":"REST"},{"data":"Backflip","floor":40.0,"key":"SMITH"},{"data":"Blur","floor":42.0,"key":"SMITH"},{"data":"Secret Technique","floor":47.0,"key":"SMITH"},{"data":"Madness","floor":49,"key":"SMITH"}],"neow_cost":"NO_GOLD","seed_source_timestamp":0,"circlet_count":0,"master_deck":["AscendersBane","Defend_G+1","Defend_G","Defend_G","Survivor+1","Neutralize+1","Deadly Poison+1","Poisoned Stab+1","Leg Sweep+1","After Image+1","Deflect+1","Escape Plan+1","Backflip+1","Footwork+1","Backflip+1","Storm of Steel","Cloak And Dagger+1","PiercingWail","Blur+1","Madness+1","Madness","Tools of the Trade","Escape Plan+1","Secret Technique+1"],"special_seed":0,"relics":["Ring of the Snake","Gremlin Horn","Lantern","Astrolabe","Kunai","Omamori","Coffee Dripper","Vajra","Meat on the Bone","Bottled Flame","Whetstone"],"potions_floor_usage":[50,50],"damage_taken":[{"damage":0.0,"enemies":"Small Slimes","floor":1.0,"turns":5.0},{"damage":0.0,"enemies":"2 Louse","floor":4.0,"turns":4.0},{"damage":0.0,"enemies":"Cultist","floor":5.0,"turns":5.0},{"damage":11.0,"enemies":"Lagavulin","floor":7.0,"turns":7.0},{"damage":3.0,"enemies":"Gremlin Gang","floor":10.0,"turns":5.0},{"damage":4.0,"enemies":"Large Slime","floor":11.0,"turns":6.0},{"damage":3.0,"enemies":"Hexaghost","floor":16.0,"turns":9.0},{"damage":0.0,"enemies":"3 Byrds","floor":18.0,"turns":9.0},{"damage":0.0,"enemies":"Chosen","floor":24.0,"turns":6.0},{"damage":40.0,"enemies":"Slavers","floor":25.0,"turns":14.0},{"damage":0.0,"enemies":"Snake Plant","floor":27.0,"turns":6.0},{"damage":6.0,"enemies":"3 Cultists","floor":31.0,"turns":9.0},{"damage":3.0,"enemies":"Collector","floor":33.0,"turns":11.0},{"damage":0.0,"enemies":"3 Shapes","floor":35.0,"turns":5.0},{"damage":3.0,"enemies":"Giant Head","floor":41.0,"turns":13.0},{"damage":0.0,"enemies":"3 Darklings","floor":44.0,"turns":10.0},{"damage":12.0,"enemies":"Reptomancer","floor":46.0,"turns":11.0},{"damage":0,"enemies":"4 Shapes","floor":48,"turns":8},{"damage":16,"enemies":"Awakened One","floor":50,"turns":32}],"seed_played":"-7712459989523496657","potions_obtained":[{"floor":1.0,"key":"PowerPotion"},{"floor":5.0,"key":"FearPotion"},{"floor":7.0,"key":"LiquidBronze"},{"floor":11.0,"key":"Block Potion"},{"floor":24.0,"key":"Weak Potion"},{"floor":27.0,"key":"PowerPotion"},{"floor":29.0,"key":"PowerPotion"},{"floor":44.0,"key":"GamblersBrew"},{"floor":48,"key":"GamblersBrew"}],"is_trial":false,"path_per_floor":["M","?","?","M","M","R","E","$","T","M","M","R","?","$","R","B",null,"M","$","?","?","$","R","M","E","T","M","R","?","R","M","R","B",null,"M","$","?","?","T","R","E","R","T","M","?","E","R","M","R","B",null],"character_chosen":"THE_SILENT","items_purchased":["PiercingWail","Blur"],"campfire_rested":2,"item_purchase_floors":[36,36],"current_hp_per_floor":[59,39,39,39,39,39,28,28,28,25,21,21,26,26,47,44,64,64,64,64,64,64,64,64,24,24,24,24,24,24,18,39,36,62,62,62,49,49,49,49,46,46,46,46,46,46,46,46,46,42],"gold":142,"neow_bonus":"REMOVE_TWO","is_prod":false,"is_daily":false,"chose_seed":false,"campfire_upgraded":9,"win_rate":0,"timestamp":1561935509,"path_taken":["M","?","?","M","M","R","E","$","T","?","?","R","?","?","R","BOSS","M","$","?","?","$","R","?","E","T","M","R","?","R","?","R","BOSS","M","$","?","?","?","R","E","R","T","?","?","E","R","M","R","BOSS"],"build_version":"2019-01-23","purchased_purges":2,"victory":true,"max_hp_per_floor":[66,66,66,66,66,66,66,66,66,66,66,66,71,71,71,71,71,71,71,71,71,71,71,71,71,71,71,71,71,71,71,71,71,71,71,71,71,71,71,71,71,71,71,71,71,71,71,71,71,71],"card_choices":[{"not_picked":["Tactician","Dagger Spray"],"picked":"Deadly Poison","floor":1.0},{"not_picked":["Sucker Punch","Finisher","Quick Slash"],"picked":"SKIP","floor":4.0},{"not_picked":["Flying Knee","Dodge and Roll"],"picked":"Poisoned Stab","floor":5.0},{"not_picked":["Outmaneuver","Flechettes"],"picked":"Infinite Blades","floor":7.0},{"not_picked":["Distraction","Concentrate","Wraith Form v2"],"picked":"SKIP","floor":10.0},{"not_picked":["Choke","Acrobatics"],"picked":"Leg Sweep","floor":11.0},{"not_picked":["Unload","Adrenaline"],"picked":"After Image","floor":16.0},{"not_picked":["Blade Dance","Masterful Stab","Deadly Poison"],"picked":"SKIP","floor":18.0},{"not_picked":["Underhanded Strike","Concentrate+1"],"picked":"Backflip","floor":24.0},{"not_picked":["Underhanded Strike+1","Slice+1"],"picked":"Footwork","floor":25.0},{"not_picked":["Flechettes","Endless Agony","Choke"],"picked":"SKIP","floor":27.0},{"not_picked":["PiercingWail","Prepared"],"picked":"Backflip","floor":31.0},{"not_picked":["Malaise","Venomology"],"picked":"Storm of Steel","floor":33.0},{"not_picked":["Poisoned Stab+1","Dagger Spray"],"picked":"Cloak And Dagger+1","floor":35.0},{"not_picked":["Sucker Punch","Blade Dance"],"picked":"Tools of the Trade","floor":41.0},{"not_picked":["Flechettes","Quick Slash"],"picked":"Escape Plan+1","floor":44.0},{"not_picked":["Forethought","Blind"],"picked":"Secret Technique","floor":45.0},{"not_picked":["Heel Hook","Setup","Finisher"],"picked":"SKIP","floor":46.0},{"not_picked":["Heel Hook","Setup","Finisher"],"picked":"SKIP","floor":46.0},{"not_picked":["Prepared","Cloak And Dagger","Terror"],"picked":"SKIP","floor":48}],"player_experience":184936,"relics_obtained":[{"floor":7.0,"key":"Gremlin Horn"},{"floor":9.0,"key":"Lantern"},{"floor":25.0,"key":"Kunai"},{"floor":26.0,"key":"Omamori"},{"floor":39.0,"key":"Vajra"},{"floor":41.0,"key":"Meat on the Bone"},{"floor":43.0,"key":"Bottled Flame"},{"floor":46.0,"key":"Whetstone"}],"event_choices":[{"damage_healed":0.0,"max_hp_gain":0.0,"max_hp_loss":0.0,"gold_gain":0.0,"event_name":"Shining Light","player_choice":"Entered Light","floor":2.0,"gold_loss":0.0,"damage_taken":20.0,"cards_upgraded":["Deadly Poison","Defend_G"]},{"damage_healed":0.0,"max_hp_gain":0.0,"max_hp_loss":0.0,"gold_gain":50.0,"event_name":"Golden Shrine","player_choice":"Pray","floor":3.0,"gold_loss":0.0,"damage_taken":0.0},{"damage_healed":0.0,"max_hp_gain":5.0,"max_hp_loss":0.0,"gold_gain":0.0,"event_name":"Big Fish","player_choice":"Donut","floor":13.0,"gold_loss":0.0,"damage_taken":0.0},{"damage_healed":0.0,"max_hp_gain":0.0,"max_hp_loss":0.0,"gold_gain":50.0,"event_name":"Nest","player_choice":"Stole From Cult","floor":20.0,"gold_loss":0.0,"damage_taken":0.0},{"cards_removed":["Defend_G"],"damage_healed":0.0,"max_hp_gain":0.0,"max_hp_loss":0.0,"gold_gain":0.0,"event_name":"Designer","player_choice":"Upgrade and Remove","floor":21.0,"gold_loss":110.0,"damage_taken":0.0,"cards_upgraded":["Survivor"]},{"damage_healed":0.0,"max_hp_gain":0.0,"max_hp_loss":0.0,"gold_gain":0.0,"event_name":"The Woman in Blue","player_choice":"Bought 2 Potions","floor":29.0,"gold_loss":0.0,"damage_taken":0.0},{"damage_healed":0.0,"max_hp_gain":0.0,"max_hp_loss":0.0,"gold_gain":0.0,"event_name":"Winding Halls","player_choice":"Embrace Madness","floor":37.0,"gold_loss":0.0,"damage_taken":13.0,"cards_obtained":["Madness","Madness"]},{"cards_removed":["Malaise"],"damage_healed":0.0,"max_hp_gain":0.0,"max_hp_loss":0.0,"gold_gain":0.0,"event_name":"Falling","player_choice":"Removed Skill","floor":38.0,"gold_loss":0.0,"damage_taken":0.0},{"damage_healed":0.0,"max_hp_gain":0.0,"max_hp_loss":0.0,"gold_gain":0.0,"event_name":"SensoryStone","player_choice":"Memory 1","floor":45.0,"gold_loss":0.0,"damage_taken":0.0}],"is_beta":false,"boss_relics":[{"not_picked":["Ectoplasm","Orrery"],"picked":"Astrolabe"},{"not_picked":["Pandora\u0027s Box","Tiny House"],"picked":"Coffee Dripper"}],"items_purged_floors":[8,22],"is_endless":false,"potions_floor_spawned":[1,5,7,11,24,27,44,48],"ascension_level":19}