{"gold_per_floor":[363,53,53,65,65,65,76,96,164,164,195,212,225,243,243,314,314,234,234,234,158,158],"floor_reached":22,"playtime":848,"items_purged":["Doubt"],"score":462,"play_id":"90574829-bffc-4d3f-b5a2-9f57b72e0724","local_time":"20190523193254","is_ascension_mode":true,"campfire_choices":[{"data":"Juggernaut","floor":6.0,"key":"SMITH"},{"data":"Barricade","floor":10.0,"key":"SMITH"},{"data":"True Grit","floor":15,"key":"SMITH"}],"neow_cost":"CURSE","seed_source_timestamp":523932759136839,"circlet_count":0,"master_deck":["AscendersBane","Strike_R","Strike_R","Strike_R","Strike_R","Defend_R","Defend_R","Defend_R","Defend_R","Bash","True Grit+1","Juggernaut+1","Shrug It Off","Madness","Shrug It Off","Barricade+1","Shrug It Off","Berserk","Shrug It Off","Disarm"],"special_seed":0,"relics":["Burning Blood","Omamori","Mummified Hand","Pen Nib","Ectoplasm"],"potions_floor_usage":[11,11,16],"damage_taken":[{"damage":6.0,"enemies":"Cultist","floor":1.0,"turns":3.0},{"damage":1.0,"enemies":"Small Slimes","floor":4.0,"turns":4.0},{"damage":7.0,"enemies":"Jaw Worm","floor":7.0,"turns":4.0},{"damage":4.0,"enemies":"3 Louse","floor":8.0,"turns":3.0},{"damage":22,"enemies":"Gremlin Nob","floor":11,"turns":5},{"damage":8,"enemies":"Blue Slaver","floor":12,"turns":4},{"damage":14,"enemies":"Gremlin Gang","floor":13,"turns":5},{"damage":10,"enemies":"Exordium Thugs","floor":14,"turns":5},{"damage":0,"enemies":"The Guardian","floor":16,"turns":15},{"damage":36,"enemies":"2 Thieves","floor":18,"turns":4},{"damage":15,"enemies":"Chosen","floor":20,"turns":6},{"damage":40,"enemies":"3 Cultists","floor":22,"turns":4}],"seed_played":"5122633653306629670","potions_obtained":[{"floor":1.0,"key":"Dexterity Potion"},{"floor":8.0,"key":"Ancient Potion"},{"floor":11,"key":"Ancient Potion"},{"floor":12,"key":"Weak Potion"},{"floor":20,"key":"Dexterity Potion"}],"is_trial":false,"path_per_floor":["M","$","?","M","?","R","M","M","T","R","E","M","M","M","R","B",null,"M","?","M","$","M"],"character_chosen":"IRONCLAD","items_purchased":["Juggernaut","Shrug It Off","Madness","Disarm"],"campfire_rested":0,"item_purchase_floors":[2,2,2,21],"current_hp_per_floor":[68,68,57,62,62,62,61,63,63,63,47,45,37,33,33,39,66,36,36,27,27,0],"gold":158,"neow_bonus":"TWO_FIFTY_GOLD","is_prod":false,"is_daily":false,"chose_seed":false,"campfire_upgraded":3,"win_rate":0,"timestamp":1558632774,"path_taken":["M","$","?","M","?","R","M","M","T","R","E","?","M","M","R","BOSS","M","?","M","$","M"],"build_version":"2019-01-23","purchased_purges":1,"victory":false,"max_hp_per_floor":[75,75,75,75,75,75,75,75,75,75,75,75,75,75,75,75,75,75,75,75,75,75],"card_choices":[{"not_picked":["Flex","Intimidate"],"picked":"True Grit","floor":1.0},{"not_picked":["Sword Boomerang","Pommel Strike","Rampage"],"picked":"SKIP","floor":4.0},{"not_picked":["Evolve","Sword Boomerang"],"picked":"Shrug It Off","floor":7.0},{"not_picked":["Whirlwind","Havoc"],"picked":"Barricade","floor":8.0},{"not_picked":["Anger","Bludgeon"],"picked":"Shrug It Off","floor":11},{"not_picked":["Second Wind","Warcry","Perfected Strike"],"picked":"SKIP","floor":12},{"not_picked":["Anger","Headbutt","Corruption"],"picked":"SKIP","floor":13},{"not_picked":["Armaments","Searing Blow","Rage"],"picked":"SKIP","floor":14},{"not_picked":["Brutality","Dark Embrace"],"picked":"Berserk","floor":16},{"not_picked":["Heavy Blade","Seeing Red","Armaments"],"picked":"SKIP","floor":18},{"not_picked":["Anger","Combust","Flex+1"],"picked":"SKIP","floor":20}],"player_experience":363451,"relics_obtained":[{"floor":9.0,"key":"Mummified Hand"},{"floor":11,"key":"Pen Nib"}],"event_choices":[{"damage_healed":0.0,"max_hp_gain":0.0,"max_hp_loss":0.0,"gold_gain":0.0,"event_name":"Scrap Ooze","player_choice":"Success","floor":3.0,"gold_loss":0.0,"damage_taken":11.0,"relics_obtained":["Omamori"]},{"cards_removed":["Strike_R"],"damage_healed":0.0,"max_hp_gain":0.0,"max_hp_loss":0.0,"gold_gain":0.0,"event_name":"Purifier","player_choice":"Purged","floor":5.0,"gold_loss":0.0,"damage_taken":0.0},{"damage_healed":0,"gold_gain":0,"player_choice":"Read","damage_taken":0,"max_hp_gain":0,"max_hp_loss":0,"event_name":"The Library","floor":19,"gold_loss":0,"cards_obtained":["Shrug It Off"]}],"is_beta":false,"boss_relics":[{"not_picked":["Calling Bell","Sozu"],"picked":"Ectoplasm"}],"items_purged_floors":[2],"is_endless":false,"potions_floor_spawned":[1,8,11,12,14,20],"killed_by":"3 Cultists","ascension_level":17}