{"gold_per_floor":[219,238,188,113,125,152,171,71,71,101,119,119],"floor_reached":12,"playtime":512,"items_purged":["Defend_R","Strike_R"],"score":131,"play_id":"2216ed67-5464-46ab-ac3c-63dde7d3e62e","local_time":"20190323003858","is_ascension_mode":true,"campfire_choices":[],"neow_cost":"NONE","seed_source_timestamp":170432890934835,"circlet_count":0,"master_deck":["Strike_R","Strike_R","Strike_R","Defend_R","Defend_R","Defend_R","Bash","Anger","True Grit","Shrug It Off","Sentinel","Ghostly Armor"],"relics":["Burning Blood","Oddly Smooth Stone","Bag of Preparation","Pantograph"],"potions_floor_usage":[6,10,12],"damage_taken":[{"damage":13,"enemies":"Small Slimes","floor":1,"turns":4},{"damage":2,"enemies":"2 Louse","floor":2,"turns":3},{"damage":0,"enemies":"Cultist","floor":5,"turns":3},{"damage":37,"enemies":"3 Sentries","floor":6,"turns":10},{"damage":3,"enemies":"Red Slaver","floor":7,"turns":3},{"damage":17,"enemies":"Gremlin Nob","floor":10,"turns":4},{"damage":5,"enemies":"Lots of Slimes","floor":11,"turns":6},{"damage":38,"enemies":"Lagavulin","floor":12,"turns":8}],"seed_played":"7045112175401772781","potions_obtained":[{"floor":5,"key":"Poison Potion"},{"floor":6,"key":"Energy Potion"},{"floor":11,"key":"SkillPotion"}],"is_trial":false,"path_per_floor":["M","M","?","$","M","E","M","$","T","E","M","E"],"character_chosen":"IRONCLAD","items_purchased":[],"campfire_rested":0,"item_purchase_floors":[],"current_hp_per_floor":[65,69,69,69,75,44,47,47,47,36,37,0],"gold":119,"neow_bonus":"HUNDRED_GOLD","is_prod":false,"is_daily":false,"chose_seed":false,"campfire_upgraded":0,"win_rate":0,"timestamp":1553297938,"path_taken":["M","M","?","$","M","E","M","$","T","E","M","E"],"build_version":"2019-01-23","purchased_purges":2,"victory":false,"max_hp_per_floor":[80,80,80,80,80,80,80,80,80,80,80,80],"card_choices":[{"not_picked":["Iron Wave","Clothesline"],"picked":"Anger","floor":1},{"not_picked":["Wild Strike","Clothesline"],"picked":"True Grit","floor":2},{"not_picked":["Pommel Strike","Corruption"],"picked":"Shrug It Off","floor":5},{"not_picked":["Heavy Blade","Blood for Blood","Havoc"],"picked":"SKIP","floor":6},{"not_picked":["Bludgeon","Dual Wield"],"picked":"Sentinel","floor":7},{"not_picked":["Heavy Blade","Perfected Strike","Twin Strike"],"picked":"SKIP","floor":10},{"not_picked":["Burning Pact","Warcry"],"picked":"Ghostly Armor","floor":11}],"player_experience":140671,"relics_obtained":[{"floor":6,"key":"Oddly Smooth Stone"},{"floor":9,"key":"Bag of Preparation"},{"floor":10,"key":"Pantograph"}],"event_choices":[{"cards_removed":["Strike_R"],"damage_healed":0,"gold_gain":0,"player_choice":"Card Removal","damage_taken":0,"max_hp_gain":0,"max_hp_loss":0,"event_name":"The Cleric","floor":3,"gold_loss":50}],"is_beta":false,"boss_relics":[],"items_purged_floors":[4,8],"is_endless":false,"potions_floor_spawned":[5,6,11],"killed_by":"Lagavulin","ascension_level":9}