{"gold_per_floor":[110,110,60,20,38,38,66,43,68,80,80,106,117,136,136,241,241,241,241,241,241,241,241,241,241,241,241,99,99,99,99,99,99,99,99,99,99,99,99,99,99],"floor_reached":41,"playtime":11342,"items_purged":[],"score":477,"play_id":"f7778f02-8dd8-436f-af32-7d55efc13487","local_time":"20190515173736","is_ascension_mode":false,"campfire_choices":[{"data":"Scrape","floor":6,"key":"SMITH"},{"floor":11,"key":"REST"},{"data":"Fusion","floor":15,"key":"SMITH"},{"data":"Defragment","floor":25,"key":"SMITH"},{"floor":30,"key":"REST"},{"data":"Fission","floor":32,"key":"SMITH"}],"neow_cost":"TEN_PERCENT_HP_LOSS","seed_source_timestamp":1552832013809439,"circlet_count":0,"master_deck":["Defend_B","Defend_B","Defend_B","Zap","Dualcast","FTL+1","Scrape+1","Chill","Steam","Beam Cell+1","Creative AI","Rainbow","Fusion+1","Fission+1","Cold Snap+1","Bite+1","Bite+1","Bite+1","Bite+1","Bite+1","BootSequence","Defragment+1","White Noise","Barrage+1","Aggregate","Biased Cognition","Genetic Algorithm+1","Sweeping Beam+1","Seek+1","Conserve Battery+1","Compile Driver+1","Defragment+1","Melter+1","Reprogram+1","Stack+1"],"relics":["Cracked Core","Torii","Molten Egg 2","Art of War","Matryoshka","Ectoplasm","Boot","Mercury Hourglass","Vajra","Tiny House"],"potions_floor_usage":[4,13,16,16,31,33,33,37,37,41],"damage_taken":[{"damage":1,"enemies":"Cultist","floor":1,"turns":3},{"damage":0,"enemies":"Small Slimes","floor":5,"turns":2},{"damage":21,"enemies":"3 Sentries","floor":7,"turns":8},{"damage":0,"enemies":"2 Louse","floor":10,"turns":1},{"damage":9,"enemies":"Lagavulin","floor":12,"turns":6},{"damage":10,"enemies":"Exordium Thugs","floor":13,"turns":5},{"damage":0,"enemies":"Lots of Slimes","floor":14,"turns":5},{"damage":15,"enemies":"Slime Boss","floor":16,"turns":8},{"damage":12,"enemies":"Spheric Guardian","floor":18,"turns":4},{"damage":18,"enemies":"3 Byrds","floor":21,"turns":5},{"damage":1,"enemies":"3 Cultists","floor":22,"turns":5},{"damage":24,"enemies":"Snecko","floor":24,"turns":6},{"damage":0,"enemies":"Chosen and Byrds","floor":27,"turns":4},{"damage":32,"enemies":"Slavers","floor":29,"turns":6},{"damage":6,"enemies":"Shelled Parasite and Fungi","floor":31,"turns":3},{"damage":44,"enemies":"Collector","floor":33,"turns":9},{"damage":15,"enemies":"3 Shapes","floor":35,"turns":5},{"damage":15,"enemies":"3 Darklings","floor":37,"turns":4},{"damage":20,"enemies":"Jaw Worm Horde","floor":38,"turns":4},{"damage":16,"enemies":"Writhing Mass","floor":39,"turns":4},{"damage":26,"enemies":"Maw","floor":40,"turns":8},{"damage":53,"enemies":"Giant Head","floor":41,"turns":10}],"seed_played":"1945439711720490660","potions_obtained":[{"floor":4,"key":"Block Potion"},{"floor":4,"key":"SmokeBomb"},{"floor":4,"key":"Fruit Juice"},{"floor":5,"key":"Dexterity Potion"},{"floor":14,"key":"FocusPotion"},{"floor":16,"key":"SteroidPotion"},{"floor":27,"key":"SteroidPotion"},{"floor":31,"key":"Weak Potion"},{"floor":33,"key":"Block Potion"},{"floor":34,"key":"Poison Potion"},{"floor":40,"key":"Poison Potion"}],"is_trial":false,"path_per_floor":["M","?","?","?","M","R","E","$","T","M","R","E","M","M","R","B",null,"M","?","?","M","M","?","M","R","T","M","$","E","R","M","R","B",null,"M","?","M","M","M","M","E"],"character_chosen":"DEFECT","items_purchased":["Steam","Biased Cognition"],"campfire_rested":2,"item_purchase_floors":[8,28],"current_hp_per_floor":[67,67,67,72,72,72,51,51,51,51,72,63,53,53,53,38,73,61,51,51,51,51,51,30,30,30,45,45,28,43,46,46,31,56,47,47,35,24,17,9,0],"gold":99,"neow_bonus":"ONE_RARE_RELIC","is_prod":false,"is_daily":false,"chose_seed":false,"campfire_upgraded":4,"win_rate":0.0,"timestamp":1557956256,"path_taken":["M","?","?","?","M","R","E","$","T","?","R","E","M","?","R","BOSS","M","?","?","M","?","?","M","R","T","M","$","E","R","M","R","BOSS","M","?","M","M","M","?","E"],"build_version":"2019-01-23","purchased_purges":0,"victory":false,"max_hp_per_floor":[68,68,68,73,73,73,73,73,73,73,73,73,73,73,73,73,73,73,51,51,51,51,51,51,51,51,51,51,51,51,51,51,51,56,56,56,56,56,56,56,56],"card_choices":[{"not_picked":["Redo","Barrage"],"picked":"FTL","floor":1},{"not_picked":["Conserve Battery","Heatsinks"],"picked":"Scrape","floor":5},{"not_picked":["Consume","Redo"],"picked":"Chill","floor":7},{"not_picked":["Conserve Battery","Steam"],"picked":"Beam Cell+1","floor":10},{"not_picked":["Cold Snap+1","Beam Cell+1"],"picked":"Creative AI","floor":12},{"not_picked":["Beam Cell+1","Ball Lightning+1"],"picked":"Rainbow","floor":13},{"not_picked":["Steam","Force Field"],"picked":"Fusion","floor":14},{"not_picked":["Biased Cognition","Thunder Strike+1"],"picked":"Fission","floor":16},{"not_picked":["Chill","Redo"],"picked":"Cold Snap+1","floor":18},{"not_picked":["Steam","Rip and Tear+1"],"picked":"Defragment","floor":21},{"not_picked":["Sweeping Beam+1","Compile Driver+1"],"picked":"White Noise","floor":22},{"not_picked":["Cold Snap+1","Coolheaded"],"picked":"Barrage+1","floor":24},{"not_picked":["Leap","Steam Power"],"picked":"Aggregate","floor":27},{"not_picked":["Scrape+1","Rip and Tear+1"],"picked":"Genetic Algorithm+1","floor":29},{"not_picked":["Ball Lightning+1","Self Repair"],"picked":"Sweeping Beam+1","floor":31},{"not_picked":["Machine Learning","Reboot"],"picked":"Seek","floor":33},{"not_picked":["Cold Snap+1","Go for the Eyes+1"],"picked":"Conserve Battery+1","floor":34},{"not_picked":["Leap","Buffer"],"picked":"Compile Driver+1","floor":35},{"not_picked":["Go for the Eyes+1","Cold Snap+1","Beam Cell+1"],"picked":"SKIP","floor":37},{"not_picked":["Stack+1","Hologram+1"],"picked":"Melter+1","floor":38},{"not_picked":["Darkness","Go for the Eyes+1"],"picked":"Reprogram+1","floor":39},{"not_picked":["Coolheaded+1","Steam"],"picked":"Stack+1","floor":40}],"player_experience":736843,"relics_obtained":[{"floor":7,"key":"Molten Egg 2"},{"floor":9,"key":"Art of War"},{"floor":12,"key":"Matryoshka"},{"floor":26,"key":"Boot"},{"floor":26,"key":"Mercury Hourglass"},{"floor":29,"key":"Vajra"}],"event_choices":[{"damage_healed":0,"gold_gain":0,"player_choice":"Grow","damage_taken":0,"max_hp_gain":0,"max_hp_loss":0,"event_name":"Living Wall","floor":2,"gold_loss":0,"cards_upgraded":["FTL"]},{"cards_removed":["Strike_B"],"damage_healed":0,"gold_gain":0,"player_choice":"Card Removal","damage_taken":0,"max_hp_gain":0,"max_hp_loss":0,"event_name":"The Cleric","floor":3,"gold_loss":50},{"damage_healed":0,"gold_gain":0,"player_choice":"Bought 3 Potions","damage_taken":0,"max_hp_gain":0,"max_hp_loss":0,"event_name":"The Woman in Blue","floor":4,"gold_loss":0},{"damage_healed":0,"gold_gain":0,"player_choice":"Became a vampire","damage_taken":0,"max_hp_gain":0,"max_hp_loss":22,"event_name":"Vampires","floor":19,"gold_loss":0,"cards_obtained":["Bite","Bite","Bite","Bite","Bite"]},{"damage_healed":0,"gold_gain":0,"cards_transformed":["Defend_B"],"player_choice":"Transformed","damage_taken":0,"max_hp_gain":0,"max_hp_loss":0,"event_name":"Transmorgrifier","floor":20,"gold_loss":0,"cards_obtained":["BootSequence"]},{"damage_healed":0,"gold_gain":0,"player_choice":"Ignored","damage_taken":0,"max_hp_gain":0,"max_hp_loss":0,"event_name":"Beggar","floor":23,"gold_loss":0},{"damage_healed":0,"gold_gain":0,"player_choice":"Copied","damage_taken":0,"max_hp_gain":0,"max_hp_loss":0,"event_name":"Duplicator","floor":36,"gold_loss":0,"cards_obtained":["Defragment"]}],"is_beta":false,"boss_relics":[{"not_picked":["White Beast Statue","Black Star"],"picked":"Ectoplasm"},{"not_picked":["Astrolabe","Eternal Feather"],"picked":"Tiny House"}],"items_purged_floors":[],"is_endless":false,"potions_floor_spawned":[5,7,14,16,27,29,31,33,35,40],"killed_by":"Giant Head","ascension_level":0}