{"gold_per_floor":[117,292,302,3,21,49,68,68,68,97,97,97],"floor_reached":12,"playtime":397,"items_purged":["Doubt"],"score":119,"play_id":"6bc8e210-3e3e-4f13-a686-962b8f07642f","local_time":"20190322222940","is_ascension_mode":true,"campfire_choices":[{"floor":8,"key":"REST"},{"data":"Sunder","floor":11,"key":"SMITH"}],"neow_cost":"NONE","seed_source_timestamp":162789254203416,"circlet_count":0,"master_deck":["Strike_B","Strike_B","Strike_B","Strike_B","Defend_B","Defend_B","Defend_B","Defend_B","Zap","Dualcast","Conserve Battery","White Noise","Sunder+1","BootSequence","White Noise","Static Discharge","Gash"],"relics":["Philosopher\u0027s Stone","Ancient Tea Set","Torii","Unceasing Top","Bottled Flame"],"potions_floor_usage":[6,12,12],"damage_taken":[{"damage":12,"enemies":"Small Slimes","floor":1,"turns":4},{"damage":10,"enemies":"2 Louse","floor":3,"turns":3},{"damage":0,"enemies":"Cultist","floor":5,"turns":3},{"damage":24,"enemies":"Gremlin Nob","floor":6,"turns":4},{"damage":9,"enemies":"Lots of Slimes","floor":7,"turns":4},{"damage":6,"enemies":"3 Sentries","floor":10,"turns":5},{"damage":39,"enemies":"Gremlin Nob","floor":12,"turns":4}],"seed_played":"-3157664217775231546","potions_obtained":[{"floor":5,"key":"EssenceOfSteel"},{"floor":6,"key":"Poison Potion"},{"floor":7,"key":"Dexterity Potion"}],"is_trial":false,"path_per_floor":["M","?","M","$","M","E","M","R","T","E","R","E"],"character_chosen":"DEFECT","items_purchased":["Sunder","Ancient Tea Set"],"campfire_rested":1,"item_purchase_floors":[4,4],"current_hp_per_floor":[56,56,46,46,46,22,13,35,35,29,29,0],"gold":97,"neow_bonus":"BOSS_RELIC","is_prod":false,"is_daily":false,"chose_seed":false,"campfire_upgraded":1,"win_rate":0,"timestamp":1553290180,"path_taken":["M","?","M","$","M","E","M","R","T","E","R","E"],"build_version":"2019-01-23","purchased_purges":1,"victory":false,"max_hp_per_floor":[75,75,75,75,75,75,75,75,75,75,75,75],"card_choices":[{"not_picked":["Rebound","Turbo"],"picked":"Conserve Battery","floor":1},{"not_picked":["Barrage","Auto Shields"],"picked":"White Noise","floor":3},{"not_picked":["Lockon","Reprogram"],"picked":"BootSequence","floor":5},{"not_picked":["Streamline","Blizzard"],"picked":"White Noise","floor":6},{"not_picked":["Fusion","Stack"],"picked":"Static Discharge","floor":7},{"not_picked":["Cold Snap","Self Repair"],"picked":"Gash","floor":10}],"player_experience":133465,"relics_obtained":[{"floor":6,"key":"Torii"},{"floor":9,"key":"Unceasing Top"},{"floor":10,"key":"Bottled Flame"}],"event_choices":[{"damage_healed":0,"gold_gain":175,"player_choice":"AGREE","damage_taken":0,"max_hp_gain":0,"max_hp_loss":0,"event_name":"Liars Game","floor":2,"gold_loss":0,"cards_obtained":["Doubt"]}],"is_beta":false,"boss_relics":[],"items_purged_floors":[4],"is_endless":false,"potions_floor_spawned":[5,6,7],"killed_by":"Gremlin Nob","ascension_level":7}