{"gold_per_floor":[415,415,435,451,451,451,476,19,19,169,169,193,227,251,251,350,350,369,294,313,332,91,127,127,77,100,100,124,137,175,199,199,295,295,309,309,359,384,398,398,431,445,445,29,29,60,81,99,99,99],"floor_reached":50,"playtime":2314,"items_purged":["Strike_B","Strike_B"],"score":1171,"play_id":"02e82108-a6d2-4f30-8c9c-bc00712b8c98","local_time":"20190522213019","is_ascension_mode":true,"campfire_choices":[{"data":"Zap","floor":6.0,"key":"SMITH"},{"data":"Apotheosis","floor":11.0,"key":"SMITH"},{"data":"Hologram","floor":15.0,"key":"SMITH"},{"data":"Buffer","floor":24.0,"key":"SMITH"},{"data":"Chill","floor":27.0,"key":"SMITH"},{"data":"Echo Form","floor":32.0,"key":"SMITH"},{"data":"Self Repair","floor":40.0,"key":"SMITH"},{"floor":45.0,"key":"REST"},{"data":"Seek","floor":49.0,"key":"SMITH"}],"neow_cost":"TEN_PERCENT_HP_LOSS","seed_source_timestamp":25247015547841,"circlet_count":0,"master_deck":["AscendersBane","Defend_B","Defend_B","Defend_B","Defend_B","Zap+1","Dualcast","Conserve Battery","Ball Lightning","Leap","Hologram+1","Apotheosis+1","Sweeping Beam","Barrage","Doom and Gloom","Self Repair+1","Echo Form+1","Glacier","Chill+1","Redo","White Noise","Electrodynamics","Buffer+1","White Noise","Skim+1","Hyperbeam","Seek+1","Skim","Recycle"],"special_seed":0,"relics":["Cracked Core","Old Coin","Golden Idol","Membership Card","Omamori","Shuriken","Meat on the Bone","Snecko Eye","Lee\u0027s Waffle","Mercury Hourglass","Orichalcum","Kunai","Sozu","Letter Opener","Calipers","Medical Kit","Gambling Chip","Darkstone Periapt","Smiling Mask"],"potions_floor_usage":[],"damage_taken":[{"damage":7.0,"enemies":"Jaw Worm","floor":1.0,"turns":3.0},{"damage":0.0,"enemies":"2 Louse","floor":3.0,"turns":3.0},{"damage":3.0,"enemies":"Small Slimes","floor":4.0,"turns":3.0},{"damage":0.0,"enemies":"Gremlin Gang","floor":5.0,"turns":1.0},{"damage":6.0,"enemies":"Exordium Thugs","floor":7.0,"turns":4.0},{"damage":0.0,"enemies":"2 Fungi Beasts","floor":12.0,"turns":3.0},{"damage":10.0,"enemies":"3 Sentries","floor":13.0,"turns":5.0},{"damage":2.0,"enemies":"Large Slime","floor":14.0,"turns":4.0},{"damage":4.0,"enemies":"Slime Boss","floor":16.0,"turns":6.0},{"damage":11.0,"enemies":"Spheric Guardian","floor":18.0,"turns":4.0},{"damage":13.0,"enemies":"3 Byrds","floor":20.0,"turns":5.0},{"damage":10.0,"enemies":"Sentry and Sphere","floor":21.0,"turns":9.0},{"damage":53.0,"enemies":"Gremlin Leader","floor":23.0,"turns":5.0},{"damage":24.0,"enemies":"Shelled Parasite and Fungi","floor":28.0,"turns":10.0},{"damage":0.0,"enemies":"3 Cultists","floor":29.0,"turns":5.0},{"damage":21.0,"enemies":"Slavers","floor":30.0,"turns":2.0},{"damage":8.0,"enemies":"Snake Plant","floor":31.0,"turns":5.0},{"damage":21.0,"enemies":"Champ","floor":33.0,"turns":21.0},{"damage":46.0,"enemies":"3 Darklings","floor":35.0,"turns":4.0},{"damage":0.0,"enemies":"Orb Walker","floor":38.0,"turns":4.0},{"damage":15.0,"enemies":"Maw","floor":39.0,"turns":8.0},{"damage":76.0,"enemies":"Nemesis","floor":41.0,"turns":12.0},{"damage":12.0,"enemies":"4 Shapes","floor":42.0,"turns":6.0},{"damage":6.0,"enemies":"Reptomancer","floor":46.0,"turns":7.0},{"damage":0.0,"enemies":"Sphere and 2 Shapes","floor":47.0,"turns":4.0},{"damage":0.0,"enemies":"Maw","floor":48.0,"turns":8.0},{"damage":72,"enemies":"Awakened One","floor":50,"turns":5}],"seed_played":"-2429127374642952905","potions_obtained":[{"floor":4.0,"key":"SmokeBomb"},{"floor":7.0,"key":"SpeedPotion"},{"floor":21.0,"key":"SteroidPotion"},{"floor":23.0,"key":"Weak Potion"},{"floor":29.0,"key":"FairyPotion"}],"is_trial":false,"path_per_floor":["M","?","M","M","M","R","M","$","T","?","R","M","E","M","R","B",null,"M","?","M","M","$","E","R","$","T","R","M","M","E","M","R","B",null,"M","?","?","M","M","R","E","M","T","$","R","E","M","M","R","B"],"character_chosen":"DEFECT","items_purchased":["Membership Card","Apotheosis","Regen Potion","Sweeping Beam","Omamori","Lee\u0027s Waffle","Electrodynamics","Medical Kit","Gambling Chip","Darkstone Periapt"],"campfire_rested":1,"item_purchase_floors":[8,8,8,8,8,22,22,44,44,44],"current_hp_per_floor":[57,57,57,54,54,54,48,48,48,48,48,48,52,50,50,46,55,51,51,38,54,65,44,44,44,44,44,52,52,43,55,55,54,62,48,61,61,65,60,60,38,38,38,38,57,61,65,65,65,0],"gold":99,"neow_bonus":"ONE_RARE_RELIC","is_prod":false,"is_daily":false,"chose_seed":false,"campfire_upgraded":8,"win_rate":0,"timestamp":1558553419,"path_taken":["M","?","M","M","M","R","M","$","T","?","R","M","E","M","R","BOSS","M","?","M","?","$","E","R","$","T","R","M","M","E","M","R","BOSS","M","?","?","M","M","R","E","M","T","$","R","E","?","M","R","BOSS"],"build_version":"2019-05-07","purchased_purges":2,"victory":false,"max_hp_per_floor":[64,58,58,58,58,58,58,58,58,58,58,58,58,58,58,58,58,58,58,58,58,65,65,65,65,65,65,65,65,65,65,65,65,65,65,65,65,65,65,65,65,65,65,65,65,65,65,65,65,65],"card_choices":[{"not_picked":["Rebound","Sweeping Beam"],"picked":"Conserve Battery","floor":1.0},{"not_picked":["Melter","Fusion"],"picked":"Ball Lightning","floor":3.0},{"not_picked":["Streamline","Amplify"],"picked":"Leap","floor":4.0},{"not_picked":["Tempest","Turbo"],"picked":"Hologram","floor":7.0},{"not_picked":["Fusion","Scrape"],"picked":"Barrage","floor":12.0},{"not_picked":["Loop","Machine Learning"],"picked":"Doom and Gloom","floor":13.0},{"not_picked":["Stack","Streamline"],"picked":"Self Repair","floor":14.0},{"not_picked":["Fission","Amplify"],"picked":"Echo Form","floor":16.0},{"not_picked":["Streamline","Leap"],"picked":"Glacier","floor":18.0},{"not_picked":["Self Repair","Go for the Eyes","Cold Snap"],"picked":"SKIP","floor":20.0},{"not_picked":["Self Repair","Go for the Eyes","Cold Snap"],"picked":"SKIP","floor":20.0},{"not_picked":["Cold Snap","Sweeping Beam"],"picked":"White Noise","floor":21.0},{"not_picked":["BootSequence","Force Field"],"picked":"Buffer","floor":23.0},{"not_picked":["BootSequence","Beam Cell","Leap"],"picked":"SKIP","floor":28.0},{"not_picked":["Sweeping Beam","Rebound","Rip and Tear"],"picked":"SKIP","floor":29.0},{"not_picked":["Hyperbeam","Ball Lightning"],"picked":"White Noise","floor":30.0},{"not_picked":["Barrage","Sunder"],"picked":"Skim+1","floor":31.0},{"not_picked":["Rainbow","Electrodynamics"],"picked":"Hyperbeam","floor":33.0},{"not_picked":["Chill+1","Leap","Beam Cell"],"picked":"SKIP","floor":35.0},{"not_picked":["Rebound","Go for the Eyes","Barrage"],"picked":"SKIP","floor":38.0},{"not_picked":["Barrage","Hologram","Beam Cell+1"],"picked":"SKIP","floor":39.0},{"not_picked":["Amplify","Barrage","Turbo+1"],"picked":"SKIP","floor":41.0},{"not_picked":["Conserve Battery","Hologram"],"picked":"Seek","floor":42.0},{"not_picked":["Buffer","Rebound"],"picked":"Skim","floor":46.0},{"not_picked":["Go for the Eyes","Leap"],"picked":"Recycle","floor":47.0},{"not_picked":["Sweeping Beam","Beam Cell","Hello World+1"],"picked":"SKIP","floor":48.0}],"player_experience":1591960,"relics_obtained":[{"floor":9.0,"key":"Shuriken"},{"floor":13.0,"key":"Meat on the Bone"},{"floor":23.0,"key":"Mercury Hourglass"},{"floor":26.0,"key":"Orichalcum"},{"floor":30.0,"key":"Kunai"},{"floor":41.0,"key":"Letter Opener"},{"floor":43.0,"key":"Calipers"},{"floor":46.0,"key":"Smiling Mask"}],"event_choices":[{"damage_healed":0.0,"max_hp_gain":0.0,"max_hp_loss":6.0,"gold_gain":0.0,"event_name":"Golden Idol","player_choice":"Lose Max HP","floor":2.0,"gold_loss":0.0,"damage_taken":0.0,"relics_obtained":["Golden Idol"]},{"damage_healed":0.0,"max_hp_gain":0.0,"max_hp_loss":0.0,"gold_gain":150.0,"event_name":"Liars Game","player_choice":"AGREE","floor":10.0,"gold_loss":0.0,"damage_taken":0.0,"cards_obtained":["Doubt"]},{"damage_healed":0.0,"max_hp_gain":0.0,"max_hp_loss":0.0,"gold_gain":0.0,"cards_transformed":["Strike_B","Strike_B"],"event_name":"Designer","player_choice":"Transformed Cards","floor":19.0,"gold_loss":75.0,"damage_taken":0.0,"cards_obtained":["Chill","Redo"]},{"damage_healed":13.0,"max_hp_gain":0.0,"max_hp_loss":0.0,"gold_gain":0.0,"event_name":"Winding Halls","player_choice":"Writhe","floor":36.0,"gold_loss":0.0,"damage_taken":0.0,"cards_obtained":["Writhe"]},{"damage_healed":0.0,"max_hp_gain":0.0,"max_hp_loss":0.0,"gold_gain":50.0,"event_name":"Golden Shrine","player_choice":"Pray","floor":37.0,"gold_loss":0.0,"damage_taken":0.0}],"is_beta":true,"boss_relics":[{"not_picked":["Philosopher\u0027s Stone","Empty Cage"],"picked":"Snecko Eye"},{"not_picked":["Black Star","FrozenCore"],"picked":"Sozu"}],"items_purged_floors":[22,25],"is_endless":false,"potions_floor_spawned":[4,5,7,12,21,23,29,33,39,41,42,47,48],"killed_by":"Awakened One","ascension_level":20}