{"gold_per_floor":[117,117,42,65,65,65,105,9,9,9,27,43,43,83,83,206,206,227,245,245,245,67,67,108,108,131,145,169,208,244,16,16,136,136,160,493,493,506,84,84,109,128,173,173,186,205,225,245,245,245],"floor_reached":51,"playtime":3552,"items_purged":["Strike_G","Strike_G","Strike_G"],"score":1102,"play_id":"ad0ba718-640c-4c25-aef2-0ed61c951f50","local_time":"20190503194032","is_ascension_mode":true,"campfire_choices":[{"data":"A Thousand Cuts","floor":6,"key":"SMITH"},{"floor":13,"key":"REST"},{"data":"Accuracy","floor":15,"key":"SMITH"},{"data":"Cloak And Dagger","floor":23,"key":"SMITH"},{"data":"Cloak And Dagger","floor":25,"key":"SMITH"},{"floor":32,"key":"REST"},{"data":"Blade Dance","floor":40,"key":"SMITH"},{"floor":44,"key":"REST"},{"data":"Dash","floor":49,"key":"SMITH"}],"neow_cost":"NONE","seed_source_timestamp":0,"circlet_count":0,"master_deck":["Defend_G","Defend_G","Defend_G","Defend_G","Defend_G","Strike_G","Strike_G","Survivor","Neutralize","A Thousand Cuts+1","Underhanded Strike","Endless Agony","Bouncing Flask","Cloak And Dagger+1","Accuracy+1","Cloak And Dagger+1","Venomology","Dagger Throw","Choke","Backflip","Predator","Expertise","Glass Knife","Calculated Gamble","Necronomicurse","Footwork","Riddle With Holes+1","Cloak And Dagger+1","Burst","Dash+1","Blade Dance+1","Dash+1"],"special_seed":0,"relics":["Ring of the Snake","Ninja Scroll","Ornamental Fan","Mercury Hourglass","Orrery","Necronomicon","Gambling Chip","Regal Pillow","MawBank","Kunai","Lizard Tail","Gremlin Horn","Art of War","Vajra"],"potions_floor_usage":[14,16,19,24,24,27,28,33,33,33,33,41,41,41,41,41,42,42,46,48,48,50,50],"damage_taken":[{"damage":0,"enemies":"2 Louse","floor":1,"turns":5},{"damage":4,"enemies":"Jaw Worm","floor":4,"turns":7},{"damage":34,"enemies":"Gremlin Nob","floor":7,"turns":5},{"damage":0,"enemies":"Cultist","floor":11,"turns":3},{"damage":0,"enemies":"Red Slaver","floor":12,"turns":2},{"damage":12,"enemies":"3 Sentries","floor":14,"turns":6},{"damage":33,"enemies":"The Guardian","floor":16,"turns":12},{"damage":3,"enemies":"2 Thieves","floor":18,"turns":3},{"damage":0,"enemies":"Chosen","floor":19,"turns":3},{"damage":1,"enemies":"Gremlin Leader","floor":24,"turns":4},{"damage":8,"enemies":"Centurion and Healer","floor":27,"turns":5},{"damage":0,"enemies":"3 Cultists","floor":28,"turns":2},{"damage":4,"enemies":"Slavers","floor":29,"turns":3},{"damage":10,"enemies":"Snecko","floor":30,"turns":3},{"damage":61,"enemies":"Champ","floor":33,"turns":11},{"damage":32,"enemies":"3 Darklings","floor":35,"turns":6},{"damage":0,"enemies":"3 Shapes","floor":38,"turns":4},{"damage":97,"enemies":"Giant Head","floor":41,"turns":9},{"damage":3,"enemies":"Spire Growth","floor":42,"turns":3},{"damage":2,"enemies":"Sphere and 2 Shapes","floor":45,"turns":3},{"damage":0,"enemies":"3 Darklings","floor":46,"turns":2},{"damage":0,"enemies":"4 Shapes","floor":47,"turns":2},{"damage":0,"enemies":"Transient","floor":48,"turns":5},{"damage":22,"enemies":"Awakened One","floor":50,"turns":16}],"seed_played":"3671399360440814568","potions_obtained":[{"floor":4,"key":"GhostInAJar"},{"floor":7,"key":"LiquidBronze"},{"floor":16,"key":"GamblersBrew"},{"floor":18,"key":"Explosive Potion"},{"floor":24,"key":"Weak Potion"},{"floor":28,"key":"GhostInAJar"},{"floor":29,"key":"PowerPotion"},{"floor":35,"key":"GamblersBrew"},{"floor":45,"key":"Dexterity Potion"},{"floor":47,"key":"PowerPotion"}],"is_trial":false,"path_per_floor":["M","?","$","M","$","R","E","$","T","?","M","M","R","E","R","B",null,"M","M","?","?","$","R","E","R","T","M","M","E","M","$","R","B",null,"M","?","?","M","$","R","E","M","T","R","M","M","M","M","R","B",null],"character_chosen":"THE_SILENT","items_purchased":["Cloak And Dagger","Accuracy","Footwork","Kunai","Gremlin Horn","Blade Dance"],"campfire_rested":3,"item_purchase_floors":[8,8,22,31,39,39],"current_hp_per_floor":[70,53,53,49,49,49,15,15,15,32,32,32,53,41,41,8,70,67,67,51,51,51,51,50,50,50,42,42,38,28,28,63,2,67,35,35,77,77,77,77,38,35,35,73,71,71,71,71,71,49],"gold":245,"neow_bonus":"ONE_RANDOM_RARE_CARD","is_prod":false,"is_daily":false,"chose_seed":false,"campfire_upgraded":6,"win_rate":0,"timestamp":1556937632,"path_taken":["M","?","?","M","?","R","E","$","T","?","M","M","R","E","R","BOSS","M","M","?","?","$","R","E","R","T","M","M","E","?","?","R","BOSS","M","?","?","M","$","R","E","M","T","R","M","M","M","?","R","BOSS"],"build_version":"2019-01-23","purchased_purges":3,"victory":true,"max_hp_per_floor":[70,70,70,70,70,70,70,70,70,70,70,70,70,70,70,70,70,70,70,70,67,67,67,67,67,67,67,67,67,67,67,67,67,67,67,67,77,77,77,77,77,77,77,77,77,77,77,77,77,77],"card_choices":[{"not_picked":["Poisoned Stab","Bouncing Flask"],"picked":"Underhanded Strike","floor":1},{"not_picked":["Outmaneuver","Expertise"],"picked":"Endless Agony","floor":4},{"not_picked":["Bane","Deadly Poison"],"picked":"Bouncing Flask","floor":7},{"not_picked":["Dagger Throw","Flechettes"],"picked":"Cloak And Dagger","floor":11},{"not_picked":["Escape Plan","Sucker Punch"],"picked":"Venomology","floor":12},{"not_picked":["Outmaneuver","Deflect"],"picked":"Dagger Throw","floor":14},{"not_picked":["After Image","Venomology"],"picked":"Storm of Steel","floor":16},{"not_picked":["Dash","Deflect"],"picked":"Choke","floor":17},{"not_picked":["Cloak And Dagger","Dagger Spray"],"picked":"Backflip","floor":17},{"not_picked":["Backflip","Dodge and Roll"],"picked":"Predator","floor":17},{"not_picked":["Quick Slash","Catalyst"],"picked":"Expertise","floor":17},{"not_picked":["Slice","Dagger Spray"],"picked":"Glass Knife","floor":17},{"not_picked":["Underhanded Strike","Dagger Throw","Poisoned Stab"],"picked":"SKIP","floor":18},{"not_picked":["Bouncing Flask","Dagger Throw"],"picked":"Calculated Gamble","floor":19},{"not_picked":["Outmaneuver","Cloak And Dagger","Storm of Steel"],"picked":"SKIP","floor":24},{"not_picked":["Endless Agony+1","Sucker Punch"],"picked":"Riddle With Holes+1","floor":27},{"not_picked":["Sucker Punch+1","Poisoned Stab","Dodge and Roll"],"picked":"SKIP","floor":28},{"not_picked":["All Out Attack","Bane","Dagger Throw"],"picked":"SKIP","floor":29},{"not_picked":["Calculated Gamble+1","Prepared+1"],"picked":"Cloak And Dagger+1","floor":30},{"not_picked":["Die Die Die","Night Terror"],"picked":"Burst","floor":33},{"not_picked":["Slice","Concentrate+1"],"picked":"Dash+1","floor":35},{"not_picked":["Reflex","Flechettes+1","Dagger Throw"],"picked":"SKIP","floor":38},{"not_picked":["Night Terror","Deflect+1"],"picked":"Dash","floor":41},{"not_picked":["Slice+1","Poisoned Stab+1","Backflip+1"],"picked":"SKIP","floor":42},{"not_picked":["Setup","Grand Finale","Tactician"],"picked":"SKIP","floor":45},{"not_picked":["Deflect","Dodge and Roll+1","Choke"],"picked":"SKIP","floor":46},{"not_picked":["Acrobatics+1","Predator+1","Dodge and Roll+1"],"picked":"SKIP","floor":47},{"not_picked":["Crippling Poison+1","Blade Dance","Quick Slash"],"picked":"SKIP","floor":48}],"player_experience":288862,"relics_obtained":[{"floor":7,"key":"Ninja Scroll"},{"floor":9,"key":"Ornamental Fan"},{"floor":14,"key":"Mercury Hourglass"},{"floor":20,"key":"Necronomicon"},{"floor":24,"key":"Gambling Chip"},{"floor":26,"key":"Regal Pillow"},{"floor":29,"key":"MawBank"},{"floor":41,"key":"Art of War"},{"floor":43,"key":"Vajra"}],"event_choices":[{"damage_healed":0,"gold_gain":0,"player_choice":"Take Damage","damage_taken":17,"relics_obtained":["Golden Idol"],"max_hp_gain":0,"max_hp_loss":0,"event_name":"Golden Idol","floor":2,"gold_loss":0},{"damage_healed":17,"gold_gain":0,"player_choice":"Healed and dodged fight","damage_taken":0,"max_hp_gain":0,"max_hp_loss":0,"event_name":"Mushrooms","floor":10,"gold_loss":0,"cards_obtained":["Parasite"]},{"damage_healed":0,"gold_gain":0,"player_choice":"Obtained Book","damage_taken":16,"max_hp_gain":0,"max_hp_loss":0,"event_name":"Cursed Tome","floor":20,"gold_loss":0},{"cards_removed":["Parasite"],"damage_healed":0,"gold_gain":0,"player_choice":"Purged","damage_taken":0,"max_hp_gain":0,"max_hp_loss":0,"event_name":"Purifier","floor":21,"gold_loss":0},{"damage_healed":0,"gold_gain":333,"player_choice":"Gave Idol","damage_taken":0,"max_hp_gain":0,"max_hp_loss":0,"event_name":"The Moai Head","floor":36,"relics_lost":["Golden Idol"],"gold_loss":0},{"cards_removed":["Storm of Steel"],"damage_healed":32,"gold_gain":0,"player_choice":"Offered Rare","damage_taken":0,"max_hp_gain":10,"max_hp_loss":0,"event_name":"Bonfire Elementals","floor":37,"gold_loss":0}],"is_beta":false,"boss_relics":[{"not_picked":["Snecko Eye","HoveringKite"],"picked":"Orrery"},{"not_picked":["Runic Dome","Calling Bell"],"picked":"Lizard Tail"}],"items_purged_floors":[3,22,39],"is_endless":false,"potions_floor_spawned":[4,7,16,18,24,28,29,35,45,47],"ascension_level":4}