{"gold_per_floor":[111,129,129,13,63,94,108,131,131,146,146,146,146,167,167,167],"floor_reached":16,"playtime":653,"items_purged":["Strike_R"],"score":204,"play_id":"aba5c57b-0ae0-4afb-b757-1b54e03c95c8","local_time":"20190608143738","is_ascension_mode":true,"campfire_choices":[{"data":"Corruption","floor":11.0,"key":"SMITH"},{"floor":15,"key":"REST"}],"neow_cost":"PERCENT_DAMAGE","seed_source_timestamp":147250018479100,"circlet_count":0,"master_deck":["AscendersBane","Strike_R","Strike_R","Strike_R","Strike_R","Defend_R","Defend_R","Defend_R","Defend_R","Bash","Carnage","Armaments+1","Corruption+1","Metallicize","Shrug It Off","True Grit","Thunderclap","Flame Barrier"],"special_seed":0,"relics":["Burning Blood","Golden Idol","Kunai","Charon\u0027s Ashes"],"potions_floor_usage":[16],"damage_taken":[{"damage":7.0,"enemies":"Jaw Worm","floor":1.0,"turns":3.0},{"damage":8.0,"enemies":"2 Louse","floor":2.0,"turns":3.0},{"damage":25.0,"enemies":"Lagavulin","floor":6.0,"turns":5.0},{"damage":0.0,"enemies":"Cultist","floor":7.0,"turns":4.0},{"damage":14.0,"enemies":"Large Slime","floor":8.0,"turns":16.0},{"damage":1.0,"enemies":"Looter","floor":10.0,"turns":4.0},{"damage":7,"enemies":"Gremlin Gang","floor":14,"turns":4},{"damage":50,"enemies":"Slime Boss","floor":16,"turns":8}],"seed_played":"2154984158263925811","potions_obtained":[{"floor":1.0,"key":"SpeedPotion"},{"floor":2.0,"key":"FearPotion"},{"floor":6.0,"key":"FearPotion"},{"floor":10.0,"key":"Swift Potion"}],"is_trial":false,"path_per_floor":["M","M","?","$","?","E","M","M","T","M","R","?","?","M","R","B"],"character_chosen":"IRONCLAD","items_purchased":["Corruption"],"campfire_rested":1,"item_purchase_floors":[4],"current_hp_per_floor":[63,61,30,30,30,11,17,9,9,14,14,19,19,18,46,0],"gold":167,"neow_bonus":"TWENTY_PERCENT_HP_BONUS","is_prod":false,"is_daily":false,"chose_seed":false,"campfire_upgraded":1,"win_rate":0,"timestamp":1560019058,"path_taken":["M","M","?","$","?","E","M","?","T","M","R","?","?","M","R","BOSS"],"build_version":"2019-01-23","purchased_purges":1,"victory":false,"max_hp_per_floor":[89,89,89,89,89,89,89,89,89,89,89,94,94,94,94,94],"card_choices":[{"not_picked":["Warcry","Seeing Red"],"picked":"Carnage","floor":1.0},{"not_picked":["Entrench","Whirlwind"],"picked":"Armaments","floor":2.0},{"not_picked":["Sword Boomerang","True Grit"],"picked":"Metallicize","floor":6.0},{"not_picked":["Rage","Ghostly Armor"],"picked":"Shrug It Off","floor":7.0},{"not_picked":["Warcry","Thunderclap"],"picked":"True Grit","floor":8.0},{"not_picked":["Cleave","Sever Soul"],"picked":"Thunderclap","floor":10.0},{"not_picked":["Headbutt","Dropkick"],"picked":"Flame Barrier","floor":14}],"player_experience":491865,"relics_obtained":[{"floor":6.0,"key":"Kunai"},{"floor":9.0,"key":"Charon\u0027s Ashes"}],"event_choices":[{"damage_healed":0.0,"max_hp_gain":0.0,"max_hp_loss":0.0,"gold_gain":0.0,"event_name":"Golden Idol","player_choice":"Take Damage","floor":3.0,"gold_loss":0.0,"damage_taken":31.0,"relics_obtained":["Golden Idol"]},{"damage_healed":0.0,"max_hp_gain":0.0,"max_hp_loss":0.0,"gold_gain":50.0,"event_name":"Golden Shrine","player_choice":"Pray","floor":5.0,"gold_loss":0.0,"damage_taken":0.0},{"damage_healed":0.0,"max_hp_gain":5.0,"max_hp_loss":0.0,"gold_gain":0.0,"event_name":"Big Fish","player_choice":"Donut","floor":12.0,"gold_loss":0.0,"damage_taken":0.0},{"damage_healed":0.0,"max_hp_gain":0.0,"max_hp_loss":0.0,"gold_gain":0.0,"event_name":"Upgrade Shrine","player_choice":"Upgraded","floor":13.0,"gold_loss":0.0,"damage_taken":0.0,"cards_upgraded":["Armaments"]}],"is_beta":false,"boss_relics":[],"items_purged_floors":[4],"is_endless":false,"potions_floor_spawned":[1,2,6,10],"killed_by":"Slime Boss","ascension_level":20}