{"gold_per_floor":[119,119,170,71,89,89,100,134,134,149,149,168,168,187,187,312,312,326,326,53,53,76,409,409,425,450,491,512,553,553,85,85,215,215,240,240,94,107,152,152,186,186,211,255,269,287,306,341,341,341,341,341,15,46,46],"floor_reached":55,"playtime":2370,"items_purged":["Strike_R","Strike_R"],"score":1289,"play_id":"784a9650-52c2-4f80-a71d-8f5857d93a55","local_time":"20190508171405","is_ascension_mode":true,"campfire_choices":[{"data":"Bash","floor":6.0,"key":"SMITH"},{"data":"Whirlwind","floor":13.0,"key":"SMITH"},{"data":"Spot Weakness","floor":15.0,"key":"SMITH"},{"data":"Flame Barrier","floor":24.0,"key":"SMITH"},{"data":"Sword Boomerang","floor":30.0,"key":"SMITH"},{"data":"Spot Weakness","floor":32.0,"key":"SMITH"},{"data":"Shockwave","floor":40.0,"key":"SMITH"},{"data":"Flame Barrier","floor":42.0,"key":"SMITH"},{"floor":49.0,"key":"RECALL"},{"data":"Twin Strike","floor":52.0,"key":"SMITH"}],"neow_cost":"TEN_PERCENT_HP_LOSS","seed_source_timestamp":1836030706739926,"circlet_count":0,"master_deck":["AscendersBane","Strike_R","Strike_R","Defend_R","Defend_R","Defend_R","Bash+1","Spot Weakness+1","Cleave","Anger","Spot Weakness+1","Headbutt","Flame Barrier+1","Twin Strike+1","Whirlwind+1","Shrug It Off+1","Reaper","Dropkick","Flame Barrier+1","Shockwave+1","Sword Boomerang+1","Dropkick","Impervious","Twin Strike"],"special_seed":0,"relics":["Burning Blood","Potion Belt","Anchor","Frozen Egg 2","Pear","Golden Idol","Mark of Pain","Medical Kit","Old Coin","Vajra","Shuriken","PreservedInsect","Tiny Chest","Pantograph","Busted Crown","Dodecahedron","Bag of Preparation","Toxic Egg 2","Art of War","Letter Opener","FossilizedHelix","Bronze Scales","Kunai"],"potions_floor_usage":[55,55,55],"damage_taken":[{"damage":13.0,"enemies":"2 Louse","floor":1.0,"turns":3.0},{"damage":7.0,"enemies":"Jaw Worm","floor":5.0,"turns":3.0},{"damage":0.0,"enemies":"Cultist","floor":7.0,"turns":3.0},{"damage":40.0,"enemies":"Lagavulin","floor":8.0,"turns":6.0},{"damage":1.0,"enemies":"Large Slime","floor":10.0,"turns":6.0},{"damage":6.0,"enemies":"Looter","floor":12.0,"turns":3.0},{"damage":0.0,"enemies":"3 Louse","floor":14.0,"turns":3.0},{"damage":17.0,"enemies":"The Guardian","floor":16.0,"turns":8.0},{"damage":13.0,"enemies":"Shell Parasite","floor":18.0,"turns":5.0},{"damage":2.0,"enemies":"Chosen","floor":22.0,"turns":3.0},{"damage":49.0,"enemies":"Slavers","floor":23.0,"turns":5.0},{"damage":9.0,"enemies":"Snake Plant","floor":25.0,"turns":4.0},{"damage":2.0,"enemies":"Gremlin Leader","floor":27.0,"turns":6.0},{"damage":0.0,"enemies":"Centurion and Healer","floor":28.0,"turns":3.0},{"damage":35.0,"enemies":"Book of Stabbing","floor":29.0,"turns":5.0},{"damage":73.0,"enemies":"Automaton","floor":33.0,"turns":8.0},{"damage":1.0,"enemies":"3 Shapes","floor":35.0,"turns":3.0},{"damage":0.0,"enemies":"3 Darklings","floor":38.0,"turns":4.0},{"damage":5.0,"enemies":"Nemesis","floor":41.0,"turns":5.0},{"damage":4.0,"enemies":"Giant Head","floor":44.0,"turns":6.0},{"damage":0.0,"enemies":"Sphere and 2 Shapes","floor":45.0,"turns":3.0},{"damage":28.0,"enemies":"4 Shapes","floor":46.0,"turns":2.0},{"damage":14.0,"enemies":"Spire Growth","floor":47.0,"turns":4.0},{"damage":0.0,"enemies":"Reptomancer","floor":48.0,"turns":3.0},{"damage":96.0,"enemies":"Awakened One","floor":50.0,"turns":9.0},{"damage":21.0,"enemies":"Shield and Spear","floor":54.0,"turns":5.0},{"damage":151,"enemies":"The Heart","floor":55,"turns":8}],"seed_played":"-2301905837032063555","potions_obtained":[{"floor":5.0,"key":"SkillPotion"},{"floor":8.0,"key":"Fruit Juice"},{"floor":12.0,"key":"Energy Potion"},{"floor":14.0,"key":"Swift Potion"},{"floor":23.0,"key":"Fire Potion"},{"floor":25.0,"key":"SteroidPotion"},{"floor":28.0,"key":"EssenceOfSteel"},{"floor":29.0,"key":"SpeedPotion"},{"floor":41.0,"key":"Weak Potion"},{"floor":45.0,"key":"FearPotion"},{"floor":47.0,"key":"AttackPotion"},{"floor":48.0,"key":"Swift Potion"},{"floor":54.0,"key":"Strength Potion"}],"is_trial":false,"path_per_floor":["M","?","T","$","M","R","M","E","T","M","?","M","R","M","R","B",null,"M","?","$","?","M","E","R","M","T","E","M","E","R","$","R","B",null,"M","T","$","M","T","R","E","R","T","E","M","M","M","E","R","B",null,"R","$","E","B"],"character_chosen":"IRONCLAD","items_purchased":["Cleave","Anger","Medical Kit","Dropkick","Dropkick","Tiny Chest","Pantograph","Bag of Preparation","Bronze Scales","PowerPotion","Twin Strike"],"campfire_rested":0,"item_purchase_floors":[4,4,20,20,31,31,31,37,53,53,53],"current_hp_per_floor":[65,58,58,58,57,57,63,29,39,44,44,44,44,50,50,44,76,87,87,87,87,87,61,61,58,58,62,68,54,54,54,54,35,74,79,79,79,87,87,87,87,87,87,87,87,70,75,81,81,21,71,71,71,59,0],"gold":46,"neow_bonus":"REMOVE_TWO","is_prod":false,"is_daily":false,"chose_seed":false,"campfire_upgraded":9,"win_rate":0,"timestamp":1557328445,"path_taken":["M","?","?","$","M","R","M","E","T","?","?","M","R","M","R","BOSS","M","?","$","?","M","E","R","M","T","E","M","E","R","$","R","BOSS","M","?","$","M","?","R","E","R","T","E","M","?","M","E","R","BOSS","R","$","E","BOSS"],"build_version":"2019-01-23","purchased_purges":2,"victory":false,"max_hp_per_floor":[72,72,72,72,72,72,72,72,82,82,82,82,82,82,82,87,87,87,87,87,87,87,87,87,87,87,87,87,87,87,87,87,87,87,87,87,87,87,87,87,87,87,87,87,87,87,87,87,87,87,87,87,87,87,87],"card_choices":[{"not_picked":["Warcry","Flex"],"picked":"Spot Weakness","floor":1.0},{"not_picked":["Cleave","Pommel Strike"],"picked":"Spot Weakness","floor":5.0},{"not_picked":["Rupture","Havoc"],"picked":"Headbutt","floor":7.0},{"not_picked":["Entrench","Clash"],"picked":"Flame Barrier","floor":8.0},{"not_picked":["Body Slam","Shockwave"],"picked":"Twin Strike","floor":10.0},{"not_picked":["Carnage","True Grit"],"picked":"Whirlwind","floor":12.0},{"not_picked":["Heavy Blade","Sword Boomerang"],"picked":"Shrug It Off","floor":14.0},{"not_picked":["Fiend Fire","Brutality+1"],"picked":"Reaper","floor":16.0},{"not_picked":["Havoc","Armaments","Reckless Charge"],"picked":"SKIP","floor":18.0},{"not_picked":["Armaments","Carnage"],"picked":"Flame Barrier","floor":22.0},{"not_picked":["Headbutt","Iron Wave+1"],"picked":"Shockwave","floor":23.0},{"not_picked":["Anger","Disarm"],"picked":"Sword Boomerang","floor":25.0},{"not_picked":["Clothesline","Evolve+1","Feel No Pain+1"],"picked":"SKIP","floor":27.0},{"not_picked":["True Grit","Rage","Shockwave"],"picked":"SKIP","floor":28.0},{"not_picked":["Clothesline","Burning Pact","Wild Strike+1"],"picked":"SKIP","floor":29.0},{"not_picked":["Barricade+1","Fiend Fire"],"picked":"Impervious","floor":33.0},{"not_picked":["Warcry"],"picked":"SKIP","floor":35.0},{"not_picked":["Iron Wave"],"picked":"SKIP","floor":38.0},{"not_picked":["Bloodletting"],"picked":"SKIP","floor":41.0},{"not_picked":["Flex+1"],"picked":"SKIP","floor":44.0},{"not_picked":["Uppercut"],"picked":"SKIP","floor":45.0},{"not_picked":["Pommel Strike"],"picked":"SKIP","floor":46.0},{"not_picked":["Armaments+1"],"picked":"SKIP","floor":47.0},{"not_picked":["Sword Boomerang"],"picked":"SKIP","floor":48.0},{"not_picked":["Flex+1"],"picked":"SKIP","floor":54.0}],"player_experience":273271,"relics_obtained":[{"floor":3.0,"key":"Anchor"},{"floor":8.0,"key":"Frozen Egg 2"},{"floor":9.0,"key":"Pear"},{"floor":23.0,"key":"Old Coin"},{"floor":26.0,"key":"Vajra"},{"floor":27.0,"key":"Shuriken"},{"floor":29.0,"key":"PreservedInsect"},{"floor":36.0,"key":"Dodecahedron"},{"floor":41.0,"key":"Toxic Egg 2"},{"floor":43.0,"key":"Art of War"},{"floor":44.0,"key":"Letter Opener"},{"floor":48.0,"key":"FossilizedHelix"},{"floor":54.0,"key":"Kunai"}],"event_choices":[{"damage_healed":0.0,"max_hp_gain":0.0,"max_hp_loss":0.0,"gold_gain":0.0,"event_name":"Scrap Ooze","player_choice":"Success","floor":2.0,"gold_loss":0.0,"damage_taken":7.0,"relics_obtained":["Potion Belt"]},{"damage_healed":0.0,"max_hp_gain":0.0,"max_hp_loss":0.0,"gold_gain":0.0,"event_name":"Golden Idol","player_choice":"Take Wound","floor":11.0,"gold_loss":0.0,"damage_taken":0.0,"relics_obtained":["Golden Idol"],"cards_obtained":["Injury"]},{"cards_removed":["Injury"],"damage_healed":0.0,"max_hp_gain":0.0,"max_hp_loss":0.0,"gold_gain":0.0,"event_name":"Back to Basics","player_choice":"Elegance","floor":19.0,"gold_loss":0.0,"damage_taken":0.0},{"damage_healed":0.0,"max_hp_gain":0.0,"max_hp_loss":0.0,"gold_gain":0.0,"event_name":"Upgrade Shrine","player_choice":"Upgraded","floor":21.0,"gold_loss":0.0,"damage_taken":0.0,"cards_upgraded":["Shrug It Off"]}],"is_beta":false,"boss_relics":[{"not_picked":["Lizard Tail","Black Blood"],"picked":"Mark of Pain"},{"not_picked":["Runic Pyramid","Pandora\u0027s Box"],"picked":"Busted Crown"}],"items_purged_floors":[31,53],"is_endless":false,"potions_floor_spawned":[5,8,12,14,23,25,28,29,41,45,47,48,54],"killed_by":"The Heart","ascension_level":12}