{"gold_per_floor":[114,125,139,139,157,188,188,213,213,213,68,98,98,117,117,217,217,231,156,172,172,191,225,325,325,325,342,377,393,393,421,421,522,522,542,559,576,576,576,576,601,99,99,114,114,132,143,163,163,163,163,163,38,73,73],"floor_reached":55,"playtime":3401,"items_purged":["Strike_G","Defend_G","Defend_G"],"score":1078,"play_id":"73413eda-4125-44ad-b305-d32db5410f1b","local_time":"20190320181336","is_ascension_mode":true,"campfire_choices":[{"data":"Caltrops","floor":7.0,"key":"SMITH"},{"data":"Cloak And Dagger","floor":10.0,"key":"SMITH"},{"floor":13.0,"key":"REST"},{"data":"Skewer","floor":15.0,"key":"SMITH"},{"data":"Accuracy","floor":25.0,"key":"SMITH"},{"data":"Burst","floor":30.0,"key":"SMITH"},{"floor":32.0,"key":"REST"},{"floor":40.0,"key":"REST"},{"floor":45.0,"key":"RECALL"},{"floor":49.0,"key":"REST"},{"data":"A Thousand Cuts","floor":52.0,"key":"SMITH"}],"neow_cost":"NONE","seed_source_timestamp":541929764549537,"circlet_count":0,"master_deck":["Defend_G","Defend_G","Strike_G","Survivor","Neutralize","Cloak And Dagger+1","Cloak And Dagger+1","Adrenaline","Predator","Caltrops+1","Well Laid Plans","Skewer+1","Burst+1","Burst+1","Tactician+1","Infinite Blades+1","PiercingWail+1","Blade Dance","Accuracy+1","Blur","Caltrops","A Thousand Cuts+1","Terror"],"special_seed":0,"relics":["Ring of the Snake","Boot","WingedGreaves","Dodecahedron","Ninja Scroll","Bottled Tornado","Astrolabe","PreservedInsect","Shovel","Sundial","Centennial Puzzle","Busted Crown","Kunai","Ornamental Fan","Lantern","Calipers"],"potions_floor_usage":[54,55,55],"damage_taken":[{"damage":1.0,"enemies":"Small Slimes","floor":1.0,"turns":4.0},{"damage":0.0,"enemies":"2 Louse","floor":2.0,"turns":3.0},{"damage":0.0,"enemies":"Jaw Worm","floor":3.0,"turns":4.0},{"damage":0.0,"enemies":"Exordium Thugs","floor":5.0,"turns":4.0},{"damage":23.0,"enemies":"Lagavulin","floor":6.0,"turns":8.0},{"damage":6.0,"enemies":"3 Sentries","floor":8.0,"turns":7.0},{"damage":10.0,"enemies":"Lagavulin","floor":12.0,"turns":5.0},{"damage":0.0,"enemies":"Exordium Wildlife","floor":14.0,"turns":2.0},{"damage":6.0,"enemies":"Slime Boss","floor":16.0,"turns":9.0},{"damage":0.0,"enemies":"Chosen","floor":18.0,"turns":3.0},{"damage":0.0,"enemies":"3 Byrds","floor":20.0,"turns":3.0},{"damage":6.0,"enemies":"Cultist and Chosen","floor":22.0,"turns":4.0},{"damage":0.0,"enemies":"Book of Stabbing","floor":23.0,"turns":6.0},{"damage":0.0,"enemies":"Centurion and Healer","floor":27.0,"turns":4.0},{"damage":2.0,"enemies":"Slavers","floor":28.0,"turns":4.0},{"damage":6.0,"enemies":"Chosen and Byrds","floor":29.0,"turns":5.0},{"damage":22.0,"enemies":"Gremlin Leader","floor":31.0,"turns":5.0},{"damage":40.0,"enemies":"Champ","floor":33.0,"turns":13.0},{"damage":22.0,"enemies":"3 Darklings","floor":35.0,"turns":3.0},{"damage":0.0,"enemies":"Orb Walker","floor":36.0,"turns":3.0},{"damage":21.0,"enemies":"Transient","floor":37.0,"turns":5.0},{"damage":0.0,"enemies":"Giant Head","floor":41.0,"turns":5.0},{"damage":0.0,"enemies":"3 Darklings","floor":44.0,"turns":4.0},{"damage":4.0,"enemies":"Spire Growth","floor":46.0,"turns":4.0},{"damage":5.0,"enemies":"Writhing Mass","floor":47.0,"turns":4.0},{"damage":6.0,"enemies":"Jaw Worm Horde","floor":48.0,"turns":3.0},{"damage":0.0,"enemies":"Awakened One","floor":50.0,"turns":13.0},{"damage":10,"enemies":"Shield and Spear","floor":54,"turns":3},{"damage":54,"enemies":"The Heart","floor":55,"turns":5}],"seed_played":"2398353642360693057","potions_obtained":[{"floor":2.0,"key":"Dexterity Potion"},{"floor":12.0,"key":"SkillPotion"},{"floor":14.0,"key":"Strength Potion"},{"floor":18.0,"key":"Block Potion"},{"floor":22.0,"key":"Weak Potion"},{"floor":23.0,"key":"LiquidBronze"},{"floor":33.0,"key":"SkillPotion"},{"floor":35.0,"key":"Fire Potion"},{"floor":36.0,"key":"LiquidBronze"},{"floor":37.0,"key":"GhostInAJar"},{"floor":44.0,"key":"FairyPotion"},{"floor":54,"key":"Weak Potion"}],"is_trial":false,"path_per_floor":["M","M","M","?","M","E","R","E","T","R","$","E","R","M","R","B",null,"M","?","M","?","M","E","?","R","T","M","E","M","R","E","R","B",null,"M","M","M","?","?","R","E","$","T","M","R","M","M","M","R","B",null,"R","$","E","B"],"character_chosen":"THE_SILENT","items_purchased":["Well Laid Plans","Ornamental Fan","Lantern"],"campfire_rested":4,"item_purchase_floors":[11,42,42],"current_hp_per_floor":[62,62,62,62,62,39,39,33,33,33,33,23,44,44,44,38,62,62,62,62,62,56,56,56,56,56,56,54,48,48,26,47,7,54,32,32,11,11,11,30,30,30,30,30,30,26,21,15,34,34,58,58,58,48,0],"gold":73,"neow_bonus":"RANDOM_COMMON_RELIC","is_prod":false,"is_daily":false,"chose_seed":false,"campfire_upgraded":6,"win_rate":0,"timestamp":1553102016,"path_taken":["M","M","M","?","M","E","R","E","T","R","$","E","R","M","R","BOSS","M","?","M","?","M","E","?","R","T","M","E","M","R","E","R","BOSS","M","M","M","?","?","R","E","$","T","M","R","M","?","M","R","BOSS","R","$","E","BOSS"],"build_version":"2019-01-23","purchased_purges":3,"victory":false,"max_hp_per_floor":[70,70,70,70,70,70,70,70,70,70,70,70,70,70,70,70,70,70,70,70,70,70,70,70,70,70,70,70,70,70,70,70,70,70,70,70,70,66,66,66,66,66,66,66,66,66,66,66,66,66,66,66,66,66,66],"card_choices":[{"not_picked":["Outmaneuver","Infinite Blades"],"picked":"Cloak And Dagger","floor":1.0},{"not_picked":["Backflip","Escape Plan"],"picked":"Cloak And Dagger","floor":2.0},{"not_picked":["Underhanded Strike","Dagger Throw"],"picked":"Adrenaline","floor":3.0},{"not_picked":["Poisoned Stab","Bane"],"picked":"Predator","floor":5.0},{"not_picked":["Endless Agony","Skewer"],"picked":"Caltrops","floor":6.0},{"not_picked":["Slice","Crippling Poison","Choke"],"picked":"SKIP","floor":8.0},{"not_picked":["Sucker Punch","Acrobatics","Catalyst"],"picked":"SKIP","floor":12.0},{"not_picked":["Heel Hook","Catalyst"],"picked":"Skewer","floor":14.0},{"not_picked":["Doppelganger","Adrenaline"],"picked":"Burst","floor":16.0},{"not_picked":["Bane","Masterful Stab"],"picked":"PiercingWail+1","floor":18.0},{"not_picked":["Endless Agony","Sucker Punch+1"],"picked":"Blade Dance","floor":20.0},{"not_picked":["PiercingWail+1","Underhanded Strike","Flying Knee+1"],"picked":"SKIP","floor":22.0},{"not_picked":["Grand Finale","Heel Hook"],"picked":"Accuracy","floor":23.0},{"not_picked":["Quick Slash","Slice","PiercingWail+1"],"picked":"SKIP","floor":27.0},{"not_picked":["Doppelganger","Caltrops"],"picked":"Blur","floor":28.0},{"not_picked":["Outmaneuver","Slice+1"],"picked":"Caltrops","floor":29.0},{"not_picked":["Bullet Time","Prepared","Acrobatics"],"picked":"SKIP","floor":31.0},{"not_picked":["Tools of the Trade","Bullet Time"],"picked":"A Thousand Cuts","floor":33.0},{"not_picked":["Dodge and Roll"],"picked":"SKIP","floor":35.0},{"not_picked":["Skewer+1"],"picked":"SKIP","floor":36.0},{"not_picked":["Deflect+1"],"picked":"SKIP","floor":37.0},{"not_picked":["Slice"],"picked":"SKIP","floor":41.0},{"not_picked":["Underhanded Strike+1"],"picked":"SKIP","floor":44.0},{"not_picked":["Poisoned Stab"],"picked":"SKIP","floor":46.0},{"not_picked":["Deflect+1"],"picked":"SKIP","floor":47.0},{"not_picked":["Predator"],"picked":"SKIP","floor":48.0},{"not_picked":["Quick Slash+1"],"picked":"SKIP","floor":54}],"player_experience":109150,"relics_obtained":[{"floor":6.0,"key":"WingedGreaves"},{"floor":8.0,"key":"Dodecahedron"},{"floor":9.0,"key":"Ninja Scroll"},{"floor":12.0,"key":"Bottled Tornado"},{"floor":23.0,"key":"PreservedInsect"},{"floor":26.0,"key":"Shovel"},{"floor":28.0,"key":"Sundial"},{"floor":31.0,"key":"Centennial Puzzle"},{"floor":41.0,"key":"Kunai"},{"floor":54,"key":"Calipers"}],"event_choices":[{"damage_healed":0.0,"max_hp_gain":0.0,"max_hp_loss":0.0,"gold_gain":0.0,"event_name":"Living Wall","player_choice":"Grow","floor":4.0,"gold_loss":0.0,"damage_taken":0.0,"cards_upgraded":["Cloak And Dagger"]},{"cards_removed":["Strike_G"],"damage_healed":0.0,"max_hp_gain":0.0,"max_hp_loss":0.0,"gold_gain":0.0,"event_name":"Beggar","player_choice":"Gave Gold","floor":19.0,"gold_loss":75.0,"damage_taken":0.0},{"damage_healed":0.0,"max_hp_gain":0.0,"max_hp_loss":0.0,"gold_gain":0.0,"event_name":"Vampires","player_choice":"Ignored","floor":21.0,"gold_loss":0.0,"damage_taken":0.0},{"damage_healed":0.0,"max_hp_gain":0.0,"max_hp_loss":0.0,"gold_gain":100.0,"event_name":"Golden Shrine","player_choice":"Pray","floor":24.0,"gold_loss":0.0,"damage_taken":0.0},{"damage_healed":0.0,"max_hp_gain":0.0,"max_hp_loss":4.0,"gold_gain":0.0,"event_name":"Winding Halls","player_choice":"Max HP","floor":38.0,"gold_loss":0.0,"damage_taken":0.0},{"damage_healed":0.0,"max_hp_gain":0.0,"max_hp_loss":0.0,"gold_gain":0.0,"event_name":"Match and Keep!","player_choice":"1 cards matched","floor":39.0,"gold_loss":0.0,"damage_taken":0.0,"cards_obtained":["Terror"]}],"is_beta":false,"boss_relics":[{"not_picked":["Tiny House","Velvet Choker"],"picked":"Astrolabe"},{"not_picked":["Lizard Tail","White Beast Statue"],"picked":"Busted Crown"}],"items_purged_floors":[11,42,53],"is_endless":false,"potions_floor_spawned":[2,12,14,18,22,23,33,35,36,37,44,54],"killed_by":"The Heart","ascension_level":6}