{"gold_per_floor":[114,131,147,73,123,123,149,74,101,101,101,176,176,186,186,263,263,277,202,252,26,26,44,44],"floor_reached":24,"playtime":777,"items_purged":["Defend_G","Strike_G"],"score":336,"play_id":"9c82945d-6825-4c96-b412-891d6413704f","local_time":"20190526193550","is_ascension_mode":true,"campfire_choices":[{"data":"Envenom","floor":6,"key":"SMITH"},{"data":"Cloak And Dagger","floor":11,"key":"SMITH"},{"floor":13,"key":"REST"},{"floor":15,"key":"REST"}],"neow_cost":"NONE","seed_source_timestamp":783496855014420,"circlet_count":0,"master_deck":["AscendersBane","Defend_G","Defend_G","Defend_G","Defend_G","Strike_G","Strike_G","Strike_G","Survivor+1","Neutralize","Envenom+1","Finisher","Footwork","Cloak And Dagger+1","Slice","Bane+1","Cloak And Dagger","Blade Dance","Infinite Blades","Bane","Panacea"],"relics":["Ring of the Snake","Snake Skull","Centennial Puzzle","Runic Dome"],"potions_floor_usage":[7,7],"damage_taken":[{"damage":7,"enemies":"Small Slimes","floor":1,"turns":6},{"damage":3,"enemies":"Cultist","floor":2,"turns":4},{"damage":0,"enemies":"2 Louse","floor":3,"turns":3},{"damage":14,"enemies":"3 Sentries","floor":7,"turns":11},{"damage":4,"enemies":"2 Fungi Beasts","floor":14,"turns":3},{"damage":18,"enemies":"Slime Boss","floor":16,"turns":8},{"damage":18,"enemies":"Shell Parasite","floor":18,"turns":5},{"damage":14,"enemies":"2 Thieves","floor":23,"turns":5},{"damage":20,"enemies":"Shelled Parasite and Fungi","floor":24,"turns":2}],"seed_played":"1592125985893784782","potions_obtained":[{"floor":1,"key":"Swift Potion"},{"floor":2,"key":"Dexterity Potion"},{"floor":18,"key":"FearPotion"},{"floor":23,"key":"SpeedPotion"}],"is_trial":false,"path_per_floor":["M","M","M","$","?","R","E","$","T","?","R","?","R","M","R","B",null,"M","?","?","$","?","M","M"],"character_chosen":"THE_SILENT","items_purchased":["Slice","Bane","Infinite Blades","Bane"],"campfire_rested":2,"item_purchase_floors":[4,4,21,21],"current_hp_per_floor":[52,49,49,49,49,49,35,35,35,15,15,4,23,19,38,20,55,37,37,37,37,25,11,0],"gold":44,"neow_bonus":"ONE_RANDOM_RARE_CARD","is_prod":false,"is_daily":false,"chose_seed":false,"campfire_upgraded":2,"win_rate":0,"timestamp":1558892150,"path_taken":["M","M","M","$","?","R","E","?","T","?","R","?","R","M","R","BOSS","M","?","?","$","?","M","M"],"build_version":"2019-01-23","purchased_purges":2,"victory":false,"max_hp_per_floor":[66,66,66,66,66,66,66,66,66,66,66,66,66,66,66,66,66,66,66,66,66,66,66,66],"card_choices":[{"not_picked":["Footwork","Calculated Gamble"],"picked":"Finisher","floor":1},{"not_picked":["Deflect","Masterful Stab"],"picked":"Footwork","floor":2},{"not_picked":["Choke","Poisoned Stab"],"picked":"Cloak And Dagger","floor":3},{"not_picked":["Backflip","Flying Knee"],"picked":"Cloak And Dagger","floor":7},{"not_picked":["Tactician","Setup","Caltrops"],"picked":"SKIP","floor":14},{"not_picked":["Footwork","Acrobatics"],"picked":"Blade Dance","floor":18},{"not_picked":["Prepared","Poisoned Stab","Flying Knee+1"],"picked":"SKIP","floor":23}],"player_experience":425425,"relics_obtained":[{"floor":7,"key":"Snake Skull"},{"floor":9,"key":"Centennial Puzzle"}],"event_choices":[{"damage_healed":0,"gold_gain":50,"player_choice":"Pray","damage_taken":0,"max_hp_gain":0,"max_hp_loss":0,"event_name":"Golden Shrine","floor":5,"gold_loss":0},{"damage_healed":0,"gold_gain":0,"player_choice":"Entered Light","damage_taken":20,"max_hp_gain":0,"max_hp_loss":0,"event_name":"Shining Light","floor":10,"gold_loss":0,"cards_upgraded":["Bane","Survivor"]},{"damage_healed":0,"gold_gain":75,"player_choice":"Gather Gold","damage_taken":11,"max_hp_gain":0,"max_hp_loss":0,"event_name":"World of Goop","floor":12,"gold_loss":0},{"cards_removed":["Strike_G"],"damage_healed":0,"gold_gain":0,"player_choice":"Gave Gold","damage_taken":0,"max_hp_gain":0,"max_hp_loss":0,"event_name":"Beggar","floor":19,"gold_loss":75},{"damage_healed":0,"gold_gain":50,"player_choice":"Stole From Cult","damage_taken":0,"max_hp_gain":0,"max_hp_loss":0,"event_name":"Nest","floor":20,"gold_loss":0},{"damage_healed":0,"gold_gain":0,"player_choice":"CARD ","damage_taken":12,"max_hp_gain":0,"max_hp_loss":0,"event_name":"Knowing Skull","floor":22,"potions_obtained":[],"gold_loss":0,"cards_obtained":["Panacea"]}],"is_beta":false,"boss_relics":[{"not_picked":["Runic Pyramid","Eternal Feather"],"picked":"Runic Dome"}],"items_purged_floors":[8,21],"is_endless":false,"potions_floor_spawned":[1,2,18,23],"killed_by":"Shelled Parasite and Fungi","ascension_level":15}