{"gold_per_floor":[113,125,144,154,170,170,185,185,185,185,200,200,275,37,37,136,136,148,161,161,179,196,196,212,230,299,299,299],"floor_reached":28,"playtime":1215,"items_purged":[],"score":360,"play_id":"04695dfa-c55a-4b65-89ff-a8290ba72ad0","local_time":"20190505145027","is_ascension_mode":true,"campfire_choices":[{"data":"Burning Pact","floor":6.0,"key":"SMITH"},{"data":"Bash","floor":8.0,"key":"SMITH"},{"floor":12.0,"key":"REST"},{"data":"Sever Soul","floor":15.0,"key":"SMITH"},{"floor":27,"key":"REST"}],"neow_cost":"NONE","seed_source_timestamp":1569772887888556,"circlet_count":0,"master_deck":["AscendersBane","Strike_R","Strike_R","Strike_R","Strike_R","Strike_R","Defend_R","Defend_R","Defend_R","Defend_R","Bash+1","Burning Pact+1","Sever Soul+1","Battle Trance","Clash","Flex+1","Power Through+1","Iron Wave","Flex","Warcry+1"],"special_seed":0,"relics":["Burning Blood","Oddly Smooth Stone","Singing Bowl","War Paint","Mark of Pain","Self Forming Clay"],"potions_floor_usage":[21,24,25,28,28],"damage_taken":[{"damage":4.0,"enemies":"Cultist","floor":1.0,"turns":4.0},{"damage":0.0,"enemies":"Small Slimes","floor":2.0,"turns":3.0},{"damage":12.0,"enemies":"Jaw Worm","floor":3.0,"turns":3.0},{"damage":36.0,"enemies":"Gremlin Gang","floor":4.0,"turns":7.0},{"damage":26.0,"enemies":"Lots of Slimes","floor":5.0,"turns":6.0},{"damage":6.0,"enemies":"3 Louse","floor":7.0,"turns":3.0},{"damage":20.0,"enemies":"Large Slime","floor":11.0,"turns":5.0},{"damage":15.0,"enemies":"Hexaghost","floor":16.0,"turns":10.0},{"damage":54,"enemies":"3 Byrds","floor":18,"turns":8},{"damage":2,"enemies":"Shell Parasite","floor":19,"turns":5},{"damage":6,"enemies":"Snake Plant","floor":21,"turns":4},{"damage":0,"enemies":"Centurion and Healer","floor":22,"turns":7},{"damage":32,"enemies":"3 Cultists","floor":24,"turns":6},{"damage":30,"enemies":"Snecko","floor":25,"turns":6},{"damage":80,"enemies":"Book of Stabbing","floor":28,"turns":6}],"seed_played":"-2334746900787995551","potions_obtained":[{"floor":1.0,"key":"Poison Potion"},{"floor":2.0,"key":"Fruit Juice"},{"floor":4.0,"key":"SneckoOil"},{"floor":18,"key":"Explosive Potion"},{"floor":19,"key":"Weak Potion"},{"floor":22,"key":"Fire Potion"},{"floor":24,"key":"EntropicBrew"}],"is_trial":false,"path_per_floor":["M","M","M","M","M","R","M","R","T","?","M","R","?","$","R","B",null,"M","M","?","M","M","?","M","M","T","R","E"],"character_chosen":"IRONCLAD","items_purchased":["Power Through","War Paint"],"campfire_rested":2,"item_purchase_floors":[14,14],"current_hp_per_floor":[74,80,74,44,29,29,29,29,29,29,15,40,29,29,29,20,69,23,27,97,97,97,78,54,32,32,63,0],"gold":299,"neow_bonus":"RANDOM_COMMON_RELIC","is_prod":false,"is_daily":false,"chose_seed":false,"campfire_upgraded":3,"win_rate":0,"timestamp":1557060627,"path_taken":["M","M","?","M","M","R","?","R","T","?","M","R","?","$","R","BOSS","M","M","?","?","?","?","M","M","T","R","E"],"build_version":"2019-01-23","purchased_purges":0,"victory":false,"max_hp_per_floor":[80,80,80,80,85,85,85,85,85,85,85,85,85,85,85,85,85,87,87,97,97,97,102,104,106,106,106,106],"card_choices":[{"not_picked":["Shockwave","Clash"],"picked":"Burning Pact","floor":1.0},{"not_picked":["Flex","Clash"],"picked":"Sever Soul","floor":2.0},{"not_picked":["Combust","Rupture"],"picked":"Battle Trance","floor":3.0},{"not_picked":["Dual Wield","Armaments","Sword Boomerang"],"picked":"SKIP","floor":4.0},{"not_picked":["Metallicize","Warcry"],"picked":"Clash","floor":5.0},{"not_picked":["Hemokinesis","Perfected Strike","Entrench"],"picked":"SKIP","floor":7.0},{"not_picked":["Anger","Havoc"],"picked":"Flex","floor":11.0},{"not_picked":["Offering","Limit Break"],"picked":"Feed","floor":16.0},{"not_picked":["True Grit+1","Armaments","Twin Strike"],"picked":"Singing Bowl","floor":18},{"not_picked":["Cleave","Sword Boomerang+1"],"picked":"Iron Wave","floor":19},{"not_picked":["Inflame","Entrench"],"picked":"Flex","floor":21},{"not_picked":["Shrug It Off","Pummel"],"picked":"Warcry+1","floor":22},{"not_picked":["Heavy Blade","Headbutt","Pummel"],"picked":"Singing Bowl","floor":24},{"not_picked":["Havoc","Body Slam","Cleave"],"picked":"Singing Bowl","floor":25}],"player_experience":238781,"relics_obtained":[{"floor":9.0,"key":"Singing Bowl"},{"floor":26,"key":"Self Forming Clay"}],"event_choices":[{"damage_healed":0.0,"max_hp_gain":0.0,"max_hp_loss":0.0,"gold_gain":0.0,"event_name":"Liars Game","player_choice":"Ignored","floor":10.0,"gold_loss":0.0,"damage_taken":0.0},{"damage_healed":0.0,"max_hp_gain":0.0,"max_hp_loss":0.0,"gold_gain":75.0,"event_name":"World of Goop","player_choice":"Gather Gold","floor":13.0,"gold_loss":0.0,"damage_taken":11.0},{"cards_removed":["Feed"],"damage_healed":60,"gold_gain":0,"player_choice":"Offered Rare","damage_taken":0,"max_hp_gain":10,"max_hp_loss":0,"event_name":"Bonfire Elementals","floor":20,"gold_loss":0},{"damage_healed":0,"gold_gain":0,"player_choice":"Shed Blood","damage_taken":24,"max_hp_gain":5,"max_hp_loss":0,"event_name":"Forgotten Altar","floor":23,"gold_loss":0}],"is_beta":false,"boss_relics":[{"not_picked":["Runic Pyramid","Runic Dome"],"picked":"Mark of Pain"}],"items_purged_floors":[],"is_endless":false,"potions_floor_spawned":[1,2,4,18,19,22,24],"killed_by":"Book of Stabbing","ascension_level":11}