{"gold_per_floor":[113,113,38,38,52,79,79,111,111,127,127,142,86,109,109,208,208,221,166,166,91,111,150,175,190,190,190,190,190,190,6,6,6],"floor_reached":33,"playtime":994,"items_purged":["Perfected Strike"],"score":621,"play_id":"001d8133-9e12-4f10-bc3d-390c1e82080a","local_time":"20190619220842","is_ascension_mode":true,"campfire_choices":[{"data":"Limit Break","floor":15.0,"key":"SMITH"},{"data":"True Grit","floor":27,"key":"SMITH"},{"data":"Fiend Fire","floor":29,"key":"SMITH"},{"data":"Whirlwind","floor":32,"key":"SMITH"}],"neow_cost":"NONE","seed_source_timestamp":454361965999326,"circlet_count":0,"master_deck":["AscendersBane","Defend_R","Defend_R","Defend_R","Defend_R+1","Bash+1","Twin Strike+1","Limit Break+1","True Grit+1","Second Wind","Thunderclap","Bite","Bite","Bite","Bite","Bite","Pummel+1","Fiend Fire+1","Sword Boomerang","Clash","Whirlwind+1"],"special_seed":0,"relics":["Burning Blood","NeowsBlessing","Du-Vu Doll","Orichalcum","StoneCalendar","Golden Idol","Runic Dome","Self Forming Clay","The Courier"],"potions_floor_usage":[23,33,33],"damage_taken":[{"damage":0.0,"enemies":"Small Slimes","floor":1.0,"turns":1.0},{"damage":0.0,"enemies":"2 Louse","floor":5.0,"turns":1.0},{"damage":0.0,"enemies":"Lagavulin","floor":6.0,"turns":1.0},{"damage":34.0,"enemies":"3 Sentries","floor":8.0,"turns":9.0},{"damage":6.0,"enemies":"Jaw Worm","floor":10.0,"turns":2.0},{"damage":0.0,"enemies":"Large Slime","floor":12.0,"turns":2.0},{"damage":3.0,"enemies":"2 Fungi Beasts","floor":14.0,"turns":2.0},{"damage":6.0,"enemies":"Hexaghost","floor":16.0,"turns":7.0},{"damage":12.0,"enemies":"3 Byrds","floor":18.0,"turns":6.0},{"damage":21,"enemies":"Shell Parasite","floor":22,"turns":3},{"damage":27,"enemies":"Gremlin Leader","floor":23,"turns":4},{"damage":7,"enemies":"Centurion and Healer","floor":24,"turns":5},{"damage":31,"enemies":"Cultist and Chosen","floor":25,"turns":6},{"damage":79,"enemies":"Automaton","floor":33,"turns":6}],"seed_played":"-1619631236686400642","potions_obtained":[{"floor":1.0,"key":"BloodPotion"},{"floor":8.0,"key":"LiquidBronze"},{"floor":14.0,"key":"FearPotion"},{"floor":23,"key":"Ancient Potion"},{"floor":24,"key":"GamblersBrew"}],"is_trial":false,"path_per_floor":["M","?","?","?","M","E","?","E","T","M","?","M","$","M","R","B",null,"M","$","?","?","M","E","M","M","T","R","?","R","?","$","R","B"],"character_chosen":"IRONCLAD","items_purchased":["True Grit","PowerPotion","SteroidPotion","Clash","Whirlwind"],"campfire_rested":0,"item_purchase_floors":[13,19,31,31,31],"current_hp_per_floor":[74,79,79,79,80,80,56,36,36,36,8,14,14,17,17,17,64,58,58,56,56,45,34,45,34,34,34,34,34,34,34,34,0],"gold":6,"neow_bonus":"THREE_ENEMY_KILL","is_prod":false,"is_daily":false,"chose_seed":false,"campfire_upgraded":4,"win_rate":0,"timestamp":1560974922,"path_taken":["M","?","?","?","M","E","?","E","T","M","?","M","$","?","R","BOSS","M","$","?","?","M","E","M","M","T","R","?","R","?","$","R","BOSS"],"build_version":"2019-01-23","purchased_purges":1,"victory":false,"max_hp_per_floor":[75,80,80,80,80,80,80,80,80,80,80,80,80,80,80,80,80,80,80,56,56,56,56,56,56,56,56,56,56,56,56,56,56],"card_choices":[{"not_picked":["Dual Wield","Clash"],"picked":"Twin Strike","floor":1.0},{"not_picked":["Sentinel","Clothesline"],"picked":"Perfected Strike","floor":5.0},{"not_picked":["Iron Wave","Thunderclap"],"picked":"Wild Strike","floor":6.0},{"not_picked":["Shrug It Off","Anger","Uppercut"],"picked":"SKIP","floor":8.0},{"not_picked":["Sever Soul","Burning Pact"],"picked":"Limit Break","floor":10.0},{"not_picked":["Armaments","Feel No Pain"],"picked":"Wild Strike","floor":12.0},{"not_picked":["Uppercut","Rupture"],"picked":"Second Wind","floor":14.0},{"not_picked":["Infernal Blade","Burning Pact"],"picked":"Thunderclap","floor":18.0},{"not_picked":["Clash","Havoc"],"picked":"Pummel+1","floor":22},{"not_picked":["Combust","Headbutt"],"picked":"Fiend Fire","floor":23},{"not_picked":["Dropkick","Perfected Strike+1","Rupture"],"picked":"SKIP","floor":24},{"not_picked":["Uppercut","Combust","Clothesline"],"picked":"SKIP","floor":25}],"player_experience":604358,"relics_obtained":[{"floor":6.0,"key":"Du-Vu Doll"},{"floor":8.0,"key":"Orichalcum"},{"floor":9.0,"key":"StoneCalendar"},{"floor":23,"key":"Self Forming Clay"},{"floor":26,"key":"The Courier"}],"event_choices":[{"damage_healed":0.0,"max_hp_gain":5.0,"max_hp_loss":0.0,"gold_gain":0.0,"event_name":"Big Fish","player_choice":"Donut","floor":2.0,"gold_loss":0.0,"damage_taken":0.0},{"cards_removed":["Strike_R"],"damage_healed":0.0,"max_hp_gain":0.0,"max_hp_loss":0.0,"gold_gain":0.0,"event_name":"The Cleric","player_choice":"Card Removal","floor":3.0,"gold_loss":75.0,"damage_taken":0.0},{"damage_healed":0.0,"max_hp_gain":0.0,"max_hp_loss":0.0,"gold_gain":0.0,"event_name":"Living Wall","player_choice":"Grow","floor":4.0,"gold_loss":0.0,"damage_taken":0.0,"cards_upgraded":["Bash"]},{"damage_healed":0.0,"max_hp_gain":0.0,"max_hp_loss":0.0,"gold_gain":0.0,"event_name":"Shining Light","player_choice":"Entered Light","floor":7.0,"gold_loss":0.0,"damage_taken":24.0,"cards_upgraded":["Defend_R","Twin Strike"]},{"damage_healed":0.0,"max_hp_gain":0.0,"max_hp_loss":0.0,"gold_gain":0.0,"event_name":"Golden Idol","player_choice":"Take Damage","floor":11.0,"gold_loss":0.0,"damage_taken":28.0,"relics_obtained":["Golden Idol"]},{"damage_healed":0.0,"max_hp_gain":0.0,"max_hp_loss":24.0,"gold_gain":0.0,"event_name":"Vampires","player_choice":"Became a vampire","floor":20.0,"gold_loss":0.0,"damage_taken":0.0,"cards_obtained":["Bite","Bite","Bite","Bite","Bite"]},{"cards_removed":["Perfected Strike"],"damage_healed":0.0,"max_hp_gain":0.0,"max_hp_loss":0.0,"gold_gain":0.0,"event_name":"Beggar","player_choice":"Gave Gold","floor":21.0,"gold_loss":75.0,"damage_taken":0.0},{"damage_healed":0,"gold_gain":0,"player_choice":"Ignored","damage_taken":0,"max_hp_gain":0,"max_hp_loss":0,"event_name":"Ghosts","floor":28,"gold_loss":0},{"damage_healed":0,"gold_gain":0,"cards_transformed":["Wild Strike","Wild Strike"],"player_choice":"Became Test Subject","damage_taken":0,"max_hp_gain":0,"max_hp_loss":0,"event_name":"Drug Dealer","floor":30,"gold_loss":0,"cards_obtained":["Sword Boomerang","Perfected Strike"]}],"is_beta":false,"boss_relics":[{"not_picked":["Orrery","Eternal Feather"],"picked":"Runic Dome"}],"items_purged_floors":[31],"is_endless":false,"potions_floor_spawned":[1,8,14,23,24],"killed_by":"Automaton","ascension_level":20}