{"gold_per_floor":[112,130,147,147,3,3,15,15,41,76,86,102,102,128,128,233,233,251,265,265,281,281],"floor_reached":22,"playtime":967,"items_purged":["Regret"],"score":267,"play_id":"c185436e-c29d-4151-8afc-ebcda6391a95","local_time":"20190523183340","is_ascension_mode":true,"campfire_choices":[{"data":"Zap","floor":6,"key":"SMITH"},{"data":"Dualcast","floor":8,"key":"SMITH"},{"floor":13,"key":"REST"},{"data":"Tempest","floor":15,"key":"SMITH"}],"neow_cost":"NONE","seed_source_timestamp":528714526356800,"circlet_count":0,"master_deck":["Strike_B","Strike_B","Strike_B","Strike_B","Defend_B","Defend_B","Defend_B","Defend_B","Zap+1","Dualcast+1","Panacea+1","Turbo","Compile Driver","Ball Lightning","Capacitor","Stack+1","Tempest+1","Leap","Cold Snap","Ball Lightning","Biased Cognition","Barrage","Lockon","Glacier"],"relics":["Cracked Core","DataDisk","Bag of Preparation","War Paint","Matryoshka","Philosopher\u0027s Stone"],"potions_floor_usage":[10,10,21,22,22],"damage_taken":[{"damage":7,"enemies":"Jaw Worm","floor":1,"turns":3},{"damage":0,"enemies":"Small Slimes","floor":2,"turns":2},{"damage":6,"enemies":"Cultist","floor":3,"turns":3},{"damage":15,"enemies":"Lots of Slimes","floor":7,"turns":4},{"damage":14,"enemies":"Lagavulin","floor":10,"turns":4},{"damage":0,"enemies":"Red Slaver","floor":11,"turns":2},{"damage":0,"enemies":"3 Louse","floor":12,"turns":2},{"damage":1,"enemies":"3 Sentries","floor":14,"turns":4},{"damage":28,"enemies":"The Guardian","floor":16,"turns":8},{"damage":2,"enemies":"Spheric Guardian","floor":18,"turns":3},{"damage":27,"enemies":"3 Byrds","floor":19,"turns":4},{"damage":22,"enemies":"Centurion and Healer","floor":21,"turns":3},{"damage":12,"enemies":"Shelled Parasite and Fungi","floor":22,"turns":3}],"seed_played":"6713998803276933519","potions_obtained":[{"floor":1,"key":"EssenceOfSteel"},{"floor":7,"key":"GamblersBrew"},{"floor":11,"key":"Ancient Potion"},{"floor":12,"key":"SteroidPotion"},{"floor":16,"key":"Dexterity Potion"},{"floor":21,"key":"EssenceOfSteel"}],"is_trial":false,"path_per_floor":["M","M","M","?","$","R","M","R","T","E","M","M","R","E","R","B",null,"M","M","?","M","M"],"character_chosen":"DEFECT","items_purchased":["Capacitor"],"campfire_rested":1,"item_purchase_floors":[5],"current_hp_per_floor":[61,61,55,55,55,55,40,40,40,26,26,26,48,47,47,19,61,59,32,32,10,0],"gold":281,"neow_bonus":"RANDOM_COLORLESS","is_prod":false,"is_daily":false,"chose_seed":false,"campfire_upgraded":3,"win_rate":0,"timestamp":1558661620,"path_taken":["M","M","M","?","$","R","M","R","T","E","M","M","R","E","R","BOSS","M","M","?","?","?"],"build_version":"2019-01-23","purchased_purges":1,"victory":false,"max_hp_per_floor":[75,75,75,75,75,75,75,75,75,75,75,75,75,75,75,75,75,75,75,75,75,75],"card_choices":[{"not_picked":["Coolheaded","Gash"],"picked":"Turbo","floor":1},{"not_picked":["Aggregate","Turbo"],"picked":"Compile Driver","floor":2},{"not_picked":["Streamline","Storm"],"picked":"Ball Lightning","floor":3},{"not_picked":["Redo","Sweeping Beam"],"picked":"Stack","floor":7},{"not_picked":["Chaos","Ball Lightning"],"picked":"Tempest","floor":10},{"not_picked":["Ball Lightning","Go for the Eyes"],"picked":"Leap","floor":11},{"not_picked":["Capacitor","Steam"],"picked":"Cold Snap","floor":12},{"not_picked":["Sweeping Beam","Rip and Tear"],"picked":"Ball Lightning","floor":14},{"not_picked":["Multi-Cast","Creative AI"],"picked":"Biased Cognition","floor":16},{"not_picked":["Streamline+1","Genetic Algorithm+1"],"picked":"Barrage","floor":18},{"not_picked":["Sweeping Beam","Ball Lightning"],"picked":"Lockon","floor":19},{"not_picked":["Sweeping Beam","Hologram+1"],"picked":"Glacier","floor":21}],"player_experience":340079,"relics_obtained":[{"floor":9,"key":"Bag of Preparation"},{"floor":10,"key":"War Paint"},{"floor":14,"key":"Matryoshka"}],"event_choices":[{"damage_healed":0,"gold_gain":0,"player_choice":"Box","damage_taken":0,"relics_obtained":["DataDisk"],"max_hp_gain":0,"max_hp_loss":0,"event_name":"Big Fish","floor":4,"gold_loss":0,"cards_obtained":["Regret"]},{"damage_healed":0,"gold_gain":0,"player_choice":"Got Potions","damage_taken":0,"max_hp_gain":0,"max_hp_loss":0,"event_name":"Lab","floor":20,"gold_loss":0}],"is_beta":false,"boss_relics":[{"not_picked":["Busted Crown","Velvet Choker"],"picked":"Philosopher\u0027s Stone"}],"items_purged_floors":[5],"is_endless":false,"potions_floor_spawned":[1,7,11,12,16,21],"killed_by":"Shelled Parasite and Fungi","ascension_level":7}