{"gold_per_floor":[115,135,135,210,226,226,259,259,259,278,313,313,329,58,58,137,137,149,168,168,168,168,168],"floor_reached":23,"playtime":676,"items_purged":[],"score":368,"play_id":"107bdc4b-f0d2-4b65-94df-0653de084f64","local_time":"20190602181244","is_ascension_mode":true,"campfire_choices":[{"data":"Zap","floor":6.0,"key":"SMITH"},{"floor":8.0,"key":"REST"},{"data":"Redo","floor":15.0,"key":"SMITH"}],"neow_cost":"NONE","seed_source_timestamp":1383406256168916,"circlet_count":0,"master_deck":["AscendersBane","Strike_B","Defend_B","Defend_B","Defend_B","Defend_B","Zap+1","Dualcast","Gash","FTL","Doom and Gloom","Redo+1","Redo","Conserve Battery","Echo Form","Defragment","Defragment","Fission","Rainbow+1","Creative AI+1","Machine Learning+1","Conserve Battery","RitualDagger"],"special_seed":0,"relics":["Cracked Core","NeowsBlessing","Cables","Dodecahedron","The Courier","Thread and Needle","Astrolabe","Calipers"],"potions_floor_usage":[19],"damage_taken":[{"damage":0.0,"enemies":"2 Louse","floor":1.0,"turns":1.0},{"damage":0.0,"enemies":"Jaw Worm","floor":2.0,"turns":1.0},{"damage":0.0,"enemies":"Small Slimes","floor":5.0,"turns":1.0},{"damage":20.0,"enemies":"3 Sentries","floor":7.0,"turns":5.0},{"damage":0.0,"enemies":"Exordium Wildlife","floor":10.0,"turns":2.0},{"damage":27.0,"enemies":"Lagavulin","floor":11.0,"turns":7.0},{"damage":0.0,"enemies":"Large Slime","floor":13.0,"turns":2.0},{"damage":11.0,"enemies":"Hexaghost","floor":16.0,"turns":7.0},{"damage":20.0,"enemies":"3 Byrds","floor":18.0,"turns":4.0},{"damage":2,"enemies":"2 Thieves","floor":19,"turns":3},{"damage":40,"enemies":"Book of Stabbing","floor":23,"turns":4}],"seed_played":"5568867556324230873","potions_obtained":[{"floor":1.0,"key":"SpeedPotion"},{"floor":13.0,"key":"FearPotion"},{"floor":16.0,"key":"Fruit Juice"},{"floor":18.0,"key":"AttackPotion"}],"is_trial":false,"path_per_floor":["M","M","?","?","M","R","E","R","T","M","E","?","M","$","R","B",null,"M","M","?","T","?","E"],"character_chosen":"DEFECT","items_purchased":["Regen Potion","Regen Potion","Defragment","Defragment"],"campfire_rested":1,"item_purchase_floors":[14,14,14,14],"current_hp_per_floor":[64,64,38,27,27,27,7,28,28,28,1,1,1,1,1,40,67,47,45,45,45,39,0],"gold":168,"neow_bonus":"THREE_ENEMY_KILL","is_prod":false,"is_daily":false,"chose_seed":false,"campfire_upgraded":2,"win_rate":0,"timestamp":1559491964,"path_taken":["M","M","?","?","?","R","E","R","T","M","E","?","M","$","R","BOSS","M","M","?","?","?","E"],"build_version":"2019-01-23","purchased_purges":0,"victory":false,"max_hp_per_floor":[71,71,71,71,71,71,71,71,71,71,71,71,71,71,71,76,76,76,76,76,76,76,76],"card_choices":[{"not_picked":["Hello World","Compile Driver"],"picked":"Gash","floor":1.0},{"not_picked":["Turbo","Leap"],"picked":"FTL","floor":2.0},{"not_picked":["Steam Power","Turbo"],"picked":"Doom and Gloom","floor":5.0},{"not_picked":["Cold Snap","Self Repair"],"picked":"Redo","floor":7.0},{"not_picked":["Steam Power","Tempest"],"picked":"Redo","floor":10.0},{"not_picked":["Consume","Cold Snap"],"picked":"Conserve Battery","floor":11.0},{"not_picked":["Reprogram","Reinforced Body"],"picked":"Echo Form","floor":13.0},{"not_picked":["Hyperbeam","Buffer"],"picked":"Fission","floor":16.0},{"not_picked":["Cold Snap","Ball Lightning+1"],"picked":"Conserve Battery","floor":18.0},{"not_picked":["Tempest","Ball Lightning","Rebound"],"picked":"SKIP","floor":19}],"player_experience":503809,"relics_obtained":[{"floor":7.0,"key":"Dodecahedron"},{"floor":9.0,"key":"The Courier"},{"floor":11.0,"key":"Thread and Needle"},{"floor":21,"key":"Calipers"}],"event_choices":[{"damage_healed":0.0,"max_hp_gain":0.0,"max_hp_loss":0.0,"gold_gain":0.0,"event_name":"Scrap Ooze","player_choice":"Success","floor":3.0,"gold_loss":0.0,"damage_taken":26.0,"relics_obtained":["Cables"]},{"damage_healed":0.0,"max_hp_gain":0.0,"max_hp_loss":0.0,"gold_gain":75.0,"event_name":"World of Goop","player_choice":"Gather Gold","floor":4.0,"gold_loss":0.0,"damage_taken":11.0},{"damage_healed":0.0,"max_hp_gain":0.0,"max_hp_loss":0.0,"gold_gain":0.0,"event_name":"Shining Light","player_choice":"Ignored","floor":12.0,"gold_loss":0.0,"damage_taken":0.0},{"damage_healed":0,"gold_gain":0,"player_choice":"Ignored","damage_taken":0,"max_hp_gain":0,"max_hp_loss":0,"event_name":"Ghosts","floor":20,"gold_loss":0},{"damage_healed":0,"gold_gain":0,"player_choice":"Joined the Cult","damage_taken":6,"max_hp_gain":0,"max_hp_loss":0,"event_name":"Nest","floor":22,"gold_loss":0,"cards_obtained":["RitualDagger"]}],"is_beta":false,"boss_relics":[{"not_picked":["Orrery","Tiny House"],"picked":"Astrolabe"}],"items_purged_floors":[],"is_endless":false,"potions_floor_spawned":[1,13,16,18],"killed_by":"Book of Stabbing","ascension_level":17}