{"gold_per_floor":[19,33,33,33,52,67,78,2,2,27,27,62,62,79,79,79],"floor_reached":16,"playtime":2720,"items_purged":[],"score":112,"play_id":"0d70bebc-0311-4119-b402-f46b19f3f26d","local_time":"20190422174013","is_ascension_mode":false,"campfire_choices":[{"data":"Juggernaut","floor":13,"key":"SMITH"},{"data":"Armaments","floor":15,"key":"SMITH"}],"neow_cost":"NO_GOLD","seed_source_timestamp":844514052626479,"circlet_count":0,"master_deck":["Strike_R","Strike_R","Strike_R","Strike_R","Defend_R","Defend_R","Defend_R","Bash","Rupture","Burning Pact","Rupture","Flex","Clash","True Grit","Body Slam","Juggernaut+1","Twin Strike","Armaments+1"],"relics":["Burning Blood","Pantograph","Strawberry","Thread and Needle"],"potions_floor_usage":[10,16],"damage_taken":[{"damage":14,"enemies":"Jaw Worm","floor":1,"turns":4},{"damage":6,"enemies":"Cultist","floor":2,"turns":3},{"damage":5,"enemies":"2 Louse","floor":5,"turns":4},{"damage":22,"enemies":"2 Fungi Beasts","floor":6,"turns":5},{"damage":32,"enemies":"Large Slime","floor":7,"turns":9},{"damage":21,"enemies":"Lagavulin","floor":10,"turns":9},{"damage":45,"enemies":"3 Sentries","floor":12,"turns":12},{"damage":4,"enemies":"Red Slaver","floor":14,"turns":3},{"damage":51,"enemies":"Hexaghost","floor":16,"turns":11}],"seed_played":"-5523645261333404749","potions_obtained":[{"floor":1,"key":"Ancient Potion"},{"floor":3,"key":"SkillPotion"},{"floor":3,"key":"FairyPotion"},{"floor":3,"key":"EntropicBrew"},{"floor":12,"key":"SpeedPotion"},{"floor":14,"key":"SkillPotion"}],"is_trial":false,"path_per_floor":["M","M","?","$","M","M","M","$","T","E","?","E","R","M","R","B"],"character_chosen":"IRONCLAD","items_purchased":["True Grit","Body Slam"],"campfire_rested":0,"item_purchase_floors":[8,8],"current_hp_per_floor":[72,72,72,72,73,57,31,31,31,23,52,13,13,15,15,0],"gold":79,"neow_bonus":"REMOVE_TWO","is_prod":false,"is_daily":false,"chose_seed":false,"campfire_upgraded":2,"win_rate":0.0,"timestamp":1555969213,"path_taken":["M","M","?","?","M","M","M","?","T","E","?","E","R","M","R","BOSS"],"build_version":"2019-01-23","purchased_purges":0,"victory":false,"max_hp_per_floor":[80,80,80,80,80,80,80,80,80,87,87,87,87,87,87,87],"card_choices":[{"not_picked":["Sword Boomerang","Metallicize"],"picked":"Rupture","floor":1},{"not_picked":["Perfected Strike","Metallicize"],"picked":"Burning Pact","floor":2},{"not_picked":["Armaments","Thunderclap"],"picked":"Rupture","floor":5},{"not_picked":["Thunderclap","Second Wind"],"picked":"Flex","floor":6},{"not_picked":["Sword Boomerang","Inflame"],"picked":"Clash","floor":7},{"not_picked":["Armaments","Fire Breathing"],"picked":"Juggernaut","floor":10},{"not_picked":["Fire Breathing","Warcry"],"picked":"Twin Strike","floor":12},{"not_picked":["Flex","Burning Pact"],"picked":"Armaments","floor":14}],"player_experience":2610,"relics_obtained":[{"floor":9,"key":"Pantograph"},{"floor":10,"key":"Strawberry"},{"floor":12,"key":"Thread and Needle"}],"event_choices":[{"damage_healed":0,"gold_gain":0,"player_choice":"Got Potions","damage_taken":0,"max_hp_gain":0,"max_hp_loss":0,"event_name":"Lab","floor":3,"gold_loss":0},{"damage_healed":29,"gold_gain":0,"player_choice":"Banana","damage_taken":0,"max_hp_gain":0,"max_hp_loss":0,"event_name":"Big Fish","floor":11,"gold_loss":0}],"is_beta":false,"boss_relics":[],"items_purged_floors":[],"is_endless":false,"potions_floor_spawned":[1,7,12,14],"killed_by":"Hexaghost","ascension_level":0}