{"gold_per_floor":[216,216,216,232,157,157,200,200,226,242,260,260,13,89,89,215,215,199,1,26,26,26,26,39,77,126,126,142,165,44,57,57,183,183,199,149,274,274,274,313,313,327,327,352,368,391,409,422,422,422],"floor_reached":50,"playtime":3184,"items_purged":["Strike_G","Strike_G","Strike_G","Strike_G"],"score":618,"play_id":"0d4cde8d-37f9-4c60-af77-560fabc7034d","local_time":"20190429191520","is_ascension_mode":true,"campfire_choices":[{"data":"Cloak And Dagger","floor":6,"key":"SMITH"},{"floor":8,"key":"REST"},{"data":"Blade Dance","floor":12,"key":"SMITH"},{"floor":15,"key":"REST"},{"data":"Apotheosis","floor":23,"key":"SMITH"},{"floor":27,"key":"REST"},{"floor":32,"key":"REST"},{"floor":41,"key":"RECALL"},{"floor":49,"key":"REST"}],"neow_cost":"NONE","seed_source_timestamp":435986195785000,"circlet_count":0,"master_deck":["Defend_G","Defend_G","Defend_G","Defend_G","Strike_G","Survivor","Neutralize","Cloak And Dagger+1","Dagger Throw","Slice","Blade Dance+1","Heel Hook","Apotheosis+1","Blade Dance","Malaise","Skewer","Accuracy","Choke+1","Dash+1","Parasite","Footwork"],"relics":["Ring of the Snake","Golden Idol","Darkstone Periapt","Smiling Mask","Ice Cream","Busted Crown","Juzu Bracelet","Pear","The Courier","Bronze Scales","WristBlade","Pocketwatch","Shuriken","Shovel"],"potions_floor_usage":[7,14,33,33,33,45,45,47],"damage_taken":[{"damage":1,"enemies":"Cultist","floor":1,"turns":4},{"damage":0,"enemies":"Jaw Worm","floor":4,"turns":6},{"damage":31,"enemies":"Lagavulin","floor":7,"turns":11},{"damage":0,"enemies":"2 Louse","floor":10,"turns":2},{"damage":0,"enemies":"Large Slime","floor":11,"turns":4},{"damage":15,"enemies":"Gremlin Nob","floor":14,"turns":4},{"damage":24,"enemies":"The Guardian","floor":16,"turns":12},{"damage":9,"enemies":"2 Thieves","floor":18,"turns":4},{"damage":2,"enemies":"Shell Parasite","floor":20,"turns":5},{"damage":2,"enemies":"Cultist and Chosen","floor":24,"turns":8},{"damage":30,"enemies":"Slavers","floor":25,"turns":10},{"damage":28,"enemies":"Snake Plant","floor":28,"turns":5},{"damage":0,"enemies":"Snecko","floor":29,"turns":5},{"damage":4,"enemies":"Cultist and Chosen","floor":31,"turns":5},{"damage":22,"enemies":"Collector","floor":33,"turns":10},{"damage":3,"enemies":"3 Shapes","floor":35,"turns":7},{"damage":0,"enemies":"Mind Bloom Boss Battle","floor":37,"turns":3},{"damage":28,"enemies":"Nemesis","floor":40,"turns":7},{"damage":5,"enemies":"3 Darklings","floor":42,"turns":5},{"damage":11,"enemies":"Transient","floor":44,"turns":5},{"damage":0,"enemies":"Sphere and 2 Shapes","floor":45,"turns":5},{"damage":7,"enemies":"Writhing Mass","floor":46,"turns":5},{"damage":8,"enemies":"Jaw Worm Horde","floor":47,"turns":5},{"damage":8,"enemies":"4 Shapes","floor":48,"turns":3},{"damage":48,"enemies":"Awakened One","floor":50,"turns":3}],"seed_played":"6395362527503451746","potions_obtained":[{"floor":4,"key":"Ancient Potion"},{"floor":7,"key":"AttackPotion"},{"floor":25,"key":"Strength Potion"},{"floor":28,"key":"LiquidBronze"},{"floor":31,"key":"SkillPotion"},{"floor":40,"key":"Weak Potion"},{"floor":42,"key":"GhostInAJar"},{"floor":44,"key":"GamblersBrew"},{"floor":46,"key":"Ancient Potion"}],"is_trial":false,"path_per_floor":["M","?","?","M","$","R","E","R","T","M","M","R","$","?","R","B",null,"M","$","M","?","?","R","M","E","T","R","M","M","$","M","R","B",null,"M","$","?","T","?","E","R","M","T","M","M","M","M","M","R","B"],"character_chosen":"THE_SILENT","items_purchased":["Apotheosis","Juzu Bracelet","Skewer","Accuracy"],"campfire_rested":5,"item_purchase_floors":[13,19,30,30],"current_hp_per_floor":[69,52,52,52,52,52,21,42,42,42,42,42,42,27,48,24,70,61,61,59,59,69,69,67,37,37,61,33,33,33,29,53,31,80,77,77,77,77,76,48,48,43,43,32,32,31,23,15,39,0],"gold":422,"neow_bonus":"HUNDRED_GOLD","is_prod":false,"is_daily":false,"chose_seed":false,"campfire_upgraded":3,"win_rate":0,"timestamp":1556590520,"path_taken":["M","?","?","?","$","R","E","R","T","M","M","R","$","?","R","BOSS","M","$","M","?","?","R","M","E","T","R","M","M","$","M","R","BOSS","M","$","?","?","?","E","R","M","T","M","M","M","M","M","R","BOSS"],"build_version":"2019-01-23","purchased_purges":4,"victory":false,"max_hp_per_floor":[70,70,70,70,70,70,70,70,70,70,70,70,70,70,70,70,70,70,70,70,70,80,80,80,80,80,80,80,80,80,80,80,80,80,80,80,80,80,76,76,76,76,76,76,76,82,82,82,82,82],"card_choices":[{"not_picked":["PiercingWail","Poisoned Stab"],"picked":"Cloak And Dagger","floor":1},{"not_picked":["Reflex","Terror"],"picked":"Dagger Throw","floor":4},{"not_picked":["Bane","Deflect"],"picked":"Slice","floor":7},{"not_picked":["Prepared","Dodge and Roll"],"picked":"Blade Dance","floor":10},{"not_picked":["Sucker Punch","Outmaneuver"],"picked":"Heel Hook","floor":11},{"not_picked":["Acrobatics","PiercingWail"],"picked":"Blade Dance","floor":14},{"not_picked":["Corpse Explosion","Adrenaline"],"picked":"Malaise","floor":16},{"not_picked":["Calculated Gamble"],"picked":"SKIP","floor":18},{"not_picked":["Bane"],"picked":"SKIP","floor":20},{"not_picked":["Well Laid Plans+1"],"picked":"SKIP","floor":24},{"not_picked":["Bouncing Flask"],"picked":"SKIP","floor":25},{"not_picked":["Concentrate"],"picked":"SKIP","floor":28},{"not_picked":["Caltrops+1"],"picked":"SKIP","floor":29},{"not_picked":["Predator"],"picked":"SKIP","floor":31},{"not_picked":["Dodge and Roll+1"],"picked":"SKIP","floor":35},{"not_picked":["Masterful Stab+1"],"picked":"SKIP","floor":40},{"not_picked":[],"picked":"Choke+1","floor":42},{"not_picked":["Blade Dance+1"],"picked":"SKIP","floor":44},{"not_picked":[],"picked":"Dash+1","floor":45},{"not_picked":["Deadly Poison+1"],"picked":"SKIP","floor":46},{"not_picked":[],"picked":"Footwork","floor":47},{"not_picked":["Underhanded Strike+1"],"picked":"SKIP","floor":48}],"player_experience":265045,"relics_obtained":[{"floor":7,"key":"Darkstone Periapt"},{"floor":9,"key":"Smiling Mask"},{"floor":14,"key":"Ice Cream"},{"floor":25,"key":"The Courier"},{"floor":26,"key":"Bronze Scales"},{"floor":37,"key":"Pocketwatch"},{"floor":38,"key":"Shuriken"},{"floor":40,"key":"Shovel"}],"event_choices":[{"damage_healed":0,"gold_gain":0,"player_choice":"Take Damage","damage_taken":17,"relics_obtained":["Golden Idol"],"max_hp_gain":0,"max_hp_loss":0,"event_name":"Golden Idol","floor":2,"gold_loss":0},{"cards_removed":["Defend_G"],"damage_healed":0,"gold_gain":0,"player_choice":"Offered Basic","damage_taken":0,"max_hp_gain":0,"max_hp_loss":0,"event_name":"Bonfire Elementals","floor":3,"gold_loss":0},{"damage_healed":0,"gold_gain":0,"player_choice":"Searched \u00271\u0027 times","damage_taken":0,"max_hp_gain":0,"max_hp_loss":0,"event_name":"Dead Adventurer","floor":14,"gold_loss":0},{"damage_healed":0,"gold_gain":0,"player_choice":"Ignored","damage_taken":0,"max_hp_gain":0,"max_hp_loss":0,"event_name":"Beggar","floor":21,"gold_loss":0},{"damage_healed":0,"gold_gain":0,"player_choice":"Opened","damage_taken":0,"relics_obtained":["Pear"],"max_hp_gain":0,"max_hp_loss":0,"event_name":"The Mausoleum","floor":22,"gold_loss":0},{"damage_healed":0,"gold_gain":0,"player_choice":"Fight","damage_taken":0,"max_hp_gain":0,"max_hp_loss":0,"event_name":"MindBloom","floor":37,"gold_loss":0},{"damage_healed":0,"gold_gain":0,"player_choice":"Max HP","damage_taken":0,"max_hp_gain":0,"max_hp_loss":4,"event_name":"Winding Halls","floor":39,"gold_loss":0}],"is_beta":false,"boss_relics":[{"not_picked":["Ectoplasm","Fusion Hammer"],"picked":"Busted Crown"},{"not_picked":["Tiny House","Eternal Feather"],"picked":"WristBlade"}],"items_purged_floors":[5,13,19,36],"is_endless":false,"potions_floor_spawned":[4,7,25,28,31,40,42,44,46],"killed_by":"Awakened One","ascension_level":4}