{"gold_per_floor":[119,119,119,10,30,62,62,95,120,132,32,51,69,85,85,85],"floor_reached":16,"playtime":1392,"items_purged":["Strike_G","Strike_G"],"score":137,"play_id":"01901f9a-eba7-491d-91ab-b6160318301e","local_time":"20190608231836","is_ascension_mode":false,"campfire_choices":[{"data":"Phantasmal Killer","floor":7,"key":"SMITH"},{"floor":15,"key":"REST"}],"neow_cost":"NONE","seed_source_timestamp":17082049603326,"circlet_count":0,"master_deck":["Defend_G","Defend_G","Defend_G","Defend_G","Defend_G","Strike_G+1","Strike_G","Strike_G+1","Survivor","Neutralize","Poisoned Stab","Noxious Fumes","Phantasmal Killer+1","Outmaneuver","Cloak And Dagger","Predator","Dash","Crippling Poison"],"relics":["Ring of the Snake","NeowsBlessing","Regal Pillow","Anchor","Bronze Scales"],"potions_floor_usage":[8,12],"damage_taken":[{"damage":0,"enemies":"Jaw Worm","floor":1,"turns":1},{"damage":0,"enemies":"2 Louse","floor":5,"turns":1},{"damage":0,"enemies":"Lagavulin","floor":6,"turns":2},{"damage":23,"enemies":"3 Sentries","floor":8,"turns":8},{"damage":0,"enemies":"Cultist","floor":10,"turns":4},{"damage":1,"enemies":"Lots of Slimes","floor":12,"turns":3},{"damage":9,"enemies":"Blue Slaver","floor":13,"turns":3},{"damage":0,"enemies":"Large Slime","floor":14,"turns":5},{"damage":59,"enemies":"Slime Boss","floor":16,"turns":7}],"seed_played":"-8117873963825820236","potions_obtained":[{"floor":1,"key":"GhostInAJar"},{"floor":8,"key":"AttackPotion"},{"floor":10,"key":"Strength Potion"}],"is_trial":false,"path_per_floor":["M","?","?","$","M","E","R","E","T","M","$","M","M","M","R","B"],"character_chosen":"THE_SILENT","items_purchased":["Noxious Fumes"],"campfire_rested":1,"item_purchase_floors":[4],"current_hp_per_floor":[70,56,56,56,56,56,56,33,33,33,33,32,23,23,59,0],"gold":85,"neow_bonus":"THREE_ENEMY_KILL","is_prod":false,"is_daily":false,"chose_seed":false,"campfire_upgraded":1,"win_rate":0.0,"timestamp":1560050316,"path_taken":["M","?","?","?","M","E","R","E","T","M","$","M","M","M","R","BOSS"],"build_version":"2019-01-23","purchased_purges":2,"victory":false,"max_hp_per_floor":[70,70,70,70,70,70,70,70,70,70,70,70,70,70,70,70],"card_choices":[{"not_picked":["Eviscerate","Setup"],"picked":"Poisoned Stab","floor":1},{"not_picked":["Tactician","Acrobatics","Heel Hook"],"picked":"SKIP","floor":5},{"not_picked":["Deflect","Skewer"],"picked":"Phantasmal Killer","floor":6},{"not_picked":["PiercingWail","Terror"],"picked":"Outmaneuver","floor":8},{"not_picked":["Escape Plan","Slice"],"picked":"Cloak And Dagger","floor":10},{"not_picked":["Masterful Stab","Dagger Spray"],"picked":"Predator","floor":12},{"not_picked":["Deflect","Tactician"],"picked":"Dash","floor":13},{"not_picked":["Flying Knee","Slice"],"picked":"Crippling Poison","floor":14}],"player_experience":1117343,"relics_obtained":[{"floor":6,"key":"Regal Pillow"},{"floor":8,"key":"Anchor"},{"floor":9,"key":"Bronze Scales"}],"event_choices":[{"damage_healed":0,"gold_gain":0,"player_choice":"Entered Light","damage_taken":14,"max_hp_gain":0,"max_hp_loss":0,"event_name":"Shining Light","floor":2,"gold_loss":0,"cards_upgraded":["Strike_G","Strike_G"]},{"damage_healed":0,"gold_gain":0,"player_choice":"Ignored","damage_taken":0,"max_hp_gain":0,"max_hp_loss":0,"event_name":"Liars Game","floor":3,"gold_loss":0}],"is_beta":false,"boss_relics":[],"items_purged_floors":[4,11],"is_endless":false,"potions_floor_spawned":[1,8,10],"killed_by":"Slime Boss","ascension_level":0}