{"gold_per_floor":[110,110,123,142,154,154,186,186,186,201,49,49,24,24,24,98,98,116,136,136,136,136,136],"floor_reached":23,"playtime":629,"items_purged":["Strike_B"],"score":321,"play_id":"ff545a7b-5c13-4e90-8f9b-3c437de51edf","local_time":"20190519185539","is_ascension_mode":true,"campfire_choices":[{"data":"Zap","floor":6.0,"key":"SMITH"},{"data":"Streamline","floor":8,"key":"SMITH"},{"floor":15,"key":"REST"}],"neow_cost":"NONE","seed_source_timestamp":176333256852308,"circlet_count":0,"master_deck":["AscendersBane","Strike_B","Strike_B","Defend_B","Defend_B","Defend_B","Defend_B","Zap+1","Dualcast","Sweeping Beam","Redo+1","Streamline+1","Conserve Battery","Ball Lightning","Glacier","Coolheaded","Electrodynamics","Self Repair","Conserve Battery"],"special_seed":0,"relics":["Cracked Core","NeowsBlessing","Kunai","Bottled Flame","Inserter"],"potions_floor_usage":[23],"damage_taken":[{"damage":0.0,"enemies":"Small Slimes","floor":1.0,"turns":1.0},{"damage":0.0,"enemies":"Cultist","floor":3.0,"turns":1.0},{"damage":0.0,"enemies":"2 Louse","floor":4.0,"turns":1.0},{"damage":12.0,"enemies":"Lots of Slimes","floor":5.0,"turns":3.0},{"damage":40,"enemies":"Gremlin Nob","floor":7,"turns":4},{"damage":0,"enemies":"Looter","floor":10,"turns":2},{"damage":23,"enemies":"The Guardian","floor":16,"turns":14},{"damage":0,"enemies":"Chosen","floor":18,"turns":4},{"damage":9,"enemies":"Shell Parasite","floor":19,"turns":7},{"damage":52,"enemies":"Book of Stabbing","floor":23,"turns":4}],"seed_played":"2978579275760925804","potions_obtained":[{"floor":7,"key":"Ancient Potion"},{"floor":10,"key":"Swift Potion"}],"is_trial":false,"path_per_floor":["M","?","M","M","M","R","E","R","T","M","$","?","$","?","R","B",null,"M","M","?","$","?","E"],"character_chosen":"DEFECT","items_purchased":["Glacier","Coolheaded"],"campfire_rested":1,"item_purchase_floors":[11,13],"current_hp_per_floor":[64,64,64,64,52,52,12,12,12,12,12,12,12,12,33,10,56,56,54,54,54,41,0],"gold":136,"neow_bonus":"THREE_ENEMY_KILL","is_prod":false,"is_daily":false,"chose_seed":false,"campfire_upgraded":2,"win_rate":0,"timestamp":1558284939,"path_taken":["M","?","M","M","?","R","E","R","T","M","$","?","$","?","R","BOSS","M","?","?","$","?","E"],"build_version":"2019-01-23","purchased_purges":1,"victory":false,"max_hp_per_floor":[71,71,71,71,71,71,71,71,71,71,71,71,71,71,71,71,71,71,71,71,71,76,76],"card_choices":[{"not_picked":["Go for the Eyes","Chill"],"picked":"Sweeping Beam","floor":1.0},{"not_picked":["Sweeping Beam","Go for the Eyes"],"picked":"Redo","floor":3.0},{"not_picked":["Steam","Gash"],"picked":"Streamline","floor":4.0},{"not_picked":["Steam","Sweeping Beam"],"picked":"Conserve Battery","floor":5.0},{"not_picked":["Steam","Gash"],"picked":"Ball Lightning","floor":7},{"not_picked":["Streamline","Scrape","Sweeping Beam"],"picked":"SKIP","floor":10},{"not_picked":["All For One","Creative AI"],"picked":"Electrodynamics","floor":16},{"not_picked":["Stack","Rebound"],"picked":"Self Repair","floor":18},{"not_picked":["Redo","Compile Driver"],"picked":"Conserve Battery","floor":19}],"player_experience":344733,"relics_obtained":[{"floor":7,"key":"Kunai"},{"floor":9,"key":"Bottled Flame"}],"event_choices":[{"cards_removed":["Strike_B"],"damage_healed":0.0,"max_hp_gain":0.0,"max_hp_loss":0.0,"gold_gain":0.0,"event_name":"Bonfire Elementals","player_choice":"Offered Basic","floor":2.0,"gold_loss":0.0,"damage_taken":0.0},{"damage_healed":0,"gold_gain":0,"player_choice":"Grow","damage_taken":0,"max_hp_gain":0,"max_hp_loss":0,"event_name":"Living Wall","floor":12,"gold_loss":0,"cards_upgraded":["Redo"]},{"damage_healed":0,"gold_gain":0,"player_choice":"0 cards matched","damage_taken":0,"max_hp_gain":0,"max_hp_loss":0,"event_name":"Match and Keep!","floor":14,"gold_loss":0,"cards_obtained":[]},{"damage_healed":0,"gold_gain":0,"player_choice":"Ignored","damage_taken":0,"max_hp_gain":0,"max_hp_loss":0,"event_name":"Vampires","floor":20,"gold_loss":0},{"damage_healed":0,"gold_gain":0,"player_choice":"Shed Blood","damage_taken":18,"max_hp_gain":5,"max_hp_loss":0,"event_name":"Forgotten Altar","floor":22,"gold_loss":0}],"is_beta":false,"boss_relics":[{"not_picked":["Astrolabe","FrozenCore"],"picked":"Inserter"}],"items_purged_floors":[11],"is_endless":false,"potions_floor_spawned":[7,10,16],"killed_by":"Book of Stabbing","ascension_level":14}