{"gold_per_floor":[110,110,121,121,138,166,166,194,194,194,68,96,22,32,32,137,137,157,2,32,52,52,81,81,115,115,125,135,153,169,182,182,287,287,297,309,309,329,178,178,207,207,207,240,240,46,0,17,17,17,17,17,17,47,47],"floor_reached":55,"playtime":5555,"items_purged":["Strike_R"],"score":1013,"play_id":"a6aef3a1-ea79-4577-ba03-0a2d26abd918","local_time":"20190313214544","is_ascension_mode":true,"campfire_choices":[{"data":"Anger","floor":7.0,"key":"SMITH"},{"data":"Dark Embrace","floor":10.0,"key":"SMITH"},{"data":"True Grit","floor":15.0,"key":"SMITH"},{"data":"Rage","floor":24.0,"key":"SMITH"},{"data":"Inflame","floor":32.0,"key":"SMITH"},{"data":"Disarm","floor":40.0,"key":"SMITH"},{"floor":45,"key":"RECALL"},{"floor":49,"key":"REST"},{"data":"Battle Trance","floor":52,"key":"SMITH"}],"neow_cost":"PERCENT_DAMAGE","seed_source_timestamp":100566060849123,"circlet_count":0,"master_deck":["Strike_R","Strike_R","Defend_R","Defend_R","Bash+1","Disarm+1","Rage+1","Anger+1","True Grit+1","Battle Trance+1","Dark Embrace+1","Shrug It Off","Feel No Pain","Power Through","Warcry","Fiend Fire+1","Evolve","True Grit+1","Inflame+1","Second Wind","Feel No Pain","Wild Strike","Sever Soul+1","Doubt","Sentinel","Sentinel+1"],"special_seed":0,"relics":["Burning Blood","Potion Belt","Calipers","Letter Opener","Bag of Marbles","Runic Cube","Anchor","Tiny Chest","Meat on the Bone","Ancient Tea Set","Gremlin Horn","Black Star","Happy Flower","Question Card","Ornamental Fan","Strawberry","Kunai","Whetstone","Art of War","Red Mask","Pen Nib","Bottled Flame"],"potions_floor_usage":[50,55],"damage_taken":[{"damage":1.0,"enemies":"2 Louse","floor":1.0,"turns":4.0},{"damage":0.0,"enemies":"Cultist","floor":3.0,"turns":3.0},{"damage":5.0,"enemies":"Jaw Worm","floor":5.0,"turns":3.0},{"damage":28.0,"enemies":"Gremlin Nob","floor":6.0,"turns":4.0},{"damage":18.0,"enemies":"Lagavulin","floor":8.0,"turns":5.0},{"damage":12.0,"enemies":"3 Sentries","floor":12.0,"turns":6.0},{"damage":7.0,"enemies":"Lots of Slimes","floor":14.0,"turns":5.0},{"damage":0.0,"enemies":"Hexaghost","floor":16.0,"turns":9.0},{"damage":12.0,"enemies":"3 Byrds","floor":18.0,"turns":6.0},{"damage":0.0,"enemies":"Chosen","floor":21.0,"turns":5.0},{"damage":44.0,"enemies":"Gremlin Leader","floor":23.0,"turns":8.0},{"damage":0.0,"enemies":"Book of Stabbing","floor":25.0,"turns":6.0},{"damage":18.0,"enemies":"Snecko","floor":27.0,"turns":7.0},{"damage":12.0,"enemies":"Snake Plant","floor":28.0,"turns":4.0},{"damage":3.0,"enemies":"Chosen and Byrds","floor":29.0,"turns":6.0},{"damage":13.0,"enemies":"Centurion and Healer","floor":30.0,"turns":9.0},{"damage":0.0,"enemies":"Cultist and Chosen","floor":31.0,"turns":5.0},{"damage":15.0,"enemies":"Champ","floor":33.0,"turns":12.0},{"damage":4.0,"enemies":"3 Shapes","floor":35.0,"turns":7.0},{"damage":6.0,"enemies":"Orb Walker","floor":36.0,"turns":5.0},{"damage":48.0,"enemies":"Transient","floor":38.0,"turns":5.0},{"damage":42.0,"enemies":"Giant Head","floor":41.0,"turns":12.0},{"damage":62,"enemies":"Nemesis","floor":44,"turns":11},{"damage":10,"enemies":"Maw","floor":48,"turns":9},{"damage":79,"enemies":"Awakened One","floor":50,"turns":16},{"damage":47,"enemies":"Shield and Spear","floor":54,"turns":8},{"damage":70,"enemies":"The Heart","floor":55,"turns":3}],"seed_played":"-4820041698875971770","potions_obtained":[{"floor":1.0,"key":"SpeedPotion"},{"floor":6.0,"key":"EntropicBrew"},{"floor":16.0,"key":"Ancient Potion"},{"floor":18.0,"key":"BloodPotion"},{"floor":23.0,"key":"Energy Potion"},{"floor":28.0,"key":"SkillPotion"},{"floor":30.0,"key":"SteroidPotion"},{"floor":36.0,"key":"Swift Potion"},{"floor":48,"key":"FairyPotion"},{"floor":54,"key":"Strength Potion"}],"is_trial":false,"path_per_floor":["M","?","M","?","M","E","R","E","T","R","$","E","$","M","R","B",null,"M","$","?","M","T","E","R","E","T","M","M","M","M","M","R","B",null,"M","M","?","M","$","R","E","?","T","E","R","$","?","M","R","B",null,"R","$","E","B"],"character_chosen":"IRONCLAD","items_purchased":["Shrug It Off","Power Through","Anchor","Happy Flower","Art of War","PowerPotion"],"campfire_rested":1,"item_purchase_floors":[11,13,19,39,46,46],"current_hp_per_floor":[61,61,67,67,68,46,46,34,34,34,34,28,28,27,27,33,68,62,62,62,68,68,50,50,56,56,56,50,53,58,64,64,55,74,76,76,76,46,46,46,22,80,87,43,43,43,43,51,77,26,72,72,72,43,0],"gold":47,"neow_bonus":"TRANSFORM_TWO_CARDS","is_prod":false,"is_daily":false,"chose_seed":false,"campfire_upgraded":7,"win_rate":0,"timestamp":1552509944,"path_taken":["M","?","?","?","M","E","R","E","T","R","?","E","$","M","R","BOSS","M","$","?","?","?","E","R","E","T","M","M","M","?","M","R","BOSS","M","M","?","M","?","R","E","?","T","E","R","$","?","?","R","BOSS","R","$","E","BOSS"],"build_version":"2019-01-23","purchased_purges":1,"victory":false,"max_hp_per_floor":[80,80,80,80,80,80,80,80,80,80,80,80,80,80,80,80,80,80,80,80,80,80,80,80,80,80,80,80,80,80,80,80,80,80,80,80,80,80,80,80,80,80,87,87,87,87,87,87,87,87,87,87,87,87,87],"card_choices":[{"not_picked":["Shockwave","Flex"],"picked":"Anger","floor":1.0},{"not_picked":["Twin Strike","Heavy Blade"],"picked":"True Grit","floor":3.0},{"not_picked":["Sword Boomerang","Hemokinesis","Clothesline"],"picked":"SKIP","floor":5.0},{"not_picked":["Headbutt","Cleave"],"picked":"Battle Trance","floor":6.0},{"not_picked":["Heavy Blade","Inflame"],"picked":"Dark Embrace","floor":8.0},{"not_picked":["Anger","Corruption"],"picked":"Feel No Pain","floor":12.0},{"not_picked":["Pommel Strike","Reckless Charge"],"picked":"Warcry","floor":14.0},{"not_picked":["Impervious","Barricade"],"picked":"Fiend Fire","floor":16.0},{"not_picked":["Wild Strike","Heavy Blade+1"],"picked":"Evolve","floor":18.0},{"not_picked":["Power Through+1","Pommel Strike+1"],"picked":"True Grit+1","floor":21.0},{"not_picked":["Shrug It Off","Havoc"],"picked":"Inflame","floor":23.0},{"not_picked":["Flex","Inflame"],"picked":"Second Wind","floor":25.0},{"not_picked":["Intimidate","Corruption+1"],"picked":"Feel No Pain","floor":27.0},{"not_picked":["Clash","Shrug It Off","Thunderclap+1"],"picked":"SKIP","floor":28.0},{"not_picked":["Iron Wave","Flex","Hemokinesis"],"picked":"SKIP","floor":29.0},{"not_picked":["Dark Embrace","Flame Barrier"],"picked":"Wild Strike","floor":30.0},{"not_picked":["Rage+1","Cleave+1","Anger"],"picked":"SKIP","floor":31.0},{"not_picked":["Rage+1","Fire Breathing+1","Uppercut"],"picked":"SKIP","floor":35.0},{"not_picked":["Clothesline","Flex+1","Perfected Strike"],"picked":"SKIP","floor":36.0},{"not_picked":["Shockwave","Clash+1","Heavy Blade+1"],"picked":"SKIP","floor":38.0},{"not_picked":["Shrug It Off","Perfected Strike+1"],"picked":"Sever Soul+1","floor":41},{"not_picked":["Ghostly Armor+1","Clothesline+1","Feel No Pain"],"picked":"Sentinel","floor":44},{"not_picked":["Anger+1","Wild Strike","Impervious","Clash"],"picked":"SKIP","floor":48},{"not_picked":["Havoc","Impervious","Iron Wave"],"picked":"Sentinel+1","floor":54}],"player_experience":80402,"relics_obtained":[{"floor":6.0,"key":"Potion Belt"},{"floor":8.0,"key":"Calipers"},{"floor":9.0,"key":"Letter Opener"},{"floor":12.0,"key":"Bag of Marbles"},{"floor":22.0,"key":"Meat on the Bone"},{"floor":23.0,"key":"Ancient Tea Set"},{"floor":25.0,"key":"Gremlin Horn"},{"floor":41,"key":"Question Card"},{"floor":41,"key":"Ornamental Fan"},{"floor":43,"key":"Strawberry"},{"floor":44,"key":"Kunai"},{"floor":44,"key":"Whetstone"},{"floor":54,"key":"Pen Nib"},{"floor":54,"key":"Bottled Flame"}],"event_choices":[{"cards_removed":["Defend_R"],"damage_healed":0.0,"max_hp_gain":0.0,"max_hp_loss":0.0,"gold_gain":0.0,"event_name":"Bonfire Elementals","player_choice":"Offered Basic","floor":2.0,"gold_loss":0.0,"damage_taken":0.0},{"cards_removed":["Strike_R"],"damage_healed":0.0,"max_hp_gain":0.0,"max_hp_loss":0.0,"gold_gain":0.0,"event_name":"Purifier","player_choice":"Purged","floor":4.0,"gold_loss":0.0,"damage_taken":0.0},{"damage_healed":0.0,"max_hp_gain":0.0,"max_hp_loss":0.0,"gold_gain":0.0,"event_name":"WeMeetAgain","player_choice":"Gave Potion","floor":20.0,"gold_loss":0.0,"damage_taken":0.0,"relics_obtained":["Tiny Chest"]},{"damage_healed":0.0,"max_hp_gain":0.0,"max_hp_loss":0.0,"gold_gain":0.0,"event_name":"The Woman in Blue","player_choice":"Bought 0 Potions","floor":37.0,"gold_loss":0.0,"damage_taken":0.0},{"damage_healed":58,"gold_gain":0,"player_choice":"Heal","damage_taken":0,"max_hp_gain":0,"max_hp_loss":0,"event_name":"MindBloom","floor":42,"gold_loss":0,"cards_obtained":["Doubt"]},{"damage_healed":0,"gold_gain":0,"player_choice":"Paid","damage_taken":0,"relics_obtained":["Red Mask"],"max_hp_gain":0,"max_hp_loss":0,"event_name":"Tomb of Lord Red Mask","floor":47,"gold_loss":46}],"is_beta":false,"boss_relics":[{"not_picked":["Snecko Eye","White Beast Statue"],"picked":"Runic Cube"},{"not_picked":["Pandora\u0027s Box","Runic Pyramid"],"picked":"Black Star"}],"items_purged_floors":[11],"is_endless":false,"potions_floor_spawned":[1,6,16,18,23,28,30,36,48,54],"killed_by":"The Heart","ascension_level":5}