{"gold_per_floor":[117,42,56,79,79,79,112,112,193,221,315,315,315,36,36,36],"floor_reached":16,"playtime":201,"items_purged":["Strike_B"],"score":258,"play_id":"ec3bee22-5e8f-4637-bd4f-2d68f4954412","local_time":"20190517183148","is_ascension_mode":true,"campfire_choices":[{"data":"Zap","floor":6,"key":"SMITH"},{"data":"Darkness","floor":8,"key":"SMITH"},{"data":"1","floor":12,"key":"LIFT"},{"data":"2","floor":15,"key":"LIFT"}],"neow_cost":"NONE","seed_source_timestamp":2667994296819,"circlet_count":0,"master_deck":["AscendersBane","Strike_B","Strike_B","Strike_B","Defend_B","Defend_B","Defend_B","Defend_B","Zap+1","Dualcast+1","Go for the Eyes","Defragment+1","Self Repair","Darkness+1","Reinforced Body","Compile Driver","Auto Shields"],"relics":["Cracked Core","NeowsBlessing","Lantern","Pen Nib","Dodecahedron","Girya","Tiny Chest","PreservedInsect"],"potions_floor_usage":[10,11],"damage_taken":[{"damage":0,"enemies":"Cultist","floor":1,"turns":1},{"damage":0,"enemies":"Jaw Worm","floor":3,"turns":1},{"damage":0,"enemies":"Lagavulin","floor":7,"turns":1},{"damage":53,"enemies":"Gremlin Nob","floor":10,"turns":5},{"damage":10,"enemies":"Gremlin Nob","floor":11,"turns":3},{"damage":22,"enemies":"Slime Boss","floor":16,"turns":3}],"seed_played":"2048349972650321173","potions_obtained":[{"floor":7,"key":"Weak Potion"},{"floor":10,"key":"Swift Potion"}],"is_trial":false,"path_per_floor":["M","$","M","T","?","R","E","R","T","E","?","R","?","$","R","B"],"character_chosen":"DEFECT","items_purchased":["Defragment","PreservedInsect","Auto Shields"],"campfire_rested":0,"item_purchase_floors":[2,14,14],"current_hp_per_floor":[64,64,64,64,64,64,71,71,71,25,22,22,22,22,22,0],"gold":36,"neow_bonus":"THREE_ENEMY_KILL","is_prod":false,"is_daily":false,"chose_seed":false,"campfire_upgraded":2,"win_rate":0,"timestamp":1558110708,"path_taken":["M","$","M","?","?","R","E","R","T","E","?","R","?","$","R","BOSS"],"build_version":"2019-05-07","purchased_purges":1,"victory":false,"max_hp_per_floor":[71,71,71,71,71,71,71,71,71,71,71,71,71,71,71,71],"card_choices":[{"not_picked":["Redo","Leap"],"picked":"Go for the Eyes","floor":1},{"not_picked":["Go for the Eyes","Darkness"],"picked":"Self Repair","floor":3},{"not_picked":["Double Energy","Consume"],"picked":"Darkness","floor":7},{"not_picked":["Double Energy","Conserve Battery"],"picked":"Reinforced Body","floor":10},{"not_picked":["Beam Cell","Stack"],"picked":"Compile Driver","floor":11}],"player_experience":1549579,"relics_obtained":[{"floor":4,"key":"Lantern"},{"floor":7,"key":"Pen Nib"},{"floor":9,"key":"Dodecahedron"},{"floor":10,"key":"Girya"},{"floor":11,"key":"Tiny Chest"}],"event_choices":[{"damage_healed":0,"gold_gain":0,"player_choice":"Grow","damage_taken":0,"max_hp_gain":0,"max_hp_loss":0,"event_name":"Living Wall","floor":5,"gold_loss":0,"cards_upgraded":["Defragment"]},{"damage_healed":0,"gold_gain":0,"player_choice":"Searched \u00271\u0027 times","damage_taken":0,"max_hp_gain":0,"max_hp_loss":0,"event_name":"Dead Adventurer","floor":11,"gold_loss":0},{"damage_healed":0,"gold_gain":0,"player_choice":"Forge","damage_taken":0,"max_hp_gain":0,"max_hp_loss":0,"event_name":"Accursed Blacksmith","floor":13,"gold_loss":0,"cards_upgraded":["Dualcast"]}],"is_beta":true,"boss_relics":[],"items_purged_floors":[14],"is_endless":false,"potions_floor_spawned":[7,10],"killed_by":"Slime Boss","ascension_level":20}