{"gold_per_floor":[109,127,146,156,167,167,24,55,55,55,55,5,20,36,36,136,136,150,150,150,170,190,222,22,22],"floor_reached":25,"playtime":1420,"items_purged":["Strike_R"],"score":248,"play_id":"aef06aea-80fd-42fb-872c-dc2b159f42c2","local_time":"20190413112833","is_ascension_mode":true,"campfire_choices":[{"data":"Anger","floor":6,"key":"SMITH"},{"floor":10,"key":"REST"},{"floor":15,"key":"REST"}],"neow_cost":"NONE","seed_source_timestamp":29306021682400,"circlet_count":0,"master_deck":["Strike_R","Strike_R","Defend_R","Defend_R","Defend_R","Defend_R","Anger+1","Dual Wield","Cleave","Shrug It Off","Pommel Strike","Wild Strike","Hemokinesis","Offering","Body Slam","Metallicize+1","Barricade+1","Ghostly Armor","Dark Embrace+1","Iron Wave","Seeing Red","True Grit","Headbutt","Impervious"],"relics":["Burning Blood","Frozen Egg 2","Happy Flower","Pen Nib","Coffee Dripper","Shuriken","Ornamental Fan"],"potions_floor_usage":[5,8,16,22,23,25],"damage_taken":[{"damage":1,"enemies":"Cultist","floor":1,"turns":3},{"damage":9,"enemies":"2 Louse","floor":2,"turns":3},{"damage":2,"enemies":"Jaw Worm","floor":3,"turns":3},{"damage":14,"enemies":"Looter","floor":4,"turns":3},{"damage":22,"enemies":"Exordium Wildlife","floor":5,"turns":4},{"damage":47,"enemies":"Lagavulin","floor":8,"turns":7},{"damage":13,"enemies":"Exordium Thugs","floor":13,"turns":3},{"damage":6,"enemies":"2 Fungi Beasts","floor":14,"turns":2},{"damage":58,"enemies":"Hexaghost","floor":16,"turns":12},{"damage":21,"enemies":"2 Thieves","floor":18,"turns":4},{"damage":13,"enemies":"Chosen","floor":21,"turns":6},{"damage":34,"enemies":"Snake Plant","floor":22,"turns":5},{"damage":43,"enemies":"Slavers","floor":23,"turns":8},{"damage":11,"enemies":"Snecko","floor":25,"turns":3}],"seed_played":"-1002814140783175816","potions_obtained":[{"floor":1,"key":"BloodPotion"},{"floor":4,"key":"Explosive Potion"},{"floor":14,"key":"LiquidBronze"},{"floor":16,"key":"BloodPotion"},{"floor":18,"key":"FairyPotion"},{"floor":22,"key":"SkillPotion"}],"is_trial":false,"path_per_floor":["M","M","M","M","M","R","$","E","T","R","?","?","M","M","R","B",null,"M","?","T","M","M","E","$","M"],"character_chosen":"IRONCLAD","items_purchased":["Hemokinesis","Impervious","Block Potion"],"campfire_rested":2,"item_purchase_floors":[7,24,24],"current_hp_per_floor":[80,77,80,72,56,56,56,23,23,47,47,47,40,40,64,12,80,65,65,65,58,38,11,11,0],"gold":22,"neow_bonus":"TRANSFORM_CARD","is_prod":false,"is_daily":false,"chose_seed":false,"campfire_upgraded":1,"win_rate":0,"timestamp":1555180113,"path_taken":["M","M","M","M","?","R","$","E","T","R","?","?","M","M","R","BOSS","M","?","?","?","M","E","$","M"],"build_version":"2019-01-23","purchased_purges":1,"victory":false,"max_hp_per_floor":[80,80,80,80,80,80,80,80,80,80,80,80,80,80,80,80,80,80,80,80,80,80,80,80,80],"card_choices":[{"not_picked":["Iron Wave","Wild Strike"],"picked":"Dual Wield","floor":1},{"not_picked":["Spot Weakness","Armaments"],"picked":"Cleave","floor":2},{"not_picked":["Sword Boomerang","Carnage"],"picked":"Shrug It Off","floor":3},{"not_picked":["Entrench","Anger"],"picked":"Pommel Strike","floor":4},{"not_picked":["Searing Blow","Burning Pact"],"picked":"Wild Strike","floor":5},{"not_picked":["Dual Wield","Corruption"],"picked":"Offering","floor":8},{"not_picked":["Sword Boomerang","Pommel Strike"],"picked":"Body Slam","floor":13},{"not_picked":["Armaments","Headbutt"],"picked":"Metallicize+1","floor":14},{"not_picked":["Juggernaut+1","Demon Form+1"],"picked":"Barricade+1","floor":16},{"not_picked":["Perfected Strike","Clash"],"picked":"Ghostly Armor","floor":18},{"not_picked":["Body Slam","Twin Strike","Seeing Red"],"picked":"SKIP","floor":21},{"not_picked":["Body Slam","Twin Strike"],"picked":"Seeing Red","floor":21},{"not_picked":["Perfected Strike","Seeing Red"],"picked":"True Grit","floor":22},{"not_picked":["Combust+1","Sword Boomerang"],"picked":"Headbutt","floor":23}],"player_experience":210370,"relics_obtained":[{"floor":8,"key":"Frozen Egg 2"},{"floor":9,"key":"Happy Flower"},{"floor":20,"key":"Shuriken"},{"floor":23,"key":"Ornamental Fan"}],"event_choices":[{"damage_healed":0,"gold_gain":0,"player_choice":"Box","damage_taken":0,"relics_obtained":["Pen Nib"],"max_hp_gain":0,"max_hp_loss":0,"event_name":"Big Fish","floor":11,"gold_loss":0,"cards_obtained":["Regret"]},{"cards_removed":["Regret"],"damage_healed":0,"gold_gain":0,"player_choice":"Card Removal","damage_taken":0,"max_hp_gain":0,"max_hp_loss":0,"event_name":"The Cleric","floor":12,"gold_loss":50},{"damage_healed":0,"gold_gain":0,"cards_transformed":["Strike_R","Strike_R"],"player_choice":"Became Test Subject","damage_taken":0,"max_hp_gain":0,"max_hp_loss":0,"event_name":"Drug Dealer","floor":19,"gold_loss":0,"cards_obtained":["Dark Embrace","Iron Wave"]}],"is_beta":false,"boss_relics":[{"not_picked":["Lizard Tail","Orrery"],"picked":"Coffee Dripper"}],"items_purged_floors":[7],"is_endless":false,"potions_floor_spawned":[1,4,14,16,18,22],"killed_by":"Snecko","ascension_level":2}