{"gold_per_floor":[118,137,312,324,338,338,31,31,31,51,78,78,90,121,121,121],"floor_reached":16,"playtime":850,"items_purged":[],"score":146,"play_id":"8e150737-aef0-4f2c-a203-d0de72c1bf1a","local_time":"20190516201521","is_ascension_mode":true,"campfire_choices":[{"floor":6,"key":"REST"},{"floor":12,"key":"REST"},{"data":"Slice","floor":15,"key":"SMITH"}],"neow_cost":"PERCENT_DAMAGE","seed_source_timestamp":13187832039200,"circlet_count":0,"master_deck":["Defend_G","Defend_G","Defend_G","Defend_G","Defend_G","Strike_G","Strike_G","Strike_G","Strike_G","Strike_G","Survivor","Neutralize","Well Laid Plans","Crippling Poison","Dagger Throw","Escape Plan","Prepared","Choke","PiercingWail","Backstab","Slice+1"],"relics":["Ring of the Snake","Tingsha","Meat on the Bone","The Courier","Bottled Lightning","Boot"],"potions_floor_usage":[11,14,16,16],"damage_taken":[{"damage":4,"enemies":"2 Louse","floor":1,"turns":3},{"damage":10,"enemies":"Small Slimes","floor":2,"turns":5},{"damage":8,"enemies":"Cultist","floor":4,"turns":5},{"damage":3,"enemies":"2 Fungi Beasts","floor":5,"turns":3},{"damage":0,"enemies":"3 Louse","floor":10,"turns":2},{"damage":25,"enemies":"Gremlin Nob","floor":11,"turns":4},{"damage":7,"enemies":"Blue Slaver","floor":13,"turns":3},{"damage":9,"enemies":"3 Sentries","floor":14,"turns":7},{"damage":47,"enemies":"Slime Boss","floor":16,"turns":9}],"seed_played":"-8212000504084373678","potions_obtained":[{"floor":2,"key":"Energy Potion"},{"floor":10,"key":"SpeedPotion"},{"floor":11,"key":"Explosive Potion"},{"floor":13,"key":"SpeedPotion"}],"is_trial":false,"path_per_floor":["M","M","?","M","M","R","$","?","T","M","E","R","M","E","R","B"],"character_chosen":"THE_SILENT","items_purchased":["Prepared","Meat on the Bone"],"campfire_rested":2,"item_purchase_floors":[7,7],"current_hp_per_floor":[41,31,31,23,20,41,41,41,41,41,28,49,42,45,45,0],"gold":121,"neow_bonus":"ONE_RARE_RELIC","is_prod":false,"is_daily":false,"chose_seed":false,"campfire_upgraded":1,"win_rate":0,"timestamp":1558062921,"path_taken":["M","M","?","M","M","R","$","?","T","M","E","R","M","E","R","BOSS"],"build_version":"2019-01-23","purchased_purges":0,"victory":false,"max_hp_per_floor":[70,70,70,70,70,70,70,70,70,70,70,70,70,70,70,70],"card_choices":[{"not_picked":["PiercingWail","Underhanded Strike"],"picked":"Well Laid Plans","floor":1},{"not_picked":["Catalyst","Leg Sweep"],"picked":"Crippling Poison","floor":2},{"not_picked":["Deflect","Distraction"],"picked":"Dagger Throw","floor":4},{"not_picked":["Flying Knee","Quick Slash"],"picked":"Escape Plan","floor":5},{"not_picked":["Slice","Crippling Poison"],"picked":"Choke","floor":10},{"not_picked":["Deflect","Sucker Punch"],"picked":"PiercingWail","floor":11},{"not_picked":["Bane","Infinite Blades"],"picked":"Backstab","floor":13},{"not_picked":["Bane","Caltrops"],"picked":"Slice","floor":14}],"player_experience":328168,"relics_obtained":[{"floor":9,"key":"The Courier"},{"floor":11,"key":"Bottled Lightning"},{"floor":14,"key":"Boot"}],"event_choices":[{"damage_healed":0,"gold_gain":175,"player_choice":"AGREE","damage_taken":0,"max_hp_gain":0,"max_hp_loss":0,"event_name":"Liars Game","floor":3,"gold_loss":0,"cards_obtained":["Doubt"]},{"cards_removed":["Doubt"],"damage_healed":0,"gold_gain":0,"player_choice":"Purged","damage_taken":0,"max_hp_gain":0,"max_hp_loss":0,"event_name":"Purifier","floor":8,"gold_loss":0}],"is_beta":false,"boss_relics":[],"items_purged_floors":[],"is_endless":false,"potions_floor_spawned":[2,10,11,13],"killed_by":"Slime Boss","ascension_level":6}