{"gold_per_floor":[115,40,40,57,69,100,25,25,51,61,89,101,131,131,131,131],"floor_reached":16,"playtime":2049,"items_purged":["Doubt"],"score":116,"play_id":"ae0bef0e-b1c2-4d14-8cec-c07ad0fb7960","local_time":"20190622224359","is_ascension_mode":true,"campfire_choices":[{"floor":8,"key":"REST"},{"floor":15,"key":"REST"}],"neow_cost":"CURSE","seed_source_timestamp":1223927531920842,"circlet_count":0,"master_deck":["Strike_R","Strike_R","Strike_R","Defend_R","Defend_R","Defend_R","Defend_R","Bash","Barricade","Dropkick","Entrench","Second Wind","Dual Wield","Anger","Metallicize","Fire Breathing","Bloodletting","Seeing Red"],"relics":["Burning Blood","Juzu Bracelet","Letter Opener","PreservedInsect","Boot"],"potions_floor_usage":[6,16],"damage_taken":[{"damage":9,"enemies":"Cultist","floor":1,"turns":6},{"damage":7,"enemies":"Jaw Worm","floor":4,"turns":6},{"damage":1,"enemies":"2 Louse","floor":5,"turns":6},{"damage":55,"enemies":"Lagavulin","floor":6,"turns":9},{"damage":4,"enemies":"Looter","floor":10,"turns":4},{"damage":31,"enemies":"3 Sentries","floor":11,"turns":8},{"damage":26,"enemies":"Exordium Wildlife","floor":12,"turns":7},{"damage":37,"enemies":"Hexaghost","floor":16,"turns":11}],"seed_played":"-289175934134281705","potions_obtained":[{"floor":1,"key":"Explosive Potion"},{"floor":4,"key":"FearPotion"},{"floor":5,"key":"GamblersBrew"}],"is_trial":false,"path_per_floor":["M","$","T","M","M","E","$","R","T","M","E","M","?","?","R","B"],"character_chosen":"IRONCLAD","items_purchased":["Metallicize"],"campfire_rested":2,"item_purchase_floors":[7],"current_hp_per_floor":[77,77,77,76,80,31,31,55,55,57,32,12,12,12,36,0],"gold":131,"neow_bonus":"TRANSFORM_TWO_CARDS","is_prod":false,"is_daily":false,"chose_seed":false,"campfire_upgraded":0,"win_rate":0,"timestamp":1561257839,"path_taken":["M","$","?","M","M","E","?","R","T","M","E","M","?","?","R","BOSS"],"build_version":"2019-01-23","purchased_purges":1,"victory":false,"max_hp_per_floor":[80,80,80,80,80,80,80,80,80,80,80,80,80,80,80,80],"card_choices":[{"not_picked":["Pommel Strike","Iron Wave"],"picked":"Entrench","floor":1},{"not_picked":["Blood for Blood","Rupture"],"picked":"Second Wind","floor":4},{"not_picked":["Shrug It Off","Wild Strike"],"picked":"Dual Wield","floor":5},{"not_picked":["Carnage","Disarm"],"picked":"Anger","floor":6},{"not_picked":["Iron Wave","Disarm"],"picked":"Fire Breathing","floor":10},{"not_picked":["Pommel Strike","Inflame"],"picked":"Bloodletting","floor":11},{"not_picked":["Sword Boomerang","Clothesline"],"picked":"Seeing Red","floor":12}],"player_experience":1191912,"relics_obtained":[{"floor":3,"key":"Juzu Bracelet"},{"floor":6,"key":"Letter Opener"},{"floor":9,"key":"PreservedInsect"},{"floor":11,"key":"Boot"}],"event_choices":[{"damage_healed":0,"gold_gain":30,"player_choice":"Searched \u00271\u0027 times","damage_taken":0,"max_hp_gain":0,"max_hp_loss":0,"event_name":"Dead Adventurer","floor":13,"gold_loss":0},{"damage_healed":0,"gold_gain":0,"player_choice":"Ignored","damage_taken":0,"max_hp_gain":0,"max_hp_loss":0,"event_name":"Shining Light","floor":14,"gold_loss":0}],"is_beta":false,"boss_relics":[],"items_purged_floors":[2],"is_endless":false,"potions_floor_spawned":[1,4,5],"killed_by":"Hexaghost","ascension_level":1}