{"gold_per_floor":[109,109,188,188,201,201,231,231,231,247,247,261,276,304,304,403,403,420,420,438,438,209,228,228,244,319,338,338,338,367,265,265,367,367,382,397,154,164,164,164,198,198,244,257,273,273,72,85,85,85],"floor_reached":51,"playtime":1489,"items_purged":["Writhe"],"score":832,"play_id":"556f59ca-c6de-4eca-a3aa-fea540581e8d","local_time":"20190526122125","is_ascension_mode":false,"campfire_choices":[{"data":"Perfected Strike","floor":6,"key":"SMITH"},{"data":"Perfected Strike","floor":8,"key":"SMITH"},{"data":"Defend_R","floor":11,"key":"SMITH"},{"data":"Shrug It Off","floor":15,"key":"SMITH"},{"data":"Defend_R","floor":24,"key":"SMITH"},{"data":"Defend_R","floor":29,"key":"SMITH"},{"data":"Perfected Strike","floor":32,"key":"SMITH"},{"data":"Perfected Strike","floor":40,"key":"SMITH"},{"data":"Defend_R","floor":42,"key":"SMITH"},{"data":"Pommel Strike","floor":46,"key":"SMITH"},{"floor":49,"key":"REST"}],"neow_cost":"NONE","seed_source_timestamp":756703847934599,"circlet_count":0,"master_deck":["Strike_R","Strike_R","Strike_R","Strike_R","Strike_R","Defend_R+1","Defend_R+1","Defend_R+1","Defend_R+1","Bash+1","Perfected Strike+1","Perfected Strike+1","Shrug It Off+1","Thunderclap","Pommel Strike+1","Anger","Armaments+1","Cleave","Perfected Strike+1","Pommel Strike+1","Perfected Strike+1","Perfected Strike+1","Shrug It Off+1"],"relics":["White Beast Statue","Singing Bowl","Kunai","Paper Frog","Velvet Choker","Enchiridion","Vajra","Bag of Marbles","Dodecahedron","Question Card","Runic Cube","Molten Egg 2","Champion Belt","Incense Burner","Blood Vial","Boot"],"potions_floor_usage":[7,12,13,14,16,18,20,23,23,30,30,30,33,36,36,48,50,50],"damage_taken":[{"damage":3,"enemies":"Jaw Worm","floor":1,"turns":4},{"damage":5,"enemies":"2 Louse","floor":5,"turns":2},{"damage":10,"enemies":"3 Sentries","floor":7,"turns":5},{"damage":0,"enemies":"Cultist","floor":10,"turns":2},{"damage":0,"enemies":"Exordium Thugs","floor":12,"turns":3},{"damage":0,"enemies":"2 Fungi Beasts","floor":13,"turns":2},{"damage":10,"enemies":"Gremlin Nob","floor":14,"turns":3},{"damage":39,"enemies":"The Guardian","floor":16,"turns":7},{"damage":0,"enemies":"Chosen","floor":18,"turns":2},{"damage":0,"enemies":"Shell Parasite","floor":20,"turns":3},{"damage":0,"enemies":"Snake Plant","floor":23,"turns":1},{"damage":0,"enemies":"Cultist and Chosen","floor":25,"turns":3},{"damage":0,"enemies":"Chosen and Byrds","floor":27,"turns":3},{"damage":8,"enemies":"Slavers","floor":30,"turns":3},{"damage":26,"enemies":"Collector","floor":33,"turns":4},{"damage":11,"enemies":"3 Shapes","floor":35,"turns":2},{"damage":2,"enemies":"3 Darklings","floor":36,"turns":4},{"damage":2,"enemies":"Maw","floor":38,"turns":4},{"damage":13,"enemies":"Giant Head","floor":41,"turns":5},{"damage":8,"enemies":"4 Shapes","floor":44,"turns":3},{"damage":0,"enemies":"Transient","floor":45,"turns":5},{"damage":3,"enemies":"Maw","floor":48,"turns":3},{"damage":56,"enemies":"Awakened One","floor":50,"turns":9}],"seed_played":"7048392395101415098","potions_obtained":[{"floor":1,"key":"Block Potion"},{"floor":5,"key":"Explosive Potion"},{"floor":7,"key":"Block Potion"},{"floor":10,"key":"AttackPotion"},{"floor":12,"key":"Block Potion"},{"floor":13,"key":"AttackPotion"},{"floor":14,"key":"PowerPotion"},{"floor":16,"key":"BloodPotion"},{"floor":18,"key":"SteroidPotion"},{"floor":20,"key":"Ancient Potion"},{"floor":23,"key":"EssenceOfSteel"},{"floor":25,"key":"AttackPotion"},{"floor":30,"key":"SkillPotion"},{"floor":33,"key":"Dexterity Potion"},{"floor":35,"key":"SteroidPotion"},{"floor":36,"key":"Fruit Juice"},{"floor":38,"key":"Swift Potion"},{"floor":45,"key":"BloodPotion"},{"floor":48,"key":"GamblersBrew"}],"is_trial":false,"path_per_floor":["M","?","?","?","M","R","E","R","T","M","R","M","M","E","R","B",null,"M","?","M","?","$","M","R","M","T","M","?","R","E","$","R","B",null,"M","M","$","M","?","R","E","R","T","M","M","R","$","M","R","B",null],"character_chosen":"IRONCLAD","items_purchased":["Bag of Marbles","Perfected Strike","PowerPotion","Molten Egg 2","Perfected Strike+1","Boot"],"campfire_rested":1,"item_purchase_floors":[22,31,31,37,47,47],"current_hp_per_floor":[77,77,77,77,72,72,62,62,62,62,62,62,64,56,56,19,86,86,70,80,80,80,80,80,82,82,84,84,84,78,78,78,54,96,85,88,88,88,88,88,77,77,77,73,77,77,77,86,109,53],"gold":85,"neow_bonus":"BOSS_RELIC","is_prod":false,"is_daily":false,"chose_seed":false,"campfire_upgraded":10,"win_rate":0,"timestamp":1558866085,"path_taken":["M","?","?","?","M","R","E","R","T","M","R","M","?","E","R","BOSS","M","?","M","?","$","M","R","M","T","M","?","R","E","$","R","BOSS","M","M","$","M","?","R","E","R","T","M","M","R","$","M","R","BOSS"],"build_version":"2019-01-23","purchased_purges":1,"victory":true,"max_hp_per_floor":[80,80,80,80,80,80,80,80,80,80,80,80,82,84,84,86,86,86,86,88,88,88,88,88,90,90,92,92,92,94,94,94,96,96,96,101,101,103,103,103,105,105,105,107,109,109,109,109,109,109],"card_choices":[{"not_picked":["Power Through","Dual Wield"],"picked":"Perfected Strike","floor":1},{"not_picked":["Headbutt","Clash"],"picked":"Shrug It Off","floor":5},{"not_picked":["Double Tap","Iron Wave"],"picked":"Thunderclap","floor":7},{"not_picked":["Rupture","Sword Boomerang"],"picked":"Pommel Strike","floor":10},{"not_picked":["Disarm","Sword Boomerang"],"picked":"Anger","floor":12},{"not_picked":["Warcry","Sword Boomerang","Havoc"],"picked":"Singing Bowl","floor":13},{"not_picked":["Rampage","Clash","Double Tap"],"picked":"Singing Bowl","floor":14},{"not_picked":["Feed","Demon Form","Berserk"],"picked":"Singing Bowl","floor":16},{"not_picked":["Dropkick+1","Corruption"],"picked":"Armaments+1","floor":18},{"not_picked":["Rampage+1","Sever Soul","Uppercut"],"picked":"Singing Bowl","floor":20},{"not_picked":["Thunderclap","Inflame"],"picked":"Cleave","floor":23},{"not_picked":["Inflame+1","Havoc","Armaments"],"picked":"Singing Bowl","floor":25},{"not_picked":["Anger","Feel No Pain","Power Through"],"picked":"Singing Bowl","floor":27},{"not_picked":["Rupture+1","Cleave","Reaper"],"picked":"Singing Bowl","floor":30},{"not_picked":["Exhume","Reaper","Barricade","Feed"],"picked":"Singing Bowl","floor":33},{"not_picked":["Searing Blow+1","Flame Barrier+1","Armaments"],"picked":"Pommel Strike+1","floor":35},{"not_picked":["Entrench","Thunderclap","Ghostly Armor"],"picked":"Perfected Strike","floor":36},{"not_picked":["Clash+1","Feel No Pain+1","Anger+1","Reckless Charge+1"],"picked":"Singing Bowl","floor":38},{"not_picked":["Double Tap","Iron Wave+1","Dropkick+1","Heavy Blade+1"],"picked":"Singing Bowl","floor":41},{"not_picked":["Wild Strike+1","Thunderclap+1","Clothesline+1","Sword Boomerang+1"],"picked":"Singing Bowl","floor":44},{"not_picked":["Body Slam+1","Clash+1","Anger+1","Searing Blow+1"],"picked":"Singing Bowl","floor":45},{"not_picked":["Metallicize","Hemokinesis+1","Flex"],"picked":"Shrug It Off+1","floor":48}],"player_experience":414247,"relics_obtained":[{"floor":7,"key":"Singing Bowl"},{"floor":9,"key":"Kunai"},{"floor":14,"key":"Paper Frog"},{"floor":19,"key":"Enchiridion"},{"floor":26,"key":"Dodecahedron"},{"floor":30,"key":"Question Card"},{"floor":39,"key":"Champion Belt"},{"floor":41,"key":"Incense Burner"},{"floor":43,"key":"Blood Vial"}],"event_choices":[{"damage_healed":0,"gold_gain":0,"player_choice":"Grow","damage_taken":0,"max_hp_gain":0,"max_hp_loss":0,"event_name":"Living Wall","floor":2,"gold_loss":0,"cards_upgraded":["Bash"]},{"damage_healed":0,"gold_gain":79,"player_choice":"Gained Gold","damage_taken":0,"max_hp_gain":0,"max_hp_loss":0,"event_name":"Golden Wing","floor":3,"gold_loss":0},{"damage_healed":0,"gold_gain":0,"player_choice":"1 cards matched","damage_taken":0,"max_hp_gain":0,"max_hp_loss":0,"event_name":"Match and Keep!","floor":4,"gold_loss":0,"cards_obtained":["Perfected Strike"]},{"damage_healed":0,"gold_gain":0,"player_choice":"Obtained Book","damage_taken":16,"max_hp_gain":0,"max_hp_loss":0,"event_name":"Cursed Tome","floor":19,"gold_loss":0},{"damage_healed":0,"gold_gain":0,"player_choice":"Opened","damage_taken":0,"relics_obtained":["Vajra"],"max_hp_gain":0,"max_hp_loss":0,"event_name":"The Mausoleum","floor":21,"gold_loss":0,"cards_obtained":["Writhe"]},{"damage_healed":0,"gold_gain":0,"player_choice":"Ignored","damage_taken":0,"max_hp_gain":0,"max_hp_loss":0,"event_name":"Purifier","floor":28,"gold_loss":0},{"damage_healed":0,"gold_gain":0,"player_choice":"Relic","damage_taken":0,"max_hp_gain":0,"max_hp_loss":0,"event_name":"Wheel of Change","floor":39,"gold_loss":0}],"is_beta":false,"boss_relics":[{"not_picked":["Tiny House","Cursed Key"],"picked":"Velvet Choker"},{"not_picked":["Eternal Feather","Runic Dome"],"picked":"Runic Cube"}],"items_purged_floors":[22],"is_endless":false,"potions_floor_spawned":[1,5,7,10,12,13,14,16,18,20,23,25,27,30,33,35,36,38,41,44,45,48],"ascension_level":0}