{"gold_per_floor":[114,39,53,63,63,63,63,63,63,78,96,96,125,140,140,217,217,237,237,250,250,275,275,275],"floor_reached":24,"playtime":738,"items_purged":["Strike_R"],"score":392,"play_id":"e6eb916e-1848-4020-a244-1d2ed9fa9b66","local_time":"20190616195202","is_ascension_mode":true,"campfire_choices":[{"data":"Bludgeon","floor":6.0,"key":"SMITH"},{"data":"Bash","floor":8.0,"key":"SMITH"},{"data":"Flame Barrier","floor":15.0,"key":"SMITH"},{"data":"Warcry","floor":23,"key":"SMITH"}],"neow_cost":"NONE","seed_source_timestamp":0,"circlet_count":0,"master_deck":["AscendersBane","Strike_R","Strike_R","Strike_R","Defend_R","Defend_R","Defend_R","Bash+1","Flame Barrier+1","Flame Barrier","Bludgeon+1","Headbutt","Double Tap","Sever Soul","Warcry+1","Parasite"],"special_seed":0,"relics":["Burning Blood","Ornamental Fan","Pantograph","Meat on the Bone","Cursed Key","Red Skull"],"potions_floor_usage":[24,24],"damage_taken":[{"damage":1.0,"enemies":"Cultist","floor":1.0,"turns":4.0},{"damage":2.0,"enemies":"2 Louse","floor":3.0,"turns":3.0},{"damage":0.0,"enemies":"Jaw Worm","floor":4.0,"turns":5.0},{"damage":0.0,"enemies":"3 Louse","floor":10.0,"turns":5.0},{"damage":0.0,"enemies":"2 Fungi Beasts","floor":11.0,"turns":5.0},{"damage":6.0,"enemies":"3 Sentries","floor":13.0,"turns":8.0},{"damage":13.0,"enemies":"Blue Slaver","floor":14.0,"turns":2.0},{"damage":40.0,"enemies":"The Guardian","floor":16.0,"turns":12.0},{"damage":0.0,"enemies":"Chosen","floor":18.0,"turns":2.0},{"damage":22,"enemies":"2 Thieves","floor":20,"turns":3},{"damage":55,"enemies":"Slavers","floor":24,"turns":5}],"seed_played":"2908080830049380288","potions_obtained":[{"floor":1.0,"key":"SteroidPotion"},{"floor":3.0,"key":"Block Potion"},{"floor":4.0,"key":"Fire Potion"},{"floor":16.0,"key":"Weak Potion"}],"is_trial":false,"path_per_floor":["M","$","M","M","?","R","?","R","T","M","M","$","E","M","R","B",null,"M","?","M","?","T","R","E"],"character_chosen":"IRONCLAD","items_purchased":[],"campfire_rested":0,"item_purchase_floors":[],"current_hp_per_floor":[73,73,75,75,70,70,75,75,75,80,80,80,80,73,73,58,75,80,57,53,53,53,53,0],"gold":275,"neow_bonus":"THREE_CARDS","is_prod":false,"is_daily":false,"chose_seed":false,"campfire_upgraded":4,"win_rate":0,"timestamp":1560707522,"path_taken":["M","?","M","?","?","R","?","R","T","M","M","$","E","M","R","BOSS","M","?","M","?","?","R","E"],"build_version":"2019-01-23","purchased_purges":1,"victory":false,"max_hp_per_floor":[75,75,75,75,75,75,80,80,80,80,80,80,80,80,80,80,80,80,85,85,85,85,85,85],"card_choices":[{"not_picked":["Anger","Evolve"],"picked":"Flame Barrier","floor":0.0},{"not_picked":["Ghostly Armor","Heavy Blade","Pommel Strike"],"picked":"SKIP","floor":1.0},{"not_picked":["Dual Wield","Clothesline"],"picked":"Flame Barrier","floor":3.0},{"not_picked":["Pummel","Power Through"],"picked":"Bludgeon","floor":4.0},{"not_picked":["Combust","Pummel","Thunderclap"],"picked":"SKIP","floor":10.0},{"not_picked":["Uppercut","Dual Wield","True Grit"],"picked":"SKIP","floor":11.0},{"not_picked":["Burning Pact","Flex","Evolve"],"picked":"SKIP","floor":13.0},{"not_picked":["Warcry","Sentinel"],"picked":"Headbutt","floor":14.0},{"not_picked":["Exhume","Limit Break"],"picked":"Double Tap","floor":16.0},{"not_picked":["Shrug It Off","Sword Boomerang","Dropkick"],"picked":"SKIP","floor":18.0},{"not_picked":["Corruption","Flex+1","Clothesline"],"picked":"SKIP","floor":20}],"player_experience":572398,"relics_obtained":[{"floor":9.0,"key":"Pantograph"},{"floor":13.0,"key":"Meat on the Bone"},{"floor":22,"key":"Red Skull"}],"event_choices":[{"damage_healed":0.0,"max_hp_gain":0.0,"max_hp_loss":0.0,"gold_gain":0.0,"event_name":"Scrap Ooze","player_choice":"Success","floor":5.0,"gold_loss":0.0,"damage_taken":5.0,"relics_obtained":["Ornamental Fan"]},{"damage_healed":0.0,"max_hp_gain":5.0,"max_hp_loss":0.0,"gold_gain":0.0,"event_name":"Big Fish","player_choice":"Donut","floor":7.0,"gold_loss":0.0,"damage_taken":0.0},{"damage_healed":0.0,"max_hp_gain":5.0,"max_hp_loss":0.0,"gold_gain":0.0,"event_name":"Forgotten Altar","player_choice":"Shed Blood","floor":19.0,"gold_loss":0.0,"damage_taken":28.0},{"damage_healed":0,"gold_gain":0,"cards_transformed":["Strike_R","Defend_R"],"player_choice":"Became Test Subject","damage_taken":0,"max_hp_gain":0,"max_hp_loss":0,"event_name":"Drug Dealer","floor":21,"gold_loss":0,"cards_obtained":["Sever Soul","Warcry"]}],"is_beta":false,"boss_relics":[{"not_picked":["Lizard Tail","Mark of Pain"],"picked":"Cursed Key"}],"items_purged_floors":[2],"is_endless":false,"potions_floor_spawned":[1,3,4,16,20],"killed_by":"Slavers","ascension_level":20}