{"gold_per_floor":[111,126,1,1,1,27,43,75,102,177,192,202,257,277,277,277],"floor_reached":16,"playtime":159552,"items_purged":["Strike_B"],"score":137,"play_id":"5caa4f86-7c1d-4998-9419-85f773fc6fc0","local_time":"20190509215035","is_ascension_mode":false,"campfire_choices":[{"floor":15,"key":"REST"}],"neow_cost":"NONE","seed_source_timestamp":0,"circlet_count":0,"master_deck":["Strike_B","Strike_B","Defend_B","Defend_B","Defend_B","Defend_B","Zap","Dualcast","Leap","Streamline","Gash","Cold Snap","Self Repair","Reinforced Body","Ball Lightning","Gash","Conserve Battery","Streamline","Auto Shields"],"special_seed":0,"relics":["Cracked Core","NeowsBlessing","Omamori","PreservedInsect","Centennial Puzzle","Bottled Tornado"],"potions_floor_usage":[],"damage_taken":[{"damage":0.0,"enemies":"2 Louse","floor":1.0,"turns":1.0},{"damage":0.0,"enemies":"Jaw Worm","floor":2.0,"turns":1.0},{"damage":0.0,"enemies":"Lagavulin","floor":6.0,"turns":1.0},{"damage":7.0,"enemies":"Small Slimes","floor":7.0,"turns":2.0},{"damage":30.0,"enemies":"Gremlin Nob","floor":8.0,"turns":5.0},{"damage":10.0,"enemies":"Looter","floor":11.0,"turns":2.0},{"damage":7.0,"enemies":"Blue Slaver","floor":12.0,"turns":4.0},{"damage":12,"enemies":"Lagavulin Event","floor":13,"turns":6},{"damage":16,"enemies":"Exordium Thugs","floor":14,"turns":5},{"damage":40,"enemies":"Slime Boss","floor":16,"turns":5}],"seed_played":"8752719883105170827","potions_obtained":[{"floor":2.0,"key":"Block Potion"},{"floor":8.0,"key":"Strength Potion"},{"floor":11.0,"key":"Energy Potion"}],"is_trial":false,"path_per_floor":["M","M","$","?","?","E","M","E","T","?","M","M","?","M","R","B"],"character_chosen":"DEFECT","items_purchased":["Gash"],"campfire_rested":1,"item_purchase_floors":[3],"current_hp_per_floor":[75,75,75,75,75,75,68,45,45,34,24,24,19,10,32,0],"gold":277,"neow_bonus":"THREE_ENEMY_KILL","is_prod":false,"is_daily":false,"chose_seed":false,"campfire_upgraded":0,"win_rate":0.0,"timestamp":1557453035,"path_taken":["M","M","$","?","?","E","M","E","T","?","M","?","?","M","R","BOSS"],"build_version":"2019-01-23","purchased_purges":1,"victory":false,"max_hp_per_floor":[75,75,75,75,75,75,75,75,75,75,75,75,75,75,75,75],"card_choices":[{"not_picked":["Ball Lightning","FTL"],"picked":"Leap","floor":1.0},{"not_picked":["Stack","Coolheaded"],"picked":"Streamline","floor":2.0},{"not_picked":["Reprogram","Biased Cognition"],"picked":"Self Repair","floor":6.0},{"not_picked":["Beam Cell","Ball Lightning"],"picked":"Reinforced Body","floor":7.0},{"not_picked":["Glacier","Steam"],"picked":"Ball Lightning","floor":8.0},{"not_picked":["Scrape","Redo"],"picked":"Gash","floor":11.0},{"not_picked":["Coolheaded","Glacier"],"picked":"Conserve Battery","floor":12},{"not_picked":["Defragment","Redo"],"picked":"Streamline","floor":13},{"not_picked":["Streamline","Conserve Battery"],"picked":"Auto Shields","floor":14}],"player_experience":309454,"relics_obtained":[{"floor":6.0,"key":"Omamori"},{"floor":8.0,"key":"PreservedInsect"},{"floor":9.0,"key":"Centennial Puzzle"},{"floor":13,"key":"Bottled Tornado"}],"event_choices":[{"damage_healed":0.0,"max_hp_gain":0.0,"max_hp_loss":0.0,"gold_gain":0.0,"event_name":"The Cleric","player_choice":"Leave","floor":4.0,"gold_loss":0.0,"damage_taken":0.0},{"damage_healed":0.0,"max_hp_gain":0.0,"max_hp_loss":0.0,"gold_gain":0.0,"cards_transformed":["Strike_B"],"event_name":"Living Wall","player_choice":"Change","floor":5.0,"gold_loss":0.0,"damage_taken":0.0,"cards_obtained":["Cold Snap"]},{"damage_healed":0.0,"max_hp_gain":0.0,"max_hp_loss":0.0,"gold_gain":75.0,"event_name":"World of Goop","player_choice":"Gather Gold","floor":10.0,"gold_loss":0.0,"damage_taken":11.0},{"damage_healed":0,"gold_gain":0,"player_choice":"Searched \u00271\u0027 times","damage_taken":0,"max_hp_gain":0,"max_hp_loss":0,"event_name":"Dead Adventurer","floor":13,"gold_loss":0}],"is_beta":false,"boss_relics":[],"items_purged_floors":[3],"is_endless":false,"potions_floor_spawned":[2,8,11,14],"killed_by":"Slime Boss","ascension_level":0}