{"gold_per_floor":[161,161,171,185,185,185,185,220,300,310,326,326,343,357,357,456,456,466,484,503,503],"floor_reached":21,"playtime":2865,"items_purged":[],"score":185,"play_id":"8df00e22-757f-4c58-933b-74801bb08205","local_time":"20190515135334","is_ascension_mode":false,"campfire_choices":[{"data":"Neutralize","floor":6,"key":"SMITH"},{"data":"Night Terror","floor":12,"key":"SMITH"},{"floor":15,"key":"REST"}],"neow_cost":"NONE","seed_source_timestamp":1547886197207158,"circlet_count":0,"master_deck":["Survivor","Neutralize+1","Heel Hook","All Out Attack+1","Dash","PiercingWail","Terror","Night Terror+1","Deadly Poison","Catalyst","Corpse Explosion","Accuracy","Backstab","Glass Knife","Dagger Throw","Unload","Acrobatics","Quick Slash","Terror","Expertise","Deadly Poison","Dash+1"],"relics":["Tiny House","Strawberry","Bottled Flame","Pandora\u0027s Box"],"potions_floor_usage":[10,13,14,16,20,20,20],"damage_taken":[{"damage":0,"enemies":"2 Louse","floor":1,"turns":5},{"damage":0,"enemies":"Jaw Worm","floor":3,"turns":5},{"damage":0,"enemies":"Cultist","floor":4,"turns":3},{"damage":14,"enemies":"Gremlin Nob","floor":8,"turns":5},{"damage":0,"enemies":"Lots of Slimes","floor":10,"turns":3},{"damage":0,"enemies":"3 Louse","floor":11,"turns":3},{"damage":3,"enemies":"Exordium Thugs","floor":13,"turns":5},{"damage":12,"enemies":"Blue Slaver","floor":14,"turns":4},{"damage":46,"enemies":"The Guardian","floor":16,"turns":10},{"damage":6,"enemies":"Chosen","floor":18,"turns":4},{"damage":22,"enemies":"3 Byrds","floor":19,"turns":6},{"damage":53,"enemies":"Shelled Parasite and Fungi","floor":20,"turns":4},{"damage":2,"enemies":"Snake Plant","floor":21,"turns":1}],"seed_played":"-4052951339344430521","potions_obtained":[{"floor":0,"key":"LiquidBronze"},{"floor":3,"key":"Explosive Potion"},{"floor":4,"key":"Block Potion"},{"floor":10,"key":"SpeedPotion"},{"floor":14,"key":"Weak Potion"},{"floor":16,"key":"EssenceOfSteel"},{"floor":18,"key":"Ancient Potion"}],"is_trial":false,"path_per_floor":["M","?","M","M","?","R","?","E","T","M","M","R","M","M","R","B",null,"M","M","M","M"],"character_chosen":"THE_SILENT","items_purchased":[],"campfire_rested":1,"item_purchase_floors":[],"current_hp_per_floor":[75,68,68,68,68,68,68,61,61,61,61,61,58,46,70,24,82,76,54,1,0],"gold":503,"neow_bonus":"BOSS_RELIC","is_prod":false,"is_daily":false,"chose_seed":false,"campfire_upgraded":2,"win_rate":0.0,"timestamp":1557942814,"path_taken":["M","?","M","M","?","R","?","E","T","?","M","R","M","M","R","BOSS","M","M","M","?"],"build_version":"2019-01-23","purchased_purges":0,"victory":false,"max_hp_per_floor":[75,75,75,75,75,75,75,82,82,82,82,82,82,82,82,82,82,82,82,82,82],"card_choices":[{"not_picked":["Acrobatics","Cloak And Dagger"],"picked":"Heel Hook","floor":0},{"not_picked":["Deflect","Backflip"],"picked":"All Out Attack","floor":1},{"not_picked":["Sucker Punch","Poisoned Stab"],"picked":"Dash","floor":3},{"not_picked":["Calculated Gamble","Dagger Spray"],"picked":"PiercingWail","floor":4},{"not_picked":["Escape Plan","Bouncing Flask"],"picked":"Terror","floor":8},{"not_picked":["Dagger Spray","Poisoned Stab"],"picked":"Night Terror","floor":10},{"not_picked":["PiercingWail","Dagger Throw"],"picked":"Deadly Poison","floor":11},{"not_picked":["Cloak And Dagger","Deflect","Dagger Spray"],"picked":"SKIP","floor":13},{"not_picked":["Dagger Throw","Escape Plan"],"picked":"Catalyst","floor":14},{"not_picked":["Storm of Steel","Night Terror"],"picked":"Corpse Explosion","floor":16},{"not_picked":["Underhanded Strike","Prepared"],"picked":"Expertise","floor":18},{"not_picked":["Catalyst","Finisher"],"picked":"Deadly Poison","floor":19},{"not_picked":["PiercingWail","Deadly Poison"],"picked":"Dash+1","floor":20}],"player_experience":732840,"relics_obtained":[{"floor":8,"key":"Strawberry"},{"floor":9,"key":"Bottled Flame"}],"event_choices":[{"cards_removed":["Strike_G"],"damage_healed":0,"gold_gain":0,"player_choice":"Card Removal","damage_taken":7,"max_hp_gain":0,"max_hp_loss":0,"event_name":"Golden Wing","floor":2,"gold_loss":0},{"cards_removed":["Strike_G"],"damage_healed":0,"gold_gain":0,"player_choice":"Forget","damage_taken":0,"max_hp_gain":0,"max_hp_loss":0,"event_name":"Living Wall","floor":5,"gold_loss":0},{"damage_healed":0,"gold_gain":0,"player_choice":"Upgraded","damage_taken":0,"max_hp_gain":0,"max_hp_loss":0,"event_name":"Upgrade Shrine","floor":7,"gold_loss":0,"cards_upgraded":["All Out Attack"]}],"is_beta":false,"boss_relics":[{"not_picked":["Velvet Choker","Runic Dome"],"picked":"Pandora\u0027s Box"}],"items_purged_floors":[],"is_endless":false,"potions_floor_spawned":[3,4,10,14,16,18],"killed_by":"Snake Plant","ascension_level":0}