{"gold_per_floor":[113,132,152,227,227,227,252,252,279,279,296,324,324,14,14,118,118,136,136,146,71,81,81,106,106,106,138,138,138,173,186,186,288,288,304,317,331,331,331,331,431,466,466,466,494,494,513,523,523,523,523,523,66,101,101],"floor_reached":56,"playtime":2309,"items_purged":[],"score":1401,"play_id":"f4517c50-e66e-4d04-8070-c50c5d41f858","local_time":"20190307152730","is_ascension_mode":true,"campfire_choices":[{"data":"Searing Blow","floor":6.0,"key":"SMITH"},{"data":"Searing Blow+1","floor":8.0,"key":"SMITH"},{"data":"Searing Blow+2","floor":10.0,"key":"SMITH"},{"data":"Bash","floor":15.0,"key":"SMITH"},{"data":"Searing Blow+3","floor":23.0,"key":"SMITH"},{"data":"Searing Blow+4","floor":25.0,"key":"SMITH"},{"data":"Searing Blow+5","floor":29.0,"key":"SMITH"},{"data":"Searing Blow+6","floor":32.0,"key":"SMITH"},{"data":"Searing Blow+7","floor":40.0,"key":"SMITH"},{"data":"Searing Blow+8","floor":44,"key":"SMITH"},{"data":"Searing Blow+9","floor":46,"key":"SMITH"},{"floor":49,"key":"RECALL"},{"data":"Searing Blow+10","floor":52,"key":"SMITH"}],"neow_cost":"NONE","seed_source_timestamp":488451496348261,"circlet_count":0,"master_deck":["Strike_R","Defend_R","Defend_R","Defend_R+1","Defend_R","Bash+1","Evolve","Searing Blow+11","Dropkick","Headbutt","Shrug It Off","Uppercut+1","Ghostly Armor","Feed","Armaments+1","Thunderclap+1","Madness","Madness+1","Clothesline+1","Thunderclap+1","Enlightenment","Master of Strategy","Armaments+1"],"special_seed":0,"relics":["Black Blood","Orichalcum","Nunchaku","Art of War","Incense Burner","Sozu","Paper Frog","Red Mask","Mercury Hourglass","Unceasing Top","Happy Flower","Pocketwatch","Oddly Smooth Stone","Bag of Preparation","Sundial","ClockworkSouvenir","War Paint"],"potions_floor_usage":[],"damage_taken":[{"damage":2.0,"enemies":"Small Slimes","floor":1.0,"turns":5.0},{"damage":6.0,"enemies":"2 Louse","floor":2.0,"turns":4.0},{"damage":7.0,"enemies":"Jaw Worm","floor":3.0,"turns":3.0},{"damage":19.0,"enemies":"Gremlin Nob","floor":7.0,"turns":4.0},{"damage":11.0,"enemies":"Blue Slaver","floor":11.0,"turns":3.0},{"damage":18.0,"enemies":"Lagavulin","floor":12.0,"turns":4.0},{"damage":24.0,"enemies":"The Guardian","floor":16.0,"turns":7.0},{"damage":14.0,"enemies":"3 Byrds","floor":18.0,"turns":5.0},{"damage":19.0,"enemies":"2 Thieves","floor":20.0,"turns":4.0},{"damage":0.0,"enemies":"Snecko","floor":22.0,"turns":3.0},{"damage":18.0,"enemies":"Masked Bandits","floor":24.0,"turns":4.0},{"damage":0.0,"enemies":"Gremlin Leader","floor":27.0,"turns":3.0},{"damage":9.0,"enemies":"Slavers","floor":30.0,"turns":3.0},{"damage":0.0,"enemies":"Snake Plant","floor":31.0,"turns":2.0},{"damage":12.0,"enemies":"Champ","floor":33.0,"turns":6.0},{"damage":32.0,"enemies":"3 Darklings","floor":35.0,"turns":4.0},{"damage":0.0,"enemies":"Orb Walker","floor":36.0,"turns":2.0},{"damage":19.0,"enemies":"Writhing Mass","floor":37.0,"turns":5.0},{"damage":9.0,"enemies":"Mind Bloom Boss Battle","floor":41.0,"turns":5.0},{"damage":2,"enemies":"Reptomancer","floor":42,"turns":5},{"damage":0,"enemies":"Nemesis","floor":45,"turns":1},{"damage":9,"enemies":"4 Shapes","floor":47,"turns":4},{"damage":0,"enemies":"Sphere and 2 Shapes","floor":48,"turns":4},{"damage":27,"enemies":"Time Eater","floor":50,"turns":4},{"damage":24,"enemies":"Shield and Spear","floor":54,"turns":4},{"damage":57,"enemies":"The Heart","floor":55,"turns":7}],"seed_played":"-6963977680654257833","potions_obtained":[{"floor":2.0,"key":"Strength Potion"},{"floor":3.0,"key":"Fire Potion"},{"floor":11.0,"key":"Block Potion"}],"is_trial":false,"path_per_floor":["M","M","M","?","?","R","E","R","T","R","M","E","?","$","R","B",null,"M","?","M","?","M","R","?","R","T","E","?","R","E","M","R","B",null,"M","M","M","?","?","R","?","E","T","R","E","R","M","M","R","B",null,"R","$","E","B",null],"character_chosen":"IRONCLAD","items_purchased":["Incense Burner","ClockworkSouvenir","Enlightenment","Master of Strategy"],"campfire_rested":0,"item_purchase_floors":[14,53,53,53],"current_hp_per_floor":[80,80,79,68,65,65,52,52,52,52,47,35,28,28,28,10,80,72,72,59,59,65,65,53,53,53,59,59,59,56,62,62,56,80,61,71,62,52,52,52,53,61,61,61,74,74,75,85,85,71,89,89,89,75,28],"gold":101,"neow_bonus":"REMOVE_CARD","is_prod":false,"is_daily":false,"chose_seed":false,"campfire_upgraded":12,"win_rate":0,"timestamp":1551968850,"path_taken":["M","M","M","?","?","R","E","R","T","R","M","E","?","$","R","BOSS","M","?","M","?","M","R","?","R","T","E","?","R","E","M","R","BOSS","M","M","M","?","?","R","?","E","T","R","E","R","M","M","R","BOSS","R","$","E","BOSS"],"build_version":"2019-01-23","purchased_purges":0,"victory":true,"max_hp_per_floor":[80,80,80,80,80,80,80,80,80,80,80,80,80,80,80,80,80,80,80,80,80,80,80,80,80,80,80,80,80,80,80,80,80,80,83,83,83,83,83,83,83,83,83,83,86,86,86,86,86,89,89,89,89,89,89],"card_choices":[{"not_picked":["Heavy Blade","Anger"],"picked":"Evolve","floor":1.0},{"not_picked":["Iron Wave","Thunderclap"],"picked":"Searing Blow","floor":2.0},{"not_picked":["Pummel","Metallicize","Twin Strike"],"picked":"SKIP","floor":3.0},{"not_picked":["Body Slam","Power Through"],"picked":"Dropkick","floor":7.0},{"not_picked":["Flex","Heavy Blade"],"picked":"Headbutt","floor":11.0},{"not_picked":["Warcry","Heavy Blade","Blood for Blood"],"picked":"SKIP","floor":12.0},{"not_picked":["Feed","Demon Form"],"picked":"Berserk","floor":16.0},{"not_picked":["Burning Pact","Uppercut"],"picked":"Shrug It Off","floor":18.0},{"not_picked":["Anger","Wild Strike"],"picked":"Uppercut+1","floor":20.0},{"not_picked":["Rupture+1","Dual Wield+1","Corruption+1"],"picked":"SKIP","floor":22.0},{"not_picked":["Twin Strike+1","Blood for Blood"],"picked":"Ghostly Armor","floor":27.0},{"not_picked":["Demon Form","Clash","Searing Blow+1"],"picked":"SKIP","floor":30.0},{"not_picked":["Heavy Blade","Wild Strike","Cleave"],"picked":"SKIP","floor":31.0},{"not_picked":["Barricade","Berserk"],"picked":"Feed","floor":33.0},{"not_picked":["Anger+1","Searing Blow"],"picked":"Armaments+1","floor":35.0},{"not_picked":["Headbutt+1","Shrug It Off"],"picked":"Thunderclap+1","floor":36.0},{"not_picked":["Dual Wield","Cleave+1","Hemokinesis+1"],"picked":"SKIP","floor":37.0},{"not_picked":["Metallicize+1","Heavy Blade"],"picked":"Clothesline+1","floor":41.0},{"not_picked":["Seeing Red+1","Sever Soul+1","Sword Boomerang+1"],"picked":"SKIP","floor":42},{"not_picked":["Juggernaut","Clothesline","Perfected Strike"],"picked":"SKIP","floor":45},{"not_picked":["Headbutt+1","Feel No Pain+1","True Grit+1"],"picked":"SKIP","floor":47},{"not_picked":["Iron Wave+1","Headbutt"],"picked":"Thunderclap+1","floor":48},{"not_picked":["Flame Barrier","Flex+1"],"picked":"Armaments+1","floor":54}],"player_experience":31508,"relics_obtained":[{"floor":7.0,"key":"Nunchaku"},{"floor":12.0,"key":"Art of War"},{"floor":24.0,"key":"Red Mask"},{"floor":26.0,"key":"Mercury Hourglass"},{"floor":27.0,"key":"Unceasing Top"},{"floor":30.0,"key":"Happy Flower"},{"floor":41.0,"key":"Pocketwatch"},{"floor":42,"key":"Oddly Smooth Stone"},{"floor":43,"key":"Bag of Preparation"},{"floor":45,"key":"Sundial"},{"floor":54,"key":"War Paint"}],"event_choices":[{"damage_healed":0.0,"max_hp_gain":0.0,"max_hp_loss":0.0,"gold_gain":75.0,"event_name":"World of Goop","player_choice":"Gather Gold","floor":4.0,"gold_loss":0.0,"damage_taken":11.0},{"damage_healed":0.0,"max_hp_gain":0.0,"max_hp_loss":0.0,"gold_gain":0.0,"event_name":"Scrap Ooze","player_choice":"Success","floor":5.0,"gold_loss":0.0,"damage_taken":3.0,"relics_obtained":["Orichalcum"]},{"cards_removed":["Strike_R"],"damage_healed":0.0,"max_hp_gain":0.0,"max_hp_loss":0.0,"gold_gain":0.0,"event_name":"Golden Wing","player_choice":"Card Removal","floor":13.0,"gold_loss":0.0,"damage_taken":7.0},{"damage_healed":0.0,"max_hp_gain":0.0,"max_hp_loss":0.0,"gold_gain":0.0,"event_name":"The Mausoleum","player_choice":"Opened","floor":19.0,"gold_loss":0.0,"damage_taken":0.0,"relics_obtained":["Paper Frog"]},{"cards_removed":["Strike_R"],"damage_healed":0.0,"max_hp_gain":0.0,"max_hp_loss":0.0,"gold_gain":0.0,"event_name":"Beggar","player_choice":"Gave Gold","floor":21.0,"gold_loss":75.0,"damage_taken":0.0},{"damage_healed":0.0,"max_hp_gain":0.0,"max_hp_loss":0.0,"gold_gain":0.0,"event_name":"Masked Bandits","player_choice":"Fought Bandits","floor":24.0,"gold_loss":0.0,"damage_taken":0.0},{"cards_removed":["Strike_R"],"damage_healed":0.0,"max_hp_gain":0.0,"max_hp_loss":0.0,"gold_gain":0.0,"event_name":"Back to Basics","player_choice":"Elegance","floor":28.0,"gold_loss":0.0,"damage_taken":0.0},{"damage_healed":0.0,"max_hp_gain":0.0,"max_hp_loss":0.0,"gold_gain":0.0,"event_name":"Winding Halls","player_choice":"Embrace Madness","floor":38.0,"gold_loss":0.0,"damage_taken":10.0,"cards_obtained":["Madness","Madness"]},{"cards_removed":["Berserk"],"damage_healed":0.0,"max_hp_gain":0.0,"max_hp_loss":0.0,"gold_gain":0.0,"event_name":"Falling","player_choice":"Removed Power","floor":39.0,"gold_loss":0.0,"damage_taken":0.0},{"damage_healed":0.0,"max_hp_gain":0.0,"max_hp_loss":0.0,"gold_gain":0.0,"event_name":"MindBloom","player_choice":"Fight","floor":41.0,"gold_loss":0.0,"damage_taken":0.0}],"is_beta":false,"boss_relics":[{"not_picked":["Coffee Dripper","Fusion Hammer"],"picked":"Sozu"},{"not_picked":["Runic Pyramid","Mark of Pain"],"picked":"Black Blood"}],"items_purged_floors":[],"is_endless":false,"potions_floor_spawned":[2,3,11,20,24,33,35,36,47,54],"ascension_level":2}