{"gold_per_floor":[218,229,229,16,16,16,28,28,28,53,53,68,96,113,113,187,187,202,117,97,114,126,126,126],"floor_reached":24,"playtime":817,"items_purged":["Strike_B"],"score":412,"play_id":"ccb8050f-518a-4efc-aa9c-24fc3048c522","local_time":"20190608100931","is_ascension_mode":true,"campfire_choices":[{"data":"Defragment","floor":6,"key":"SMITH"},{"data":"Sweeping Beam","floor":8,"key":"SMITH"},{"floor":11,"key":"REST"},{"data":"Coolheaded","floor":15,"key":"SMITH"},{"data":"Hyperbeam","floor":23,"key":"SMITH"}],"neow_cost":"NONE","seed_source_timestamp":46614791911937,"circlet_count":0,"master_deck":["AscendersBane","Strike_B","Strike_B","Defend_B","Defend_B","Defend_B","Defend_B","Zap","Dualcast","Leap","Sweeping Beam+1","Defragment+1","Cold Snap","Ball Lightning","Coolheaded+1","FTL","Cold Snap","FTL","Cold Snap","Hyperbeam+1","Go for the Eyes","Hologram","Electrodynamics","Sweeping Beam","Undo"],"relics":["Cracked Core","Question Card","Prayer Wheel","Kunai","Inserter","Mango"],"potions_floor_usage":[24,24],"damage_taken":[{"damage":0,"enemies":"Cultist","floor":1,"turns":3},{"damage":7,"enemies":"Jaw Worm","floor":2,"turns":4},{"damage":10,"enemies":"Small Slimes","floor":7,"turns":3},{"damage":16,"enemies":"Lagavulin","floor":10,"turns":6},{"damage":3,"enemies":"Exordium Thugs","floor":12,"turns":4},{"damage":16,"enemies":"3 Sentries","floor":13,"turns":6},{"damage":0,"enemies":"Large Slime","floor":14,"turns":4},{"damage":3,"enemies":"The Guardian","floor":16,"turns":13},{"damage":11,"enemies":"Shell Parasite","floor":18,"turns":6},{"damage":0,"enemies":"Chosen","floor":21,"turns":5},{"damage":6,"enemies":"Snake Plant","floor":22,"turns":7},{"damage":62,"enemies":"Book of Stabbing","floor":24,"turns":6}],"seed_played":"-3801499744529353591","potions_obtained":[{"floor":13,"key":"SpeedPotion"},{"floor":14,"key":"SneckoOil"},{"floor":16,"key":"Block Potion"}],"is_trial":false,"path_per_floor":["M","M","?","$","?","R","M","R","T","E","R","M","E","M","R","B",null,"M","?","?","M","M","R","E"],"character_chosen":"DEFECT","items_purchased":["Defragment","Cold Snap"],"campfire_rested":1,"item_purchase_floors":[4,4],"current_hp_per_floor":[64,57,50,50,50,50,40,40,40,24,45,42,26,26,26,23,59,48,62,62,62,56,56,0],"gold":126,"neow_bonus":"HUNDRED_GOLD","is_prod":false,"is_daily":false,"chose_seed":false,"campfire_upgraded":4,"win_rate":0,"timestamp":1559981371,"path_taken":["M","M","?","$","?","R","M","R","T","E","R","?","E","M","R","BOSS","M","?","?","M","M","R","E"],"build_version":"2019-06-05","purchased_purges":1,"victory":false,"max_hp_per_floor":[71,71,71,71,71,71,71,71,71,71,71,71,71,71,71,71,71,71,85,85,85,85,85,85],"card_choices":[{"not_picked":["Redo","Scrape","Leap"],"picked":"SKIP","floor":1},{"not_picked":["Redo","Scrape"],"picked":"Leap","floor":1},{"not_picked":["Rebound","Leap"],"picked":"Sweeping Beam","floor":2},{"not_picked":["Gash","Force Field"],"picked":"Ball Lightning","floor":7},{"not_picked":["Turbo","Beam Cell","Rip and Tear","Lockon"],"picked":"SKIP","floor":10},{"not_picked":["Leap","Turbo","Redo"],"picked":"Coolheaded","floor":12},{"not_picked":["Hologram","Rebound","Reinforced Body"],"picked":"FTL","floor":12},{"not_picked":["Hyperbeam","Conserve Battery","Ball Lightning"],"picked":"Cold Snap","floor":13},{"not_picked":["Redo","Compile Driver","Machine Learning"],"picked":"FTL","floor":14},{"not_picked":["Lockon","Compile Driver","Steam"],"picked":"Cold Snap","floor":14},{"not_picked":["Buffer","Thunder Strike","Meteor Strike"],"picked":"Hyperbeam","floor":16},{"not_picked":["Leap+1","Stack","Steam"],"picked":"Go for the Eyes","floor":18},{"not_picked":["Streamline+1","Force Field+1","Turbo"],"picked":"Hologram","floor":18},{"not_picked":["Cold Snap","Lockon","Reprogram+1"],"picked":"Electrodynamics","floor":21},{"not_picked":["Streamline+1","Compile Driver","Lockon"],"picked":"Sweeping Beam","floor":21},{"not_picked":["Double Energy","Storm","Conserve Battery"],"picked":"Undo","floor":22},{"not_picked":["Ball Lightning","Streamline","Rebound","Reprogram"],"picked":"SKIP","floor":22}],"player_experience":1687587,"relics_obtained":[{"floor":9,"key":"Question Card"},{"floor":10,"key":"Prayer Wheel"},{"floor":13,"key":"Kunai"}],"event_choices":[{"cards_removed":["Strike_B"],"damage_healed":0,"gold_gain":0,"player_choice":"Card Removal","damage_taken":7,"max_hp_gain":0,"max_hp_loss":0,"event_name":"Golden Wing","floor":3,"gold_loss":0},{"damage_healed":0,"gold_gain":0,"player_choice":"Ignored","damage_taken":0,"max_hp_gain":0,"max_hp_loss":0,"event_name":"WeMeetAgain","floor":5,"gold_loss":0},{"damage_healed":0,"gold_gain":0,"player_choice":"Obtained Relic","damage_taken":0,"relics_obtained":["Mango"],"max_hp_gain":0,"max_hp_loss":0,"event_name":"Addict","floor":19,"gold_loss":85},{"damage_healed":0,"gold_gain":0,"player_choice":"Bought 1 Potion","damage_taken":0,"max_hp_gain":0,"max_hp_loss":0,"event_name":"The Woman in Blue","floor":20,"gold_loss":0}],"is_beta":true,"boss_relics":[{"not_picked":["Astrolabe","Coffee Dripper"],"picked":"Inserter"}],"items_purged_floors":[4],"is_endless":false,"potions_floor_spawned":[13,14,16,22],"killed_by":"Book of Stabbing","ascension_level":20}