{"gold_per_floor":[117,133,143,160,160,160,193,193,193,208,239,258,273,294,294,294],"floor_reached":16,"playtime":537,"items_purged":[],"score":271,"play_id":"f3503608-19fe-48c3-ac2d-665122a4da65","local_time":"20190617203245","is_ascension_mode":true,"campfire_choices":[{"data":"Sunder","floor":6.0,"key":"SMITH"},{"data":"Zap","floor":8.0,"key":"SMITH"},{"data":"Defragment","floor":15,"key":"SMITH"}],"neow_cost":"NONE","seed_source_timestamp":276304265194565,"circlet_count":0,"master_deck":["AscendersBane","Strike_B","Strike_B","Strike_B","Strike_B","Defend_B","Defend_B","Defend_B","Defend_B","Zap+1","Dualcast","Multi-Cast","Sunder+1","Sweeping Beam","Conserve Battery","Beam Cell","Leap","Darkness","Redo","Defragment+1"],"special_seed":0,"relics":["Cracked Core","Matryoshka","Smiling Mask","Sundial","Anchor","Odd Mushroom"],"potions_floor_usage":[12,14,14],"damage_taken":[{"damage":1.0,"enemies":"Cultist","floor":1.0,"turns":4.0},{"damage":0.0,"enemies":"2 Louse","floor":2.0,"turns":1.0},{"damage":7.0,"enemies":"Jaw Worm","floor":3.0,"turns":3.0},{"damage":0.0,"enemies":"3 Louse","floor":4.0,"turns":2.0},{"damage":0.0,"enemies":"3 Sentries","floor":7.0,"turns":3.0},{"damage":3.0,"enemies":"Large Slime","floor":10.0,"turns":4.0},{"damage":28,"enemies":"Lagavulin","floor":11,"turns":6},{"damage":0,"enemies":"Blue Slaver","floor":12,"turns":3},{"damage":0,"enemies":"2 Fungi Beasts","floor":13,"turns":3},{"damage":17,"enemies":"The Mushroom Lair","floor":14,"turns":4},{"damage":14,"enemies":"Hexaghost","floor":16,"turns":7}],"seed_played":"-6627995216290588703","potions_obtained":[{"floor":3.0,"key":"AttackPotion"},{"floor":5.0,"key":"Explosive Potion"},{"floor":5.0,"key":"SkillPotion"},{"floor":10.0,"key":"Explosive Potion"},{"floor":11,"key":"Energy Potion"},{"floor":12,"key":"SneckoOil"}],"is_trial":false,"path_per_floor":["M","M","M","M","?","R","E","R","T","M","E","M","M","?","R","B"],"character_chosen":"DEFECT","items_purchased":[],"campfire_rested":0,"item_purchase_floors":[],"current_hp_per_floor":[63,63,56,56,56,56,56,56,56,53,25,25,25,8,8,0],"gold":294,"neow_bonus":"ONE_RANDOM_RARE_CARD","is_prod":false,"is_daily":false,"chose_seed":false,"campfire_upgraded":3,"win_rate":0,"timestamp":1560796365,"path_taken":["M","M","M","M","?","R","E","R","T","M","E","?","M","?","R","BOSS"],"build_version":"2019-01-23","purchased_purges":0,"victory":false,"max_hp_per_floor":[71,71,71,71,71,71,71,71,71,71,71,71,71,71,71,71],"card_choices":[{"not_picked":["Sweeping Beam","Streamline"],"picked":"Sunder","floor":1.0},{"not_picked":["Leap","Stack"],"picked":"Sweeping Beam","floor":2.0},{"not_picked":["Sweeping Beam","Reinforced Body"],"picked":"Conserve Battery","floor":3.0},{"not_picked":["Steam","Storm"],"picked":"Beam Cell","floor":4.0},{"not_picked":["Stack","Ball Lightning"],"picked":"Leap","floor":7.0},{"not_picked":["Darkness","Streamline","Biased Cognition"],"picked":"SKIP","floor":10.0},{"not_picked":["Streamline","Biased Cognition"],"picked":"Darkness","floor":10.0},{"not_picked":["Force Field","Leap"],"picked":"Redo","floor":11},{"not_picked":["Tempest","Ball Lightning","Fusion"],"picked":"SKIP","floor":12},{"not_picked":["Sweeping Beam","Stack"],"picked":"Defragment","floor":13}],"player_experience":595041,"relics_obtained":[{"floor":7.0,"key":"Matryoshka"},{"floor":9.0,"key":"Smiling Mask"},{"floor":9.0,"key":"Sundial"},{"floor":11,"key":"Anchor"},{"floor":14,"key":"Odd Mushroom"}],"event_choices":[{"damage_healed":0.0,"max_hp_gain":0.0,"max_hp_loss":0.0,"gold_gain":0.0,"event_name":"Lab","player_choice":"Got Potions","floor":5.0,"gold_loss":0.0,"damage_taken":0.0},{"damage_healed":0,"gold_gain":0,"player_choice":"Fought Mushrooms","damage_taken":0,"max_hp_gain":0,"max_hp_loss":0,"event_name":"Mushrooms","floor":14,"gold_loss":0}],"is_beta":false,"boss_relics":[],"items_purged_floors":[],"is_endless":false,"potions_floor_spawned":[3,10,11,12],"killed_by":"Hexaghost","ascension_level":19}