{"gold_per_floor":[117,192,192,209,209,244,255,255,255,255,255,405,425,234,234,311,311,330,330,330,330],"floor_reached":21,"playtime":919,"items_purged":["Doubt"],"score":333,"play_id":"e5809b69-d4f0-49e3-bb60-0ddcba06aadc","local_time":"20190630072811","is_ascension_mode":true,"campfire_choices":[{"floor":8,"key":"REST"},{"data":"Deflect","floor":11,"key":"SMITH"},{"data":"Noxious Fumes","floor":15,"key":"SMITH"}],"neow_cost":"NONE","seed_source_timestamp":34685161866800,"circlet_count":0,"master_deck":["AscendersBane","Defend_G","Defend_G","Defend_G","Defend_G","Strike_G+1","Strike_G+1","Survivor","Neutralize+1","Poisoned Stab+1","Deflect+1","Endless Agony","PiercingWail","Noxious Fumes+1","Cloak And Dagger","A Thousand Cuts","Flying Knee","Tools of the Trade"],"relics":["Ring of the Snake","Calipers","Ice Cream","Empty Cage"],"potions_floor_usage":[6,21],"damage_taken":[{"damage":3,"enemies":"2 Louse","floor":1,"turns":5},{"damage":0,"enemies":"Small Slimes","floor":4,"turns":3},{"damage":19,"enemies":"Gremlin Nob","floor":6,"turns":4},{"damage":2,"enemies":"Jaw Worm","floor":7,"turns":4},{"damage":1,"enemies":"3 Louse","floor":13,"turns":3},{"damage":13,"enemies":"The Guardian","floor":16,"turns":10},{"damage":13,"enemies":"Shell Parasite","floor":18,"turns":7},{"damage":49,"enemies":"Masked Bandits","floor":21,"turns":4}],"seed_played":"-6294403404225557757","potions_obtained":[{"floor":4,"key":"PowerPotion"},{"floor":16,"key":"PowerPotion"},{"floor":18,"key":"Block Potion"}],"is_trial":false,"path_per_floor":["M","?","?","M","?","E","M","R","T","?","R","?","M","$","R","B",null,"M","?","?","?"],"character_chosen":"THE_SILENT","items_purchased":["Noxious Fumes","Cloak And Dagger"],"campfire_rested":1,"item_purchase_floors":[14,14],"current_hp_per_floor":[56,45,45,45,25,6,4,23,23,45,45,45,44,44,44,31,57,44,44,44,0],"gold":330,"neow_bonus":"UPGRADE_CARD","is_prod":false,"is_daily":false,"chose_seed":false,"campfire_upgraded":2,"win_rate":0,"timestamp":1561894091,"path_taken":["M","?","?","M","?","E","M","R","T","?","R","?","M","$","R","BOSS","M","?","?","?"],"build_version":"2019-01-23","purchased_purges":1,"victory":false,"max_hp_per_floor":[66,66,66,66,66,66,66,66,66,66,66,66,66,66,66,66,66,66,66,66,66],"card_choices":[{"not_picked":["Outmaneuver","Leg Sweep"],"picked":"Poisoned Stab","floor":1},{"not_picked":["Riddle With Holes","Storm of Steel"],"picked":"Deflect","floor":4},{"not_picked":["Dagger Throw","Bane"],"picked":"Endless Agony","floor":6},{"not_picked":["Deflect","Slice"],"picked":"PiercingWail","floor":7},{"not_picked":["Backstab","Tactician","Dagger Throw"],"picked":"SKIP","floor":13},{"not_picked":["Unload","Wraith Form v2"],"picked":"A Thousand Cuts","floor":16},{"not_picked":["Tactician","Underhanded Strike","Riddle With Holes"],"picked":"SKIP","floor":18}],"player_experience":965548,"relics_obtained":[{"floor":6,"key":"Calipers"},{"floor":9,"key":"Ice Cream"}],"event_choices":[{"damage_healed":0,"gold_gain":75,"player_choice":"Gather Gold","damage_taken":11,"max_hp_gain":0,"max_hp_loss":0,"event_name":"World of Goop","floor":2,"gold_loss":0},{"damage_healed":0,"gold_gain":0,"player_choice":"Grow","damage_taken":0,"max_hp_gain":0,"max_hp_loss":0,"event_name":"Living Wall","floor":3,"gold_loss":0,"cards_upgraded":["Poisoned Stab"]},{"damage_healed":0,"gold_gain":0,"player_choice":"Entered Light","damage_taken":20,"max_hp_gain":0,"max_hp_loss":0,"event_name":"Shining Light","floor":5,"gold_loss":0,"cards_upgraded":["Strike_G","Strike_G"]},{"damage_healed":22,"gold_gain":0,"player_choice":"Banana","damage_taken":0,"max_hp_gain":0,"max_hp_loss":0,"event_name":"Big Fish","floor":10,"gold_loss":0},{"damage_healed":0,"gold_gain":150,"player_choice":"AGREE","damage_taken":0,"max_hp_gain":0,"max_hp_loss":0,"event_name":"Liars Game","floor":12,"gold_loss":0,"cards_obtained":["Doubt"]},{"damage_healed":0,"gold_gain":0,"player_choice":"Ignored","damage_taken":0,"max_hp_gain":0,"max_hp_loss":0,"event_name":"Cursed Tome","floor":19,"gold_loss":0},{"damage_healed":0,"gold_gain":0,"cards_transformed":["Strike_G","Defend_G"],"player_choice":"Became Test Subject","damage_taken":0,"max_hp_gain":0,"max_hp_loss":0,"event_name":"Drug Dealer","floor":20,"gold_loss":0,"cards_obtained":["Flying Knee","Tools of the Trade"]},{"damage_healed":0,"gold_gain":0,"player_choice":"Fought Bandits","damage_taken":0,"max_hp_gain":0,"max_hp_loss":0,"event_name":"Masked Bandits","floor":21,"gold_loss":0}],"is_beta":false,"boss_relics":[{"not_picked":["Coffee Dripper","Eternal Feather"],"picked":"Empty Cage"}],"items_purged_floors":[14],"is_endless":false,"potions_floor_spawned":[4,16,18],"killed_by":"Masked Bandits","ascension_level":18}