{"gold_per_floor":[360,376,376,376,390,390,406,37,83,83,101,135,135,60,60,137,137,149,149,149,149,163,163,178,194,194,111,111,291,302,315,315,394,394,408,421,421,433,452,452],"floor_reached":40,"playtime":1662,"items_purged":[],"score":805,"play_id":"3c9d489a-dc89-4670-b1ef-d41c59c15447","local_time":"20190521174443","is_ascension_mode":true,"campfire_choices":[{"data":"Static Discharge","floor":6.0,"key":"SMITH"},{"data":"Apotheosis","floor":10.0,"key":"SMITH"},{"data":"Defragment","floor":13.0,"key":"SMITH"},{"data":"Rainbow","floor":15.0,"key":"SMITH"},{"floor":23.0,"key":"REST"},{"floor":28.0,"key":"REST"},{"data":"Hologram","floor":32.0,"key":"SMITH"}],"neow_cost":"PERCENT_DAMAGE","seed_source_timestamp":1026141987467,"circlet_count":0,"master_deck":["AscendersBane","Defend_B+1","Defend_B","Defend_B","Defend_B","Zap+1","Dualcast","Coolheaded","Genetic Algorithm","Static Discharge+1","Cold Snap","Defragment+1","Apotheosis+1","Consume","Sweeping Beam","Hologram+1","Rainbow+1","Echo Form","Creative AI+1","Sunder+1","Heatsinks+1","Sweeping Beam","White Noise+1","Compile Driver","Seek","Self Repair","Undo","Fission","Aggregate+1"],"special_seed":0,"relics":["War Paint","Anchor","Art of War","Astrolabe","Nloth\u0027s Gift","Matryoshka","Lizard Tail"],"potions_floor_usage":[39,39],"damage_taken":[{"damage":7.0,"enemies":"Jaw Worm","floor":1.0,"turns":4.0},{"damage":5.0,"enemies":"2 Louse","floor":2.0,"turns":4.0},{"damage":3.0,"enemies":"Cultist","floor":5.0,"turns":4.0},{"damage":12.0,"enemies":"2 Fungi Beasts","floor":7.0,"turns":3.0},{"damage":5.0,"enemies":"Lots of Slimes","floor":11.0,"turns":4.0},{"damage":5.0,"enemies":"Lagavulin","floor":12.0,"turns":9.0},{"damage":18.0,"enemies":"Slime Boss","floor":16.0,"turns":9.0},{"damage":17.0,"enemies":"2 Thieves","floor":18.0,"turns":5.0},{"damage":2.0,"enemies":"Shell Parasite","floor":22.0,"turns":6.0},{"damage":4.0,"enemies":"Centurion and Healer","floor":24.0,"turns":9.0},{"damage":6.0,"enemies":"Sentry and Sphere","floor":25.0,"turns":6.0},{"damage":21.0,"enemies":"3 Cultists","floor":30.0,"turns":5.0},{"damage":7.0,"enemies":"Snake Plant","floor":31.0,"turns":5.0},{"damage":28.0,"enemies":"Champ","floor":33.0,"turns":12.0},{"damage":0.0,"enemies":"3 Shapes","floor":35.0,"turns":6.0},{"damage":51.0,"enemies":"3 Darklings","floor":36.0,"turns":8.0},{"damage":32.0,"enemies":"Jaw Worm Horde","floor":38.0,"turns":6.0},{"damage":30,"enemies":"Writhing Mass","floor":39,"turns":5},{"damage":50,"enemies":"Reptomancer","floor":40,"turns":2}],"seed_played":"6077782158556669881","potions_obtained":[{"floor":1.0,"key":"Swift Potion"},{"floor":7.0,"key":"Weak Potion"},{"floor":16.0,"key":"SpeedPotion"},{"floor":30.0,"key":"FocusPotion"},{"floor":31.0,"key":"FocusPotion"}],"is_trial":false,"path_per_floor":["M","M","?","?","M","R","M","$","T","R","M","E","R","?","R","B",null,"M","?","?","?","M","R","M","M","T","$","R","?","M","M","R","B",null,"M","M","$","M","M","E"],"character_chosen":"DEFECT","items_purchased":["Defragment","Apotheosis","Consume","Sweeping Beam","Self Repair"],"campfire_rested":2,"item_purchase_floors":[8,8,8,8,27],"current_hp_per_floor":[39,34,57,52,49,49,37,37,37,37,32,27,27,27,27,9,56,39,39,39,39,37,58,54,48,48,48,69,48,37,50,50,32,61,71,40,40,18,35,0],"gold":452,"neow_bonus":"TWO_FIFTY_GOLD","is_prod":false,"is_daily":false,"chose_seed":false,"campfire_upgraded":5,"win_rate":0,"timestamp":1558453483,"path_taken":["M","M","?","?","M","R","M","$","T","R","M","E","R","?","R","BOSS","M","?","?","?","M","R","M","?","T","$","R","?","M","M","R","BOSS","M","M","$","M","M","E"],"build_version":"2019-05-07","purchased_purges":0,"victory":false,"max_hp_per_floor":[71,71,71,71,71,71,71,71,71,71,71,71,71,71,71,71,71,71,71,71,71,71,71,71,71,71,71,71,71,71,71,71,71,71,71,71,71,71,71,71],"card_choices":[{"not_picked":["Aggregate","Recycle"],"picked":"Coolheaded","floor":1.0},{"not_picked":["Compile Driver","Leap"],"picked":"Genetic Algorithm","floor":2.0},{"not_picked":["Sweeping Beam","Stack"],"picked":"Static Discharge","floor":5.0},{"not_picked":["Ball Lightning","Gash"],"picked":"Cold Snap","floor":7.0},{"not_picked":["Barrage","Steam"],"picked":"Hologram","floor":11.0},{"not_picked":["White Noise","Ball Lightning"],"picked":"Rainbow","floor":12.0},{"not_picked":["Meteor Strike","Multi-Cast"],"picked":"Echo Form","floor":16.0},{"not_picked":["Blizzard","Rebound+1"],"picked":"Sweeping Beam","floor":18.0},{"not_picked":["Barrage","Loop"],"picked":"White Noise+1","floor":22.0},{"not_picked":["Steam","Barrage+1"],"picked":"Compile Driver","floor":24.0},{"not_picked":["Stack","Coolheaded"],"picked":"Seek","floor":25.0},{"not_picked":["Ball Lightning","Beam Cell","Compile Driver"],"picked":"SKIP","floor":30.0},{"not_picked":["Conserve Battery","Rebound"],"picked":"Undo","floor":31.0},{"not_picked":["Buffer","Biased Cognition"],"picked":"Fission","floor":33.0},{"not_picked":["Go for the Eyes","Beam Cell","Sunder"],"picked":"SKIP","floor":35.0},{"not_picked":["Skim","Hello World"],"picked":"Aggregate+1","floor":36.0},{"not_picked":["Consume","Conserve Battery","Hyperbeam"],"picked":"SKIP","floor":38.0},{"not_picked":["Loop","Doom and Gloom","Coolheaded"],"picked":"SKIP","floor":39}],"player_experience":1576187,"relics_obtained":[{"floor":9.0,"key":"Anchor"},{"floor":12.0,"key":"Art of War"},{"floor":26.0,"key":"Matryoshka"}],"event_choices":[{"damage_healed":23.0,"max_hp_gain":0.0,"max_hp_loss":0.0,"gold_gain":0.0,"event_name":"Big Fish","player_choice":"Banana","floor":3.0,"gold_loss":0.0,"damage_taken":0.0},{"damage_healed":0.0,"max_hp_gain":0.0,"max_hp_loss":0.0,"gold_gain":0.0,"event_name":"Scrap Ooze","player_choice":"Success","floor":4.0,"gold_loss":0.0,"damage_taken":5.0,"relics_obtained":["War Paint"]},{"cards_removed":["Strike_B"],"damage_healed":0.0,"max_hp_gain":0.0,"max_hp_loss":0.0,"gold_gain":0.0,"event_name":"The Cleric","player_choice":"Card Removal","floor":14.0,"gold_loss":75.0,"damage_taken":0.0},{"damage_healed":0.0,"max_hp_gain":0.0,"max_hp_loss":0.0,"gold_gain":0.0,"event_name":"Vampires","player_choice":"Ignored","floor":19.0,"gold_loss":0.0,"damage_taken":0.0},{"damage_healed":0.0,"max_hp_gain":0.0,"max_hp_loss":0.0,"gold_gain":0.0,"event_name":"The Mausoleum","player_choice":"Ignored","floor":20.0,"gold_loss":0.0,"damage_taken":0.0},{"damage_healed":0.0,"max_hp_gain":0.0,"max_hp_loss":0.0,"gold_gain":0.0,"event_name":"N\u0027loth","player_choice":"Traded Relic","floor":21.0,"relics_lost":["Cracked Core"],"gold_loss":0.0,"damage_taken":0.0,"relics_obtained":["Nloth\u0027s Gift"]},{"damage_healed":0.0,"max_hp_gain":0.0,"max_hp_loss":0.0,"gold_gain":180.0,"event_name":"Knowing Skull","player_choice":"GOLD GOLD ","floor":29.0,"potions_obtained":[],"gold_loss":0.0,"damage_taken":21.0,"cards_obtained":[]}],"is_beta":true,"boss_relics":[{"not_picked":["Velvet Choker","Philosopher\u0027s Stone"],"picked":"Astrolabe"},{"not_picked":["Tiny House","Runic Dome"],"picked":"Lizard Tail"}],"items_purged_floors":[],"is_endless":false,"potions_floor_spawned":[1,7,16,30,31,33,38],"killed_by":"Reptomancer","ascension_level":20}