{"gold_per_floor":[118,136,156,171,185,185,212,212,212,239,251,251,266,276,276,373,373,389,407,190,205,218,250,250,264,264,299,321,333,355,387,399,516,528,557,584,610,642,51,51,86,106,106,139,139,39,52,72,72,72],"floor_reached":51,"playtime":2337,"items_purged":["Strike_B","Strike_B","Strike_B"],"score":860,"play_id":"b29cf339-6110-4483-ba44-7c5a9847e8d3","local_time":"20190518192932","is_ascension_mode":true,"campfire_choices":[{"data":"Beam Cell","floor":6,"key":"SMITH"},{"data":"Sunder","floor":8,"key":"SMITH"},{"data":"Coolheaded","floor":12,"key":"SMITH"},{"floor":15,"key":"REST"},{"floor":24,"key":"REST"},{"data":"Apotheosis","floor":29,"key":"SMITH"},{"data":"Creative AI","floor":32,"key":"SMITH"},{"data":"Echo Form","floor":40,"key":"SMITH"},{"floor":49,"key":"REST"}],"neow_cost":"TEN_PERCENT_HP_LOSS","seed_source_timestamp":12458742281724,"circlet_count":0,"master_deck":["Strike_B","Defend_B","Defend_B","Defend_B","Defend_B","Zap","Dualcast","Sweeping Beam","Sunder+1","Conserve Battery","Beam Cell+1","Meteor Strike","Conserve Battery","Compile Driver","Coolheaded+1","Go for the Eyes","Creative AI+1","Electrodynamics","Turbo","Conserve Battery","Apotheosis+1","Compile Driver","Force Field","Echo Form+1","Glacier","Recycle+1","Capacitor+1","Go for the Eyes","Compile Driver+1"],"relics":["Cracked Core","Bird Faced Urn","Ancient Tea Set","The Courier","DataDisk","Runic Pyramid","Nunchaku","Turnip","MawBank","Inserter","TheAbacus","Calipers","Centennial Puzzle","Pocketwatch","Anchor","Dodecahedron"],"potions_floor_usage":[27,50,50],"damage_taken":[{"damage":0,"enemies":"Cultist","floor":1,"turns":3},{"damage":3,"enemies":"Jaw Worm","floor":2,"turns":4},{"damage":0,"enemies":"2 Louse","floor":3,"turns":2},{"damage":2,"enemies":"Large Slime","floor":4,"turns":6},{"damage":9,"enemies":"3 Louse","floor":5,"turns":3},{"damage":31,"enemies":"Lagavulin","floor":7,"turns":6},{"damage":6,"enemies":"3 Sentries","floor":10,"turns":5},{"damage":0,"enemies":"Exordium Wildlife","floor":11,"turns":2},{"damage":0,"enemies":"Looter","floor":13,"turns":3},{"damage":7,"enemies":"Exordium Thugs","floor":14,"turns":4},{"damage":0,"enemies":"Slime Boss","floor":16,"turns":8},{"damage":16,"enemies":"3 Byrds","floor":18,"turns":4},{"damage":6,"enemies":"Spheric Guardian","floor":19,"turns":4},{"damage":21,"enemies":"Shelled Parasite and Fungi","floor":21,"turns":6},{"damage":3,"enemies":"Cultist and Chosen","floor":22,"turns":4},{"damage":31,"enemies":"Slavers","floor":23,"turns":3},{"damage":11,"enemies":"Snake Plant","floor":25,"turns":7},{"damage":8,"enemies":"Gremlin Leader","floor":27,"turns":8},{"damage":5,"enemies":"3 Cultists","floor":28,"turns":3},{"damage":8,"enemies":"Centurion and Healer","floor":30,"turns":9},{"damage":0,"enemies":"Snecko","floor":31,"turns":5},{"damage":22,"enemies":"Automaton","floor":33,"turns":9},{"damage":8,"enemies":"Orb Walker","floor":35,"turns":4},{"damage":19,"enemies":"3 Darklings","floor":36,"turns":6},{"damage":1,"enemies":"Jaw Worm Horde","floor":37,"turns":5},{"damage":8,"enemies":"Sphere and 2 Shapes","floor":38,"turns":7},{"damage":25,"enemies":"Giant Head","floor":41,"turns":8},{"damage":5,"enemies":"Transient","floor":42,"turns":5},{"damage":31,"enemies":"Nemesis","floor":44,"turns":9},{"damage":0,"enemies":"Maw","floor":47,"turns":8},{"damage":17,"enemies":"3 Darklings","floor":48,"turns":6},{"damage":13,"enemies":"Time Eater","floor":50,"turns":14}],"seed_played":"5520073876084900134","potions_obtained":[{"floor":3,"key":"PowerPotion"},{"floor":4,"key":"Swift Potion"},{"floor":5,"key":"Ancient Potion"},{"floor":27,"key":"Ancient Potion"},{"floor":38,"key":"SpeedPotion"}],"is_trial":false,"path_per_floor":["M","M","M","M","M","R","E","R","T","E","M","R","M","M","R","B",null,"M","M","$","M","M","E","R","M","T","E","M","R","M","M","R","B",null,"M","M","M","M","$","R","E","M","T","E","?","$","M","M","R","B",null],"character_chosen":"DEFECT","items_purchased":["Apotheosis","Compile Driver","TheAbacus","Calipers","Centennial Puzzle"],"campfire_rested":3,"item_purchase_floors":[20,20,39,39,39],"current_hp_per_floor":[68,65,65,63,54,54,23,23,23,17,17,17,17,10,30,30,68,54,48,48,35,34,5,25,32,32,44,41,41,47,51,51,57,68,62,55,64,64,64,64,60,63,63,59,59,59,68,61,68,68],"gold":72,"neow_bonus":"ONE_RARE_RELIC","is_prod":false,"is_daily":false,"chose_seed":false,"campfire_upgraded":6,"win_rate":0,"timestamp":1558200572,"path_taken":["M","M","M","M","M","R","E","R","T","E","?","R","M","?","R","BOSS","M","M","$","M","?","E","R","M","T","E","M","R","M","?","R","BOSS","M","M","M","M","$","R","E","M","T","E","?","$","?","M","R","BOSS"],"build_version":"2019-05-07","purchased_purges":3,"victory":true,"max_hp_per_floor":[68,68,68,68,68,68,68,68,68,68,68,68,68,68,68,68,68,68,68,68,68,68,68,68,68,68,68,68,68,68,68,68,68,68,68,68,68,68,68,68,68,68,68,68,68,68,68,68,68,68],"card_choices":[{"not_picked":["Redo","Hologram"],"picked":"Sweeping Beam","floor":1},{"not_picked":["Leap","Blizzard"],"picked":"Sunder","floor":2},{"not_picked":["Turbo","Steam Power"],"picked":"Conserve Battery","floor":3},{"not_picked":["Streamline","Conserve Battery"],"picked":"Beam Cell","floor":4},{"not_picked":["Beam Cell","Compile Driver"],"picked":"Meteor Strike","floor":5},{"not_picked":["Sweeping Beam","Force Field"],"picked":"Conserve Battery","floor":7},{"not_picked":["Conserve Battery","Redo"],"picked":"Compile Driver","floor":10},{"not_picked":["Cold Snap","Skim"],"picked":"Coolheaded","floor":11},{"not_picked":["Steam","Rip and Tear"],"picked":"Go for the Eyes","floor":13},{"not_picked":["Tempest","Go for the Eyes"],"picked":"Creative AI","floor":14},{"not_picked":["Fission","Amplify"],"picked":"Electrodynamics","floor":16},{"not_picked":["Leap","Redo"],"picked":"Turbo","floor":18},{"not_picked":["Genetic Algorithm","Creative AI"],"picked":"Conserve Battery","floor":19},{"not_picked":["Barrage","Leap"],"picked":"Force Field","floor":21},{"not_picked":["Cold Snap","Self Repair"],"picked":"Echo Form","floor":22},{"not_picked":["Gash","Storm"],"picked":"Glacier","floor":23},{"not_picked":["Chaos","Beam Cell"],"picked":"Recycle+1","floor":25},{"not_picked":["Steam","FTL"],"picked":"Capacitor+1","floor":27},{"not_picked":["All For One","Auto Shields"],"picked":"Go for the Eyes","floor":28},{"not_picked":["Redo","Auto Shields","Turbo"],"picked":"SKIP","floor":30},{"not_picked":["Scrape","Static Discharge"],"picked":"Compile Driver+1","floor":31},{"not_picked":["FTL","Turbo","Conserve Battery+1"],"picked":"SKIP","floor":35},{"not_picked":["Leap","Compile Driver+1","Ball Lightning+1"],"picked":"SKIP","floor":36},{"not_picked":["Conserve Battery","Leap","Streamline+1"],"picked":"SKIP","floor":37},{"not_picked":["Compile Driver","Redo+1","Cold Snap"],"picked":"SKIP","floor":38},{"not_picked":["Auto Shields+1","Sweeping Beam","Ball Lightning+1"],"picked":"SKIP","floor":41},{"not_picked":["Gash+1","Go for the Eyes","Fusion"],"picked":"SKIP","floor":42},{"not_picked":["Static Discharge","Buffer","Ball Lightning"],"picked":"SKIP","floor":44},{"not_picked":["Go for the Eyes+1","Leap+1","Conserve Battery"],"picked":"SKIP","floor":47},{"not_picked":["Stack","Genetic Algorithm+1","Conserve Battery+1"],"picked":"SKIP","floor":48}],"player_experience":1559519,"relics_obtained":[{"floor":7,"key":"Ancient Tea Set"},{"floor":9,"key":"The Courier"},{"floor":10,"key":"DataDisk"},{"floor":23,"key":"Nunchaku"},{"floor":26,"key":"Turnip"},{"floor":27,"key":"MawBank"},{"floor":41,"key":"Pocketwatch"},{"floor":43,"key":"Anchor"},{"floor":44,"key":"Dodecahedron"}],"event_choices":[{"damage_healed":0,"gold_gain":0,"player_choice":"Got Potions","damage_taken":0,"max_hp_gain":0,"max_hp_loss":0,"event_name":"Lab","floor":45,"gold_loss":0}],"is_beta":true,"boss_relics":[{"not_picked":["Sozu","Pandora\u0027s Box"],"picked":"Runic Pyramid"},{"not_picked":["Cursed Key","Black Star"],"picked":"Inserter"}],"items_purged_floors":[20,39,46],"is_endless":false,"potions_floor_spawned":[3,4,5,11,16,19,25,27,31,33,37,38,41],"ascension_level":1}