{"gold_per_floor":[116,116,64,79,79,79,112,131,211,211],"floor_reached":10,"playtime":389,"items_purged":[],"score":96,"play_id":"5c4ed06e-a654-49fe-8fbe-6f38573aca41","local_time":"20190328171724","is_ascension_mode":true,"campfire_choices":[{"data":"Limit Break","floor":6,"key":"SMITH"}],"neow_cost":"NONE","seed_source_timestamp":182132289498780,"circlet_count":0,"master_deck":["Strike_R","Strike_R","Strike_R","Strike_R","Strike_R","Defend_R","Defend_R","Defend_R","Defend_R","Bash","Limit Break+1","Headbutt","Flex","Clash","Inflame"],"relics":["Burning Blood","Golden Idol","Art of War","Bottled Flame","Kunai"],"potions_floor_usage":[7],"damage_taken":[{"damage":17,"enemies":"Small Slimes","floor":1,"turns":5},{"damage":8,"enemies":"2 Louse","floor":4,"turns":3},{"damage":40,"enemies":"3 Sentries","floor":7,"turns":9},{"damage":0,"enemies":"Cultist","floor":8,"turns":3},{"damage":36,"enemies":"Gremlin Nob","floor":10,"turns":3}],"seed_played":"5399054383419580721","potions_obtained":[{"floor":1,"key":"Poison Potion"}],"is_trial":false,"path_per_floor":["M","?","$","M","?","R","E","M","T","E"],"character_chosen":"IRONCLAD","items_purchased":["Flex"],"campfire_rested":0,"item_purchase_floors":[3],"current_hp_per_floor":[61,61,61,59,59,59,25,31,31,0],"gold":211,"neow_bonus":"ONE_RANDOM_RARE_CARD","is_prod":false,"is_daily":false,"chose_seed":false,"campfire_upgraded":1,"win_rate":0,"timestamp":1553789844,"path_taken":["M","?","$","M","?","R","E","M","T","E"],"build_version":"2019-01-23","purchased_purges":0,"victory":false,"max_hp_per_floor":[80,74,74,74,74,74,74,74,74,74],"card_choices":[{"not_picked":["Bloodletting","Combust"],"picked":"Headbutt","floor":1},{"not_picked":["Rupture","Havoc"],"picked":"Clash","floor":4},{"not_picked":["Battle Trance","Reckless Charge"],"picked":"Inflame","floor":7},{"not_picked":["Entrench","Armaments","Havoc"],"picked":"SKIP","floor":8}],"player_experience":166546,"relics_obtained":[{"floor":5,"key":"Art of War"},{"floor":7,"key":"Bottled Flame"},{"floor":9,"key":"Kunai"}],"event_choices":[{"damage_healed":0,"gold_gain":0,"player_choice":"Lose Max HP","damage_taken":0,"relics_obtained":["Golden Idol"],"max_hp_gain":0,"max_hp_loss":6,"event_name":"Golden Idol","floor":2,"gold_loss":0},{"damage_healed":0,"gold_gain":0,"player_choice":"Relic","damage_taken":0,"max_hp_gain":0,"max_hp_loss":0,"event_name":"Wheel of Change","floor":5,"gold_loss":0}],"is_beta":false,"boss_relics":[],"items_purged_floors":[],"is_endless":false,"potions_floor_spawned":[1],"killed_by":"Gremlin Nob","ascension_level":9}