{"gold_per_floor":[119,119,119,132,6,42,217,217,217,256,277,354,354,368,368,498,498,522,543,563,11,38,78,78,102,127,127,52,52,52,72,72,193,193,209,3,21,21,37,37,50,64,64,64,78,78,92,113,113,113],"floor_reached":51,"playtime":9819,"items_purged":["Strike_B","Strike_B"],"score":660,"play_id":"ab795cea-2c46-426e-b7e0-715aeb17b2ad","local_time":"20190627235000","is_ascension_mode":true,"campfire_choices":[{"data":"Sunder","floor":8,"key":"SMITH"},{"floor":15,"key":"REST"},{"data":"Self Repair","floor":24,"key":"SMITH"},{"floor":30,"key":"REST"},{"data":"RitualDagger","floor":32,"key":"SMITH"},{"data":"Aggregate","floor":40,"key":"SMITH"},{"floor":44,"key":"REST"},{"data":"Meteor Strike","floor":46,"key":"SMITH"},{"floor":49,"key":"REST"}],"neow_cost":"NONE","seed_source_timestamp":1652010907497275,"circlet_count":0,"master_deck":["Defend_B","Defend_B","Zap","Dualcast","Leap+1","Echo Form","Streamline","Sunder+1","Fusion","Cold Snap","Sweeping Beam","Redo","Rainbow+1","Hologram+1","Genetic Algorithm+1","Sunder+1","Undo+1","Self Repair+1","Cold Snap","Conserve Battery","Darkness+1","RitualDagger+1","Sunder+1","Rainbow","Creative AI","Storm","Aggregate+1","White Noise+1","Meteor Strike+1"],"relics":["Snecko Eye","Golden Idol","Strawberry","Dream Catcher","PreservedInsect","Question Card","Astrolabe","Bag of Preparation","TheAbacus","Omamori","Unceasing Top","Lantern","Empty Cage","Ancient Tea Set"],"potions_floor_usage":[16,18,19,20,33,33,39,41,50],"damage_taken":[{"damage":8,"enemies":"Small Slimes","floor":1,"turns":4},{"damage":1,"enemies":"Jaw Worm","floor":4,"turns":2},{"damage":17,"enemies":"3 Sentries","floor":6,"turns":6},{"damage":36,"enemies":"Lagavulin","floor":10,"turns":4},{"damage":0,"enemies":"Cultist","floor":11,"turns":3},{"damage":0,"enemies":"3 Louse","floor":14,"turns":3},{"damage":38,"enemies":"The Guardian","floor":16,"turns":6},{"damage":0,"enemies":"Spheric Guardian","floor":18,"turns":3},{"damage":23,"enemies":"Shell Parasite","floor":19,"turns":4},{"damage":1,"enemies":"Centurion and Healer","floor":20,"turns":6},{"damage":8,"enemies":"Book of Stabbing","floor":23,"turns":3},{"damage":7,"enemies":"Cultist and Chosen","floor":25,"turns":6},{"damage":3,"enemies":"Snecko","floor":31,"turns":5},{"damage":31,"enemies":"Automaton","floor":33,"turns":9},{"damage":0,"enemies":"Orb Walker","floor":35,"turns":2},{"damage":5,"enemies":"3 Shapes","floor":37,"turns":3},{"damage":12,"enemies":"Writhing Mass","floor":39,"turns":5},{"damage":5,"enemies":"Spire Growth","floor":41,"turns":4},{"damage":9,"enemies":"Jaw Worm Horde","floor":42,"turns":4},{"damage":11,"enemies":"Sphere and 2 Shapes","floor":45,"turns":4},{"damage":6,"enemies":"4 Shapes","floor":47,"turns":4},{"damage":6,"enemies":"Maw","floor":48,"turns":4},{"damage":37,"enemies":"Donu and Deca","floor":50,"turns":9}],"seed_played":"-9059723246040396338","potions_obtained":[{"floor":1,"key":"LiquidBronze"},{"floor":4,"key":"Fire Potion"},{"floor":18,"key":"Weak Potion"},{"floor":20,"key":"SpeedPotion"},{"floor":25,"key":"EssenceOfSteel"},{"floor":33,"key":"SneckoOil"},{"floor":39,"key":"EssenceOfSteel"},{"floor":41,"key":"Ancient Potion"},{"floor":47,"key":"Strength Potion"}],"is_trial":false,"path_per_floor":["M","?","?","M","$","E","?","R","T","E","M","T","?","M","R","B",null,"M","M","M","$","T","E","R","M","T","?","?","?","R","M","R","B",null,"M","$","M","?","M","R","M","M","T","R","M","R","M","M","R","B",null],"character_chosen":"DEFECT","items_purchased":["Sunder","Block Potion","Bag of Preparation","Self Repair","TheAbacus","Cold Snap","Storm","Aggregate"],"campfire_rested":4,"item_purchase_floors":[5,5,21,21,21,21,36,36],"current_hp_per_floor":[67,67,67,66,66,56,56,56,56,20,20,20,20,20,44,6,82,82,59,58,58,58,50,50,53,53,53,53,47,71,78,78,57,82,82,82,82,82,70,70,65,66,66,82,71,71,75,69,82,45],"gold":113,"neow_bonus":"BOSS_RELIC","is_prod":false,"is_daily":false,"chose_seed":false,"campfire_upgraded":5,"win_rate":0,"timestamp":1561693800,"path_taken":["M","?","?","?","$","E","?","R","T","E","M","?","?","M","R","BOSS","M","?","M","$","?","E","R","M","T","?","?","?","R","M","R","BOSS","M","$","M","?","M","R","M","M","T","R","M","R","M","M","R","BOSS"],"build_version":"2019-01-23","purchased_purges":2,"victory":true,"max_hp_per_floor":[75,75,75,75,75,82,82,82,82,82,82,82,82,82,82,82,82,82,82,82,82,82,82,82,82,82,82,82,82,82,82,82,82,82,82,82,82,82,82,82,82,82,82,82,82,82,82,82,82,82],"card_choices":[{"not_picked":["Skim","Hologram"],"picked":"Leap","floor":1},{"not_picked":["Gash","Leap","FTL"],"picked":"SKIP","floor":4},{"not_picked":["BootSequence","Turbo"],"picked":"Fusion","floor":6},{"not_picked":["Fission","Beam Cell","Turbo"],"picked":"SKIP","floor":10},{"not_picked":["Turbo","Rebound"],"picked":"Cold Snap","floor":11},{"not_picked":["Double Energy","BootSequence","Streamline"],"picked":"Sweeping Beam","floor":14},{"not_picked":["Stack","Leap","Steam"],"picked":"Redo","floor":15},{"not_picked":["Biased Cognition","Hyperbeam","Reboot"],"picked":"Rainbow","floor":16},{"not_picked":["Coolheaded+1","Steam","Compile Driver","Turbo"],"picked":"SKIP","floor":18},{"not_picked":["Barrage","Scrape+1","Gash","Cold Snap"],"picked":"SKIP","floor":19},{"not_picked":["Turbo","Stack","Auto Shields"],"picked":"Undo+1","floor":20},{"not_picked":["Heatsinks","Skim","FTL"],"picked":"Conserve Battery","floor":23},{"not_picked":["Steam","Rebound","Coolheaded"],"picked":"Darkness+1","floor":25},{"not_picked":["Static Discharge","Turbo","Compile Driver"],"picked":"Sunder+1","floor":30},{"not_picked":["Redo","Aggregate","Coolheaded+1"],"picked":"Rainbow","floor":31},{"not_picked":["Electrodynamics","Echo Form","Seek"],"picked":"Creative AI","floor":33},{"not_picked":["Double Energy","Turbo+1","Steam","Consume"],"picked":"SKIP","floor":35},{"not_picked":["Stack","Coolheaded+1","Beam Cell","Go for the Eyes"],"picked":"SKIP","floor":37},{"not_picked":["Redo","Go for the Eyes+1","Cold Snap","Steam"],"picked":"SKIP","floor":39},{"not_picked":["Go for the Eyes+1","Skim","Compile Driver+1"],"picked":"White Noise+1","floor":41},{"not_picked":["Storm+1","Leap","Recycle+1","Compile Driver"],"picked":"SKIP","floor":42},{"not_picked":["Rebound","Stack","Recycle"],"picked":"Meteor Strike","floor":44},{"not_picked":["Coolheaded+1","Recycle","Leap+1","Auto Shields"],"picked":"SKIP","floor":45},{"not_picked":["Tempest+1","Loop","Hello World","Turbo"],"picked":"SKIP","floor":47},{"not_picked":["Scrape","Undo+1","Auto Shields+1","Loop+1"],"picked":"SKIP","floor":48}],"player_experience":1234343,"relics_obtained":[{"floor":6,"key":"Strawberry"},{"floor":9,"key":"Dream Catcher"},{"floor":10,"key":"PreservedInsect"},{"floor":12,"key":"Question Card"},{"floor":22,"key":"Omamori"},{"floor":23,"key":"Unceasing Top"},{"floor":26,"key":"Lantern"},{"floor":43,"key":"Ancient Tea Set"}],"event_choices":[{"damage_healed":0,"gold_gain":0,"player_choice":"Take Wound","damage_taken":0,"relics_obtained":["Golden Idol"],"max_hp_gain":0,"max_hp_loss":0,"event_name":"Golden Idol","floor":2,"gold_loss":0,"cards_obtained":["Injury"]},{"damage_healed":0,"gold_gain":0,"player_choice":"2 cards matched","damage_taken":0,"max_hp_gain":0,"max_hp_loss":0,"event_name":"Match and Keep!","floor":3,"gold_loss":0,"cards_obtained":["Echo Form","Streamline"]},{"damage_healed":0,"gold_gain":0,"player_choice":"2 cards matched","damage_taken":0,"max_hp_gain":0,"max_hp_loss":0,"event_name":"Match and Keep!","floor":3,"gold_loss":0,"cards_obtained":["Echo Form","Streamline"]},{"damage_healed":0,"gold_gain":175,"player_choice":"AGREE","damage_taken":0,"max_hp_gain":0,"max_hp_loss":0,"event_name":"Liars Game","floor":7,"gold_loss":0,"cards_obtained":["Doubt"]},{"damage_healed":0,"gold_gain":0,"player_choice":"Upgraded","damage_taken":0,"max_hp_gain":0,"max_hp_loss":0,"event_name":"Upgrade Shrine","floor":13,"gold_loss":0,"cards_upgraded":["Leap"]},{"damage_healed":0,"gold_gain":0,"player_choice":"Ignored","damage_taken":0,"max_hp_gain":0,"max_hp_loss":0,"event_name":"Ghosts","floor":27,"gold_loss":0},{"cards_removed":["Defend_B"],"damage_healed":0,"gold_gain":0,"player_choice":"Gave Gold","damage_taken":0,"max_hp_gain":0,"max_hp_loss":0,"event_name":"Beggar","floor":28,"gold_loss":75},{"damage_healed":0,"gold_gain":0,"player_choice":"Joined the Cult","damage_taken":6,"max_hp_gain":0,"max_hp_loss":0,"event_name":"Nest","floor":29,"gold_loss":0,"cards_obtained":["RitualDagger"]},{"damage_healed":0,"gold_gain":0,"player_choice":"Forge","damage_taken":0,"max_hp_gain":0,"max_hp_loss":0,"event_name":"Accursed Blacksmith","floor":38,"gold_loss":0,"cards_upgraded":["Rainbow"]}],"is_beta":false,"boss_relics":[{"not_picked":["Fusion Hammer","Black Star"],"picked":"Astrolabe"},{"not_picked":["Runic Pyramid","Coffee Dripper"],"picked":"Empty Cage"}],"items_purged_floors":[21,36],"is_endless":false,"potions_floor_spawned":[1,4,11,18,20,25,33,39,41,47],"ascension_level":1}