{"gold_per_floor":[359,137,156,169,189,189,189,189,189,189,207,207,225,190,190,190],"floor_reached":16,"playtime":568,"items_purged":["Strike_G"],"score":184,"play_id":"ef02c2ae-28ed-4fb5-a779-f9a79d692c5a","local_time":"20190627183354","is_ascension_mode":true,"campfire_choices":[{"data":"Burst","floor":6.0,"key":"SMITH"},{"floor":8.0,"key":"REST"},{"data":"Cloak And Dagger","floor":10.0,"key":"SMITH"},{"data":"Terror","floor":12.0,"key":"SMITH"},{"data":"Infinite Blades","floor":15,"key":"SMITH"}],"neow_cost":"PERCENT_DAMAGE","seed_source_timestamp":183180038395614,"circlet_count":0,"master_deck":["AscendersBane","Defend_G+1","Defend_G","Defend_G","Defend_G","Defend_G","Strike_G","Strike_G","Strike_G","Strike_G","Survivor","Neutralize+1","Blade Dance","Cloak And Dagger+1","Infinite Blades+1","Blade Dance","Burst+1","PiercingWail","Terror+1"],"special_seed":0,"relics":["Ring of the Snake","Ninja Scroll"],"potions_floor_usage":[16],"damage_taken":[{"damage":7.0,"enemies":"Cultist","floor":1.0,"turns":6.0},{"damage":0.0,"enemies":"Small Slimes","floor":3.0,"turns":4.0},{"damage":3.0,"enemies":"2 Louse","floor":4.0,"turns":3.0},{"damage":4.0,"enemies":"Lots of Slimes","floor":5.0,"turns":7.0},{"damage":5.0,"enemies":"Large Slime","floor":11.0,"turns":6.0},{"damage":0,"enemies":"2 Fungi Beasts","floor":13,"turns":2},{"damage":25,"enemies":"Hexaghost","floor":16,"turns":11}],"seed_played":"271709742067568372","potions_obtained":[{"floor":3.0,"key":"Block Potion"},{"floor":4.0,"key":"Weak Potion"}],"is_trial":false,"path_per_floor":["M","$","M","M","M","R","?","R","T","R","M","R","M","?","R","B"],"character_chosen":"THE_SILENT","items_purchased":["Cloak And Dagger","Infinite Blades"],"campfire_rested":1,"item_purchase_floors":[2,2],"current_hp_per_floor":[37,37,37,34,30,30,10,29,29,29,24,24,24,24,24,0],"gold":190,"neow_bonus":"TWO_FIFTY_GOLD","is_prod":false,"is_daily":false,"chose_seed":false,"campfire_upgraded":4,"win_rate":0,"timestamp":1561653234,"path_taken":["M","$","?","M","M","R","?","R","T","R","M","R","M","?","R","BOSS"],"build_version":"2019-01-23","purchased_purges":1,"victory":false,"max_hp_per_floor":[66,66,66,66,66,66,66,66,66,66,66,66,66,66,66,66],"card_choices":[{"not_picked":["Dagger Spray","Blur"],"picked":"Blade Dance","floor":1.0},{"not_picked":["Outmaneuver","Tactician"],"picked":"Blade Dance","floor":3.0},{"not_picked":["Quick Slash","PiercingWail"],"picked":"Burst","floor":4.0},{"not_picked":["Bane","Dagger Throw"],"picked":"PiercingWail","floor":5.0},{"not_picked":["Outmaneuver","Poisoned Stab"],"picked":"Terror","floor":11.0},{"not_picked":["Dodge and Roll","Slice","Outmaneuver"],"picked":"SKIP","floor":13}],"player_experience":672338,"relics_obtained":[{"floor":9.0,"key":"Ninja Scroll"}],"event_choices":[{"damage_healed":0.0,"max_hp_gain":0.0,"max_hp_loss":0.0,"gold_gain":0.0,"event_name":"Shining Light","player_choice":"Entered Light","floor":7.0,"gold_loss":0.0,"damage_taken":20.0,"cards_upgraded":["Defend_G","Neutralize"]},{"damage_healed":0,"gold_gain":0,"player_choice":"Left Gold","damage_taken":0,"max_hp_gain":0,"max_hp_loss":0,"event_name":"World of Goop","floor":14,"gold_loss":35}],"is_beta":false,"boss_relics":[],"items_purged_floors":[2],"is_endless":false,"potions_floor_spawned":[3,4],"killed_by":"Hexaghost","ascension_level":20}