{"gold_per_floor":[109,125,125,43,43,78,78,94,94,94,130,130,130,130,130,253,253,277,293,293,60,79,117,117,136,217,236,249,249,270,305,305,433,433,457,457,457,471,490,490],"floor_reached":40,"playtime":4548,"items_purged":[],"score":486,"play_id":"54399e0d-9954-467c-bc4b-ee16b99c07aa","local_time":"20190628194521","is_ascension_mode":false,"campfire_choices":[{"data":"Noxious Fumes","floor":10.0,"key":"SMITH"},{"floor":12.0,"key":"REST"},{"floor":15.0,"key":"REST"},{"floor":24.0,"key":"REST"},{"floor":29.0,"key":"REST"},{"floor":32.0,"key":"REST"}],"neow_cost":"NONE","seed_source_timestamp":0,"circlet_count":0,"master_deck":["Defend_G","Defend_G","Defend_G","Defend_G","Defend_G","Strike_G","Strike_G","Strike_G","Strike_G","Survivor","Neutralize","Blur","Noxious Fumes+1","Choke","Blade Dance+1","Terror+1","Endless Agony+1","Venomology+1","Prepared+1","Deflect+1","Deadly Poison+1","Apotheosis+1","Deadly Poison+1","Wraith Form v2","Reflex+1","Backflip+1","Deflect+1","Deflect+1","Acrobatics+1","Acrobatics+1","Endless Agony+1","Deflect+1","Skewer+1"],"special_seed":0,"relics":["Ring of the Snake","NeowsBlessing","Ornamental Fan","Golden Idol","Toxic Egg 2","Ninja Scroll","Gremlin Horn","Philosopher\u0027s Stone","Unceasing Top","Kunai","Potion Belt","Snecko Eye"],"potions_floor_usage":[],"damage_taken":[{"damage":0.0,"enemies":"Small Slimes","floor":1.0,"turns":1.0},{"damage":0.0,"enemies":"2 Louse","floor":2.0,"turns":1.0},{"damage":0.0,"enemies":"Gremlin Nob","floor":6.0,"turns":1.0},{"damage":0.0,"enemies":"Cultist","floor":8.0,"turns":4.0},{"damage":19.0,"enemies":"3 Sentries","floor":11.0,"turns":8.0},{"damage":31.0,"enemies":"Slime Boss","floor":16.0,"turns":9.0},{"damage":27.0,"enemies":"Spheric Guardian","floor":18.0,"turns":6.0},{"damage":13.0,"enemies":"2 Thieves","floor":19.0,"turns":4.0},{"damage":0.0,"enemies":"Snake Plant","floor":22.0,"turns":4.0},{"damage":8.0,"enemies":"Gremlin Leader","floor":23.0,"turns":6.0},{"damage":11.0,"enemies":"Shelled Parasite and Fungi","floor":25.0,"turns":6.0},{"damage":5.0,"enemies":"3 Cultists","floor":27.0,"turns":6.0},{"damage":0.0,"enemies":"Centurion and Healer","floor":28.0,"turns":3.0},{"damage":9.0,"enemies":"Sentry and Sphere","floor":30.0,"turns":5.0},{"damage":26.0,"enemies":"Slavers","floor":31.0,"turns":7.0},{"damage":43.0,"enemies":"Automaton","floor":33.0,"turns":13.0},{"damage":31.0,"enemies":"3 Darklings","floor":35.0,"turns":6.0},{"damage":12,"enemies":"Orb Walker","floor":38,"turns":4},{"damage":7,"enemies":"3 Darklings","floor":39,"turns":5},{"damage":44,"enemies":"Nemesis","floor":40,"turns":5}],"seed_played":"2634371526215488885","potions_obtained":[{"floor":1.0,"key":"FairyPotion"},{"floor":2.0,"key":"Block Potion"},{"floor":16.0,"key":"Poison Potion"},{"floor":33.0,"key":"GhostInAJar"},{"floor":39,"key":"Dexterity Potion"}],"is_trial":false,"path_per_floor":["M","M","?","$","?","E","?","M","T","R","E","R","?","?","R","B",null,"M","M","?","$","M","E","R","M","T","M","M","R","M","E","R","B",null,"M","?","$","M","M","E"],"character_chosen":"THE_SILENT","items_purchased":["Noxious Fumes","Deadly Poison+1","Apotheosis+1"],"campfire_rested":5,"item_purchase_floors":[4,21,21],"current_hp_per_floor":[70,70,67,67,50,50,50,50,50,50,31,52,52,52,70,39,70,43,30,30,30,30,22,43,32,32,27,27,48,39,13,34,7,70,39,39,39,27,20,0],"gold":490,"neow_bonus":"THREE_ENEMY_KILL","is_prod":false,"is_daily":false,"chose_seed":false,"campfire_upgraded":1,"win_rate":0.0,"timestamp":1561722321,"path_taken":["M","M","?","$","?","E","?","M","T","R","E","R","?","?","R","BOSS","M","M","?","$","M","E","R","M","T","?","M","R","M","E","R","BOSS","M","?","?","M","M","E"],"build_version":"2019-01-23","purchased_purges":0,"victory":false,"max_hp_per_floor":[70,70,70,70,70,70,70,70,70,70,70,70,70,70,70,70,70,70,70,70,70,70,70,70,70,70,70,70,70,70,70,70,70,70,70,70,70,70,70,70],"card_choices":[{"not_picked":["Dagger Spray","PiercingWail"],"picked":"Blur","floor":1.0},{"not_picked":["PiercingWail","Dodge and Roll","Prepared"],"picked":"SKIP","floor":2.0},{"not_picked":["Tools of the Trade","Slice"],"picked":"Choke","floor":6.0},{"not_picked":["Outmaneuver+1","Quick Slash"],"picked":"Blade Dance+1","floor":8.0},{"not_picked":["Slice","Malaise+1"],"picked":"Terror+1","floor":11.0},{"not_picked":["Phantasmal Killer+1","Tools of the Trade"],"picked":"Venomology+1","floor":16.0},{"not_picked":["PiercingWail+1","Dagger Spray"],"picked":"Prepared+1","floor":18.0},{"not_picked":["Acrobatics+1","Flying Knee+1"],"picked":"Deflect+1","floor":19.0},{"not_picked":["Quick Slash","Outmaneuver+1"],"picked":"Deadly Poison+1","floor":22.0},{"not_picked":["Reflex+1","Dash"],"picked":"Wraith Form v2","floor":23.0},{"not_picked":["Underhanded Strike","Slice+1"],"picked":"Reflex+1","floor":25.0},{"not_picked":["Poisoned Stab","Dodge and Roll+1"],"picked":"Backflip+1","floor":27.0},{"not_picked":["Sucker Punch","Eviscerate"],"picked":"Deflect+1","floor":28.0},{"not_picked":["Masterful Stab","PiercingWail+1"],"picked":"Deflect+1","floor":30.0},{"not_picked":["PiercingWail+1","Riddle With Holes"],"picked":"Acrobatics+1","floor":31.0},{"not_picked":["Skewer","Infinite Blades"],"picked":"Acrobatics+1","floor":35.0},{"not_picked":["Leg Sweep+1","Terror+1"],"picked":"Deflect+1","floor":38},{"not_picked":["Dodge and Roll+1","Slice+1"],"picked":"Skewer+1","floor":39}],"player_experience":19249,"relics_obtained":[{"floor":6.0,"key":"Toxic Egg 2"},{"floor":9.0,"key":"Ninja Scroll"},{"floor":11.0,"key":"Gremlin Horn"},{"floor":23.0,"key":"Unceasing Top"},{"floor":26.0,"key":"Kunai"},{"floor":31.0,"key":"Potion Belt"}],"event_choices":[{"damage_healed":0.0,"max_hp_gain":0.0,"max_hp_loss":0.0,"gold_gain":0.0,"event_name":"Scrap Ooze","player_choice":"Success","floor":3.0,"gold_loss":0.0,"damage_taken":3.0,"relics_obtained":["Ornamental Fan"]},{"damage_healed":0.0,"max_hp_gain":0.0,"max_hp_loss":0.0,"gold_gain":0.0,"event_name":"Golden Idol","player_choice":"Take Damage","floor":5.0,"gold_loss":0.0,"damage_taken":17.0,"relics_obtained":["Golden Idol"]},{"damage_healed":0.0,"max_hp_gain":0.0,"max_hp_loss":0.0,"gold_gain":0.0,"event_name":"Shining Light","player_choice":"Ignored","floor":7.0,"gold_loss":0.0,"damage_taken":0.0},{"damage_healed":0.0,"max_hp_gain":0.0,"max_hp_loss":0.0,"gold_gain":0.0,"cards_transformed":["Strike_G"],"event_name":"Living Wall","player_choice":"Change","floor":13.0,"gold_loss":0.0,"damage_taken":0.0,"cards_obtained":["Endless Agony"]},{"damage_healed":0.0,"max_hp_gain":0.0,"max_hp_loss":0.0,"gold_gain":0.0,"event_name":"Upgrade Shrine","player_choice":"Upgraded","floor":14.0,"gold_loss":0.0,"damage_taken":0.0,"cards_upgraded":["Endless Agony"]},{"damage_healed":0.0,"max_hp_gain":0.0,"max_hp_loss":0.0,"gold_gain":0.0,"event_name":"Lab","player_choice":"Got Potions","floor":20.0,"gold_loss":0.0,"damage_taken":0.0},{"damage_healed":0,"gold_gain":0,"player_choice":"Copied","damage_taken":0,"max_hp_gain":0,"max_hp_loss":0,"event_name":"Duplicator","floor":36,"gold_loss":0,"cards_obtained":["Endless Agony"]}],"is_beta":false,"boss_relics":[{"not_picked":["Eternal Feather","Empty Cage"],"picked":"Philosopher\u0027s Stone"},{"not_picked":["Runic Pyramid","Velvet Choker"],"picked":"Snecko Eye"}],"items_purged_floors":[],"is_endless":false,"potions_floor_spawned":[1,2,16,23,27,33,39],"killed_by":"Nemesis","ascension_level":0}