{"gold_per_floor":[114,114,114,127,58,58,92,92,92,112,150,165,198,27,27,150,150,175,202,223,138,161,195,208,12,58,93,293,332,360,372,384,396],"floor_reached":33,"playtime":1702,"items_purged":[],"score":436,"play_id":"40bfe247-71fd-406c-86fa-e27a2e464e5e","local_time":"20190621165410","is_ascension_mode":true,"campfire_choices":[{"data":"Footwork","floor":6,"key":"SMITH"},{"floor":8,"key":"REST"},{"data":"Noxious Fumes","floor":15,"key":"SMITH"},{"data":"Apotheosis","floor":32,"key":"SMITH"}],"neow_cost":"NONE","seed_source_timestamp":604757890754200,"circlet_count":0,"master_deck":["Defend_G+1","Defend_G","Defend_G","Defend_G+1","Defend_G","Strike_G","Strike_G","Strike_G","Strike_G+1","Strike_G","Survivor","Neutralize+1","Footwork+1","Terror","Well Laid Plans","After Image","Dagger Spray","Noxious Fumes+1","Bandage Up","Backflip","Adrenaline","Finisher","Skewer","Apotheosis+1","Footwork","Acrobatics","Decay"],"relics":["Ring of the Snake","Whetstone","Golden Idol","Singing Bowl","Pen Nib","Bottled Flame","Ice Cream","Question Card","Coffee Dripper","Oddly Smooth Stone","Orichalcum","Ninja Scroll","War Paint","Dodecahedron","MawBank"],"potions_floor_usage":[7,13,13,20,22,23,23,29],"damage_taken":[{"damage":0,"enemies":"Small Slimes","floor":1,"turns":5},{"damage":0,"enemies":"Jaw Worm","floor":4,"turns":5},{"damage":10,"enemies":"Gremlin Nob","floor":7,"turns":4},{"damage":0,"enemies":"Cultist","floor":10,"turns":4},{"damage":5,"enemies":"Lagavulin","floor":11,"turns":8},{"damage":0,"enemies":"Red Slaver","floor":12,"turns":5},{"damage":4,"enemies":"Gremlin Nob","floor":13,"turns":3},{"damage":7,"enemies":"Hexaghost","floor":16,"turns":9},{"damage":5,"enemies":"Chosen","floor":18,"turns":7},{"damage":11,"enemies":"2 Thieves","floor":20,"turns":3},{"damage":4,"enemies":"Centurion and Healer","floor":22,"turns":7},{"damage":12,"enemies":"Book of Stabbing","floor":23,"turns":4},{"damage":0,"enemies":"Snake Plant","floor":24,"turns":4},{"damage":9,"enemies":"Slavers","floor":27,"turns":5},{"damage":12,"enemies":"Book of Stabbing","floor":29,"turns":5},{"damage":6,"enemies":"Snecko","floor":30,"turns":6},{"damage":69,"enemies":"Collector","floor":33,"turns":7}],"seed_played":"-9218648154760763452","potions_obtained":[{"floor":1,"key":"SkillPotion"},{"floor":4,"key":"SteroidPotion"},{"floor":7,"key":"Fire Potion"},{"floor":13,"key":"Strength Potion"},{"floor":16,"key":"Weak Potion"},{"floor":18,"key":"FearPotion"},{"floor":20,"key":"Strength Potion"},{"floor":27,"key":"Poison Potion"},{"floor":30,"key":"SteroidPotion"}],"is_trial":false,"path_per_floor":["M","?","T","M","$","R","E","R","T","M","E","M","E","$","R","B",null,"M","T","M","?","M","E","M","$","T","E","?","E","M","?","R","B"],"character_chosen":"THE_SILENT","items_purchased":["Well Laid Plans","Noxious Fumes","Bandage Up","Backflip","Apotheosis"],"campfire_rested":1,"item_purchase_floors":[5,14,14,14,25],"current_hp_per_floor":[63,46,46,46,46,46,38,59,59,61,58,58,54,54,54,51,70,69,69,64,64,64,58,64,64,64,61,61,57,55,55,55,0],"gold":396,"neow_bonus":"RANDOM_COMMON_RELIC","is_prod":false,"is_daily":false,"chose_seed":false,"campfire_upgraded":3,"win_rate":0,"timestamp":1561161250,"path_taken":["M","?","?","M","$","R","E","R","T","?","E","M","E","?","R","BOSS","M","?","M","?","M","E","M","$","T","E","?","E","?","?","R","BOSS"],"build_version":"2019-01-23","purchased_purges":0,"victory":false,"max_hp_per_floor":[70,70,70,70,70,70,72,72,72,74,76,76,76,76,76,76,76,76,76,78,78,78,80,82,82,82,82,82,84,84,84,84,84],"card_choices":[{"not_picked":["Poisoned Stab","Prepared"],"picked":"Footwork","floor":1},{"not_picked":["Acrobatics","Distraction"],"picked":"Terror","floor":4},{"not_picked":["Riddle With Holes","Outmaneuver","Caltrops"],"picked":"Singing Bowl","floor":7},{"not_picked":["Deadly Poison","Bane","Outmaneuver"],"picked":"Singing Bowl","floor":10},{"not_picked":["Endless Agony","Deflect","Caltrops"],"picked":"Singing Bowl","floor":11},{"not_picked":["Distraction","Bane"],"picked":"After Image","floor":12},{"not_picked":["Accuracy","Flying Knee"],"picked":"Dagger Spray","floor":13},{"not_picked":["Night Terror","Tools of the Trade","Grand Finale"],"picked":"Adrenaline","floor":16},{"not_picked":["Acrobatics","Noxious Fumes","Blade Dance"],"picked":"Finisher","floor":18},{"not_picked":["Deadly Poison","Riddle With Holes","After Image","Flying Knee"],"picked":"Singing Bowl","floor":20},{"not_picked":["Eviscerate","Escape Plan","Sucker Punch+1"],"picked":"Skewer","floor":22},{"not_picked":["Dodge and Roll","Flying Knee","Catalyst","Reflex"],"picked":"Singing Bowl","floor":23},{"not_picked":["Setup+1","Flying Knee+1","Poisoned Stab","Sucker Punch"],"picked":"Singing Bowl","floor":24},{"not_picked":["Blade Dance","Grand Finale","Eviscerate"],"picked":"Footwork","floor":27},{"not_picked":["Bane+1","Skewer+1","Expertise","Slice+1"],"picked":"Singing Bowl","floor":29},{"not_picked":["Predator+1","Deflect+1","Caltrops"],"picked":"Acrobatics","floor":30}],"player_experience":367492,"relics_obtained":[{"floor":3,"key":"Singing Bowl"},{"floor":7,"key":"Pen Nib"},{"floor":9,"key":"Bottled Flame"},{"floor":11,"key":"Ice Cream"},{"floor":13,"key":"Question Card"},{"floor":19,"key":"Oddly Smooth Stone"},{"floor":23,"key":"Ninja Scroll"},{"floor":26,"key":"War Paint"},{"floor":27,"key":"Dodecahedron"},{"floor":29,"key":"MawBank"}],"event_choices":[{"damage_healed":0,"gold_gain":0,"player_choice":"Take Damage","damage_taken":17,"relics_obtained":["Golden Idol"],"max_hp_gain":0,"max_hp_loss":0,"event_name":"Golden Idol","floor":2,"gold_loss":0},{"damage_healed":0,"gold_gain":0,"player_choice":"Obtained Relic","damage_taken":0,"relics_obtained":["Orichalcum"],"max_hp_gain":0,"max_hp_loss":0,"event_name":"Addict","floor":21,"gold_loss":85},{"damage_healed":0,"gold_gain":250,"player_choice":"Bet on Owner","damage_taken":0,"max_hp_gain":0,"max_hp_loss":0,"event_name":"The Joust","floor":28,"gold_loss":50},{"damage_healed":0,"gold_gain":0,"player_choice":"Cursed","damage_taken":0,"max_hp_gain":0,"max_hp_loss":0,"event_name":"Wheel of Change","floor":31,"gold_loss":0,"cards_obtained":["Decay"]}],"is_beta":false,"boss_relics":[{"not_picked":["Orrery","Pandora\u0027s Box"],"picked":"Coffee Dripper"}],"items_purged_floors":[],"is_endless":false,"potions_floor_spawned":[1,4,7,13,16,18,20,27,30],"killed_by":"Collector","ascension_level":7}