{"gold_per_floor":[118,132,60,74,74,74,101,101,101,118,193,218,218,228,228,299,299,309,325,325,22,42,42,71,71,98,113,113,125,160,259,259,259],"floor_reached":33,"playtime":1080,"items_purged":["Normality"],"score":569,"play_id":"7c45861c-2410-4798-be0f-f5b7cddb3a83","local_time":"20190510001420","is_ascension_mode":true,"campfire_choices":[{"data":"Regret","floor":6.0,"key":"PURGE"},{"data":"Bludgeon","floor":8.0,"key":"SMITH"},{"floor":13.0,"key":"REST"},{"data":"Whirlwind","floor":15.0,"key":"SMITH"},{"data":"True Grit","floor":23.0,"key":"SMITH"},{"floor":28.0,"key":"REST"},{"floor":32.0,"key":"REST"}],"neow_cost":"CURSE","seed_source_timestamp":1949349563118870,"circlet_count":0,"master_deck":["AscendersBane","Strike_R","Strike_R","Strike_R","Strike_R","Strike_R","Defend_R","Defend_R","Defend_R","Defend_R","Bash","True Grit+1","Whirlwind+1","Bludgeon+1","Evolve","Intimidate","Shockwave"],"special_seed":0,"relics":["Burning Blood","Peace Pipe","Shovel","Red Skull","Ginger","Bottled Lightning","Mark of Pain","GremlinMask","Happy Flower","Boot","Magic Flower","Juzu Bracelet","Bronze Scales"],"potions_floor_usage":[33],"damage_taken":[{"damage":9.0,"enemies":"Jaw Worm","floor":1.0,"turns":5.0},{"damage":20.0,"enemies":"Small Slimes","floor":2.0,"turns":4.0},{"damage":8.0,"enemies":"2 Louse","floor":4.0,"turns":2.0},{"damage":18.0,"enemies":"3 Sentries","floor":7.0,"turns":8.0},{"damage":2.0,"enemies":"Red Slaver","floor":10.0,"turns":2.0},{"damage":23.0,"enemies":"Lagavulin","floor":12.0,"turns":4.0},{"damage":26.0,"enemies":"Exordium Thugs","floor":14.0,"turns":4.0},{"damage":0.0,"enemies":"Slime Boss","floor":16.0,"turns":5.0},{"damage":35.0,"enemies":"Shell Parasite","floor":18.0,"turns":6.0},{"damage":4.0,"enemies":"2 Thieves","floor":19.0,"turns":2.0},{"damage":8.0,"enemies":"Cultist and Chosen","floor":22.0,"turns":5.0},{"damage":21.0,"enemies":"Gremlin Leader","floor":24.0,"turns":5.0},{"damage":17.0,"enemies":"Snake Plant","floor":27.0,"turns":3.0},{"damage":6.0,"enemies":"Sentry and Sphere","floor":29.0,"turns":3.0},{"damage":25.0,"enemies":"Slavers","floor":30.0,"turns":3.0},{"damage":55,"enemies":"Collector","floor":33,"turns":5}],"seed_played":"-1721937680442293152","potions_obtained":[{"floor":1.0,"key":"Strength Potion"},{"floor":10.0,"key":"SpeedPotion"},{"floor":14.0,"key":"SkillPotion"},{"floor":18.0,"key":"AttackPotion"},{"floor":22.0,"key":"Weak Potion"},{"floor":30.0,"key":"GamblersBrew"}],"is_trial":false,"path_per_floor":["M","M","$","M","?","R","E","R","T","M","?","E","R","M","R","B",null,"M","M","?","$","M","R","E","T","T","M","R","M","E","?","R","B"],"character_chosen":"IRONCLAD","items_purchased":["Whirlwind","Evolve","Happy Flower"],"campfire_rested":3,"item_purchase_floors":[3,21,21],"current_hp_per_floor":[69,55,55,53,53,53,41,41,41,45,34,17,41,21,21,27,67,38,40,40,40,38,38,23,23,23,15,39,42,26,26,50,0],"gold":259,"neow_bonus":"ONE_RARE_RELIC","is_prod":false,"is_daily":false,"chose_seed":false,"campfire_upgraded":3,"win_rate":0,"timestamp":1557440060,"path_taken":["M","M","$","M","?","R","E","R","T","M","?","E","R","M","R","BOSS","M","M","?","$","?","R","E","?","T","M","R","M","E","?","R","BOSS"],"build_version":"2019-01-23","purchased_purges":1,"victory":false,"max_hp_per_floor":[80,80,80,80,80,80,80,80,80,80,80,80,80,80,80,80,80,80,80,80,80,80,80,80,80,80,80,80,80,80,80,80,80],"card_choices":[{"not_picked":["Havoc","Perfected Strike"],"picked":"True Grit","floor":1.0},{"not_picked":["Body Slam","Metallicize","Havoc"],"picked":"SKIP","floor":2.0},{"not_picked":["Sever Soul","Shrug It Off"],"picked":"Bludgeon","floor":4.0},{"not_picked":["Bloodletting","True Grit","Headbutt"],"picked":"SKIP","floor":7.0},{"not_picked":["Clothesline","Metallicize","Carnage"],"picked":"SKIP","floor":10.0},{"not_picked":["Perfected Strike","Evolve","Dropkick"],"picked":"SKIP","floor":12.0},{"not_picked":["Perfected Strike","Havoc","Dropkick"],"picked":"SKIP","floor":14.0},{"not_picked":["Thunderclap","Entrench","Clash"],"picked":"SKIP","floor":18.0},{"not_picked":["Pommel Strike","Havoc","Rage"],"picked":"SKIP","floor":19.0},{"not_picked":["Thunderclap+1","Ghostly Armor"],"picked":"Intimidate","floor":22.0},{"not_picked":["Anger","Thunderclap"],"picked":"Shockwave","floor":24.0},{"not_picked":["Whirlwind","Clothesline","Twin Strike"],"picked":"SKIP","floor":27.0},{"not_picked":["Perfected Strike","Wild Strike","Fire Breathing"],"picked":"SKIP","floor":29.0},{"not_picked":["Heavy Blade","Cleave","Anger+1"],"picked":"SKIP","floor":30.0}],"player_experience":296756,"relics_obtained":[{"floor":7.0,"key":"Red Skull"},{"floor":9.0,"key":"Ginger"},{"floor":12.0,"key":"Bottled Lightning"},{"floor":24.0,"key":"Boot"},{"floor":25.0,"key":"Magic Flower"},{"floor":26.0,"key":"Juzu Bracelet"},{"floor":30.0,"key":"Bronze Scales"}],"event_choices":[{"damage_healed":0.0,"max_hp_gain":0.0,"max_hp_loss":0.0,"gold_gain":0.0,"event_name":"Big Fish","player_choice":"Box","floor":5.0,"gold_loss":0.0,"damage_taken":0.0,"relics_obtained":["Shovel"],"cards_obtained":["Regret"]},{"damage_healed":0.0,"max_hp_gain":0.0,"max_hp_loss":0.0,"gold_gain":75.0,"event_name":"World of Goop","player_choice":"Gather Gold","floor":11.0,"gold_loss":0.0,"damage_taken":11.0},{"damage_healed":0.0,"max_hp_gain":0.0,"max_hp_loss":0.0,"gold_gain":0.0,"event_name":"FaceTrader","player_choice":"Trade","floor":20.0,"gold_loss":0.0,"damage_taken":0.0,"relics_obtained":["GremlinMask"]},{"damage_healed":0.0,"max_hp_gain":0.0,"max_hp_loss":0.0,"gold_gain":99.0,"event_name":"Nest","player_choice":"Stole From Cult","floor":31.0,"gold_loss":0.0,"damage_taken":0.0}],"is_beta":false,"boss_relics":[{"not_picked":["Tiny House","Lizard Tail"],"picked":"Mark of Pain"}],"items_purged_floors":[21],"is_endless":false,"potions_floor_spawned":[1,10,14,18,22,30],"killed_by":"Collector","ascension_level":13}