{"gold_per_floor":[116,131,56,56,67,67,94,94,117,149,149],"floor_reached":11,"playtime":232,"items_purged":[],"score":162,"play_id":"fb08ec57-e974-48d4-8f3c-835db9774586","local_time":"20190525195210","is_ascension_mode":true,"campfire_choices":[{"data":"Lockon","floor":6,"key":"SMITH"},{"data":"Coolheaded","floor":8,"key":"SMITH"}],"neow_cost":"NONE","seed_source_timestamp":12310123758488,"circlet_count":0,"master_deck":["AscendersBane","Strike_B","Strike_B","Strike_B","Defend_B","Defend_B","Defend_B","Defend_B","Zap","Dualcast","Lockon+1","Conserve Battery","Rainbow","Coolheaded+1","Go for the Eyes"],"special_seed":0,"relics":["Cracked Core","SsserpentHead","Regal Pillow","PreservedInsect","Juzu Bracelet"],"potions_floor_usage":[7,10],"damage_taken":[{"damage":0.0,"enemies":"2 Louse","floor":1.0,"turns":3.0},{"damage":2.0,"enemies":"Jaw Worm","floor":2.0,"turns":4.0},{"damage":0,"enemies":"Cultist","floor":5,"turns":3},{"damage":52,"enemies":"Gremlin Nob","floor":7,"turns":5},{"damage":2,"enemies":"Lagavulin","floor":10,"turns":5},{"damage":23,"enemies":"3 Louse","floor":11,"turns":2}],"seed_played":"-7234024832050511918","potions_obtained":[{"floor":5,"key":"Block Potion"},{"floor":7,"key":"Block Potion"},{"floor":10,"key":"Dexterity Potion"}],"is_trial":false,"path_per_floor":["M","M","?","?","M","R","E","R","T","E","M"],"character_chosen":"DEFECT","items_purchased":[],"campfire_rested":0,"item_purchase_floors":[],"current_hp_per_floor":[71,69,69,69,69,69,17,17,17,15,0],"gold":149,"neow_bonus":"TEN_PERCENT_HP_BONUS","is_prod":false,"is_daily":false,"chose_seed":false,"campfire_upgraded":2,"win_rate":0,"timestamp":1558806730,"path_taken":["M","M","?","?","M","R","E","R","T","E","M"],"build_version":"2019-05-24v2","purchased_purges":0,"victory":false,"max_hp_per_floor":[78,78,78,78,78,78,78,78,78,78,78],"card_choices":[{"not_picked":["Streamline","Beam Cell"],"picked":"Lockon","floor":1.0},{"not_picked":["Sweeping Beam","Rebound"],"picked":"Conserve Battery","floor":2},{"not_picked":["Hello World","Rebound"],"picked":"Rainbow","floor":5},{"not_picked":["Stack","Hologram"],"picked":"Coolheaded","floor":7},{"not_picked":["Gash","Conserve Battery"],"picked":"Go for the Eyes","floor":10}],"player_experience":1606820,"relics_obtained":[{"floor":7,"key":"Regal Pillow"},{"floor":9,"key":"PreservedInsect"},{"floor":10,"key":"Juzu Bracelet"}],"event_choices":[{"cards_removed":["Strike_B"],"damage_healed":0,"gold_gain":0,"player_choice":"Card Removal","damage_taken":0,"max_hp_gain":0,"max_hp_loss":0,"event_name":"The Cleric","floor":3,"gold_loss":75},{"damage_healed":0,"gold_gain":0,"player_choice":"Trade","damage_taken":0,"relics_obtained":["SsserpentHead"],"max_hp_gain":0,"max_hp_loss":0,"event_name":"FaceTrader","floor":4,"gold_loss":0}],"is_beta":true,"boss_relics":[],"items_purged_floors":[],"is_endless":false,"potions_floor_spawned":[5,7,10],"killed_by":"3 Louse","ascension_level":20}