{"gold_per_floor":[111,111,126,76,76,76,104,122,122,153,153,100,100,128,128,231,231,241,241,257,357,375,375],"floor_reached":23,"playtime":1165,"items_purged":[],"score":319,"play_id":"19438f61-1932-4263-9539-7fe92edd3a53","local_time":"20190314141831","is_ascension_mode":true,"campfire_choices":[{"data":"Disarm","floor":6.0,"key":"SMITH"},{"floor":15.0,"key":"REST"}],"neow_cost":"PERCENT_DAMAGE","seed_source_timestamp":11957393769680,"circlet_count":0,"master_deck":["Strike_R","Strike_R","Strike_R","Strike_R","Strike_R","Defend_R+1","Defend_R+1","Bash+1","Perfected Strike+1","Disarm+1","Twin Strike","Clothesline","Shrug It Off","Shrug It Off","Feed","Perfected Strike","Metallicize+1","Wild Strike"],"special_seed":0,"relics":["Burning Blood","Ornamental Fan","Frozen Egg 2","War Paint","Ancient Tea Set","Orichalcum","Eternal Feather","Ice Cream","Blue Candle"],"potions_floor_usage":[20,23,23,23],"damage_taken":[{"damage":2.0,"enemies":"2 Louse","floor":1.0,"turns":2.0},{"damage":10.0,"enemies":"Small Slimes","floor":3.0,"turns":3.0},{"damage":20.0,"enemies":"Gremlin Nob","floor":7.0,"turns":4.0},{"damage":0.0,"enemies":"Jaw Worm","floor":8.0,"turns":3.0},{"damage":11.0,"enemies":"3 Sentries","floor":10.0,"turns":6.0},{"damage":24.0,"enemies":"Gremlin Nob","floor":14.0,"turns":4.0},{"damage":32.0,"enemies":"Slime Boss","floor":16.0,"turns":15.0},{"damage":25,"enemies":"3 Byrds","floor":18,"turns":7},{"damage":4,"enemies":"Shell Parasite","floor":20,"turns":6},{"damage":18,"enemies":"Colosseum Slavers","floor":21,"turns":4},{"damage":26,"enemies":"Colosseum Nobs","floor":21,"turns":7},{"damage":2,"enemies":"Chosen and Byrds","floor":22,"turns":6},{"damage":46,"enemies":"Gremlin Leader","floor":23,"turns":8}],"seed_played":"7125636190129494601","potions_obtained":[{"floor":7.0,"key":"EssenceOfSteel"},{"floor":10.0,"key":"Swift Potion"},{"floor":14.0,"key":"SneckoOil"},{"floor":16.0,"key":"BloodPotion"},{"floor":21,"key":"BloodPotion"},{"floor":22,"key":"Block Potion"}],"is_trial":false,"path_per_floor":["M","?","M","?","?","R","E","M","T","E","?","$","?","E","R","B",null,"M","?","M","?","M","E"],"character_chosen":"IRONCLAD","items_purchased":["Shrug It Off"],"campfire_rested":1,"item_purchase_floors":[12],"current_hp_per_floor":[71,71,67,67,48,48,34,40,40,35,32,32,25,7,35,9,74,55,36,41,15,19,0],"gold":375,"neow_bonus":"TWENTY_PERCENT_HP_BONUS","is_prod":false,"is_daily":false,"chose_seed":false,"campfire_upgraded":1,"win_rate":0,"timestamp":1552569511,"path_taken":["M","?","M","?","?","R","E","M","T","E","?","$","?","E","R","BOSS","M","?","M","?","M","E"],"build_version":"2019-01-23","purchased_purges":0,"victory":false,"max_hp_per_floor":[96,96,96,96,96,96,96,96,96,96,96,96,96,96,96,96,96,96,101,104,110,110,110],"card_choices":[{"not_picked":["Battle Trance","Dual Wield"],"picked":"Perfected Strike","floor":1.0},{"not_picked":["Warcry","Combust"],"picked":"Disarm","floor":3.0},{"not_picked":["Perfected Strike","Clothesline"],"picked":"Twin Strike","floor":7.0},{"not_picked":["True Grit","Perfected Strike"],"picked":"Clothesline","floor":8.0},{"not_picked":["Pummel","Uppercut"],"picked":"Shrug It Off","floor":10.0},{"not_picked":["Heavy Blade","Anger","Rupture+1"],"picked":"SKIP","floor":14.0},{"not_picked":["Fiend Fire","Juggernaut+1"],"picked":"Feed","floor":16.0},{"not_picked":["Disarm","Clothesline"],"picked":"Perfected Strike","floor":18},{"not_picked":["Flex","Perfected Strike"],"picked":"Metallicize+1","floor":20},{"not_picked":["Flex","Sword Boomerang"],"picked":"Wild Strike","floor":21},{"not_picked":["Shockwave","Thunderclap","Second Wind+1"],"picked":"SKIP","floor":22}],"player_experience":94728,"relics_obtained":[{"floor":7.0,"key":"Ornamental Fan"},{"floor":9.0,"key":"Frozen Egg 2"},{"floor":10.0,"key":"War Paint"},{"floor":14.0,"key":"Orichalcum"},{"floor":21,"key":"Ice Cream"},{"floor":21,"key":"Blue Candle"}],"event_choices":[{"damage_healed":0.0,"max_hp_gain":0.0,"max_hp_loss":0.0,"gold_gain":0.0,"event_name":"Liars Game","player_choice":"Ignored","floor":2.0,"gold_loss":0.0,"damage_taken":0.0},{"cards_removed":["Defend_R"],"damage_healed":0.0,"max_hp_gain":0.0,"max_hp_loss":0.0,"gold_gain":0.0,"event_name":"The Cleric","player_choice":"Card Removal","floor":4.0,"gold_loss":50.0,"damage_taken":0.0},{"damage_healed":0.0,"max_hp_gain":0.0,"max_hp_loss":0.0,"gold_gain":0.0,"event_name":"Shining Light","player_choice":"Entered Light","floor":5.0,"gold_loss":0.0,"damage_taken":19.0,"cards_upgraded":["Perfected Strike","Bash"]},{"damage_healed":0.0,"max_hp_gain":0.0,"max_hp_loss":0.0,"gold_gain":0.0,"event_name":"Scrap Ooze","player_choice":"Success","floor":11.0,"gold_loss":0.0,"damage_taken":3.0,"relics_obtained":["Ancient Tea Set"]},{"cards_removed":["Defend_R"],"damage_healed":0.0,"max_hp_gain":0.0,"max_hp_loss":0.0,"gold_gain":0.0,"event_name":"Golden Wing","player_choice":"Card Removal","floor":13.0,"gold_loss":0.0,"damage_taken":7.0},{"damage_healed":0,"gold_gain":0,"player_choice":"Shed Blood","damage_taken":24,"max_hp_gain":5,"max_hp_loss":0,"event_name":"Forgotten Altar","floor":19,"gold_loss":0},{"damage_healed":0,"gold_gain":0,"player_choice":"Fight","damage_taken":0,"max_hp_gain":0,"max_hp_loss":0,"event_name":"Colosseum","floor":21,"gold_loss":0},{"damage_healed":0,"gold_gain":0,"player_choice":"Fought Nobs","damage_taken":0,"max_hp_gain":0,"max_hp_loss":0,"event_name":"Colosseum","floor":21,"gold_loss":0}],"is_beta":false,"boss_relics":[{"not_picked":["Orrery","Black Blood"],"picked":"Eternal Feather"}],"items_purged_floors":[],"is_endless":false,"potions_floor_spawned":[7,10,14,16,21,22],"killed_by":"Gremlin Leader","ascension_level":6}