{"gold_per_floor":[119,119,136,136,7,7,38,38,85,85,97,22,52,72,72,149,149,149,149,149,149,77,77,77,77,77,77,77,40,40,40,40,40],"floor_reached":33,"playtime":1075,"items_purged":["Dualcast"],"score":420,"play_id":"7c7e6d9e-e203-4b48-8950-5d94b7e43fa0","local_time":"20190527202215","is_ascension_mode":true,"campfire_choices":[{"data":"Zap","floor":6,"key":"SMITH"},{"data":"Defragment","floor":8,"key":"SMITH"},{"data":"Hologram","floor":10,"key":"SMITH"},{"floor":15,"key":"REST"},{"floor":23,"key":"REST"},{"data":"Lockon","floor":25,"key":"SMITH"},{"data":"Hologram","floor":28,"key":"SMITH"},{"floor":32,"key":"REST"}],"neow_cost":"NONE","seed_source_timestamp":872387223637663,"circlet_count":0,"master_deck":["AscendersBane","Strike_B","Strike_B","Strike_B","Strike_B","Defend_B","Defend_B","Defend_B","Defend_B","Zap+1","Defragment+1","Barrage","Hologram+1","Undo","Meteor Strike","BootSequence","Lockon+1","Machine Learning","Hologram+1","Steam","Reinforced Body","Capacitor","Auto Shields"],"relics":["Cracked Core","Vajra","PreservedInsect","Ornamental Fan","DataDisk","Ectoplasm","Tiny Chest","Mercury Hourglass"],"potions_floor_usage":[16,21,31,33],"damage_taken":[{"damage":7,"enemies":"Jaw Worm","floor":1,"turns":3},{"damage":6,"enemies":"2 Louse","floor":3,"turns":3},{"damage":20,"enemies":"3 Sentries","floor":7,"turns":6},{"damage":7,"enemies":"Small Slimes","floor":11,"turns":3},{"damage":1,"enemies":"Exordium Wildlife","floor":14,"turns":4},{"damage":25,"enemies":"Slime Boss","floor":16,"turns":9},{"damage":19,"enemies":"Spheric Guardian","floor":18,"turns":4},{"damage":8,"enemies":"Chosen","floor":20,"turns":4},{"damage":7,"enemies":"Centurion and Healer","floor":21,"turns":6},{"damage":0,"enemies":"Snecko","floor":24,"turns":5},{"damage":13,"enemies":"3 Cultists","floor":27,"turns":5},{"damage":0,"enemies":"Centurion and Healer","floor":30,"turns":6},{"damage":29,"enemies":"Snake Plant","floor":31,"turns":4},{"damage":27,"enemies":"Collector","floor":33,"turns":3}],"seed_played":"5839441029613327476","potions_obtained":[{"floor":1,"key":"Poison Potion"},{"floor":14,"key":"Dexterity Potion"},{"floor":20,"key":"Weak Potion"},{"floor":27,"key":"AttackPotion"},{"floor":31,"key":"EssenceOfSteel"}],"is_trial":false,"path_per_floor":["M","?","M","?","$","R","E","R","T","R","M","$","?","M","R","B",null,"M","?","M","M","$","R","M","R","T","M","R","$","M","M","R","B"],"character_chosen":"DEFECT","items_purchased":["Hologram","Undo","Reinforced Body","Capacitor"],"campfire_rested":3,"item_purchase_floors":[5,5,22,29],"current_hp_per_floor":[57,57,51,48,48,48,28,28,28,28,21,21,21,20,41,16,57,38,38,30,23,23,44,44,44,44,31,31,31,31,2,23,0],"gold":40,"neow_bonus":"RANDOM_COMMON_RELIC","is_prod":false,"is_daily":false,"chose_seed":false,"campfire_upgraded":5,"win_rate":0,"timestamp":1558981335,"path_taken":["M","?","M","?","$","R","E","R","T","R","M","$","?","M","R","BOSS","M","?","?","M","?","R","M","R","T","M","R","$","?","M","R","BOSS"],"build_version":"2019-01-23","purchased_purges":1,"victory":false,"max_hp_per_floor":[71,71,71,71,71,71,71,71,71,71,71,71,71,71,71,71,71,71,71,71,71,71,71,71,71,71,71,71,71,71,71,71,71],"card_choices":[{"not_picked":["Undo","Capacitor"],"picked":"Defragment","floor":1},{"not_picked":["Compile Driver","Steam"],"picked":"Barrage","floor":3},{"not_picked":["Streamline","Darkness"],"picked":"Meteor Strike","floor":7},{"not_picked":["Gash","Force Field"],"picked":"BootSequence","floor":11},{"not_picked":["Leap","Compile Driver"],"picked":"Lockon","floor":14},{"not_picked":["All For One","Amplify"],"picked":"Machine Learning","floor":16},{"not_picked":["Gash","Stack","Scrape"],"picked":"SKIP","floor":18},{"not_picked":["Chaos","Leap"],"picked":"Hologram","floor":20},{"not_picked":["Compile Driver","Sunder+1"],"picked":"Steam","floor":21},{"not_picked":["Barrage","Gash","Chill"],"picked":"SKIP","floor":24},{"not_picked":["Tempest","Reinforced Body","Rainbow"],"picked":"SKIP","floor":27},{"not_picked":["Aggregate","Steam","Storm"],"picked":"SKIP","floor":30},{"not_picked":["White Noise","Gash"],"picked":"Auto Shields","floor":31}],"player_experience":434917,"relics_obtained":[{"floor":7,"key":"Ornamental Fan"},{"floor":9,"key":"DataDisk"},{"floor":19,"key":"Tiny Chest"},{"floor":26,"key":"Mercury Hourglass"}],"event_choices":[{"damage_healed":0,"gold_gain":0,"player_choice":"Leave","damage_taken":0,"max_hp_gain":0,"max_hp_loss":0,"event_name":"The Cleric","floor":2,"gold_loss":0},{"damage_healed":0,"gold_gain":0,"player_choice":"Success","damage_taken":3,"relics_obtained":["PreservedInsect"],"max_hp_gain":0,"max_hp_loss":0,"event_name":"Scrap Ooze","floor":4,"gold_loss":0},{"damage_healed":0,"gold_gain":30,"player_choice":"Searched \u00272\u0027 times","damage_taken":0,"max_hp_gain":0,"max_hp_loss":0,"event_name":"Dead Adventurer","floor":13,"gold_loss":0},{"damage_healed":0,"gold_gain":0,"player_choice":"Relic","damage_taken":0,"max_hp_gain":0,"max_hp_loss":0,"event_name":"Wheel of Change","floor":19,"gold_loss":0}],"is_beta":false,"boss_relics":[{"not_picked":["Lizard Tail","Empty Cage"],"picked":"Ectoplasm"}],"items_purged_floors":[12],"is_endless":false,"potions_floor_spawned":[1,14,20,27,31],"killed_by":"Collector","ascension_level":14}