{"gold_per_floor":[117,192,42,52,67,67,102,102,125,159,173,48,48,68,68,169,169,186,88,101,101,101,101,101,101,101,101,111,111,136,152,152,249,249,260,260,6,18,18,18,35,35,58,58,58,73,93,105,105,105],"floor_reached":51,"playtime":4066,"items_purged":["Strike_G","Writhe"],"score":715,"play_id":"59459cfa-83c4-45b8-ba46-e811ac284f46","local_time":"20190418161934","is_ascension_mode":true,"campfire_choices":[{"data":"Accuracy","floor":6,"key":"SMITH"},{"data":"Blade Dance","floor":8,"key":"SMITH"},{"floor":15,"key":"REST"},{"floor":23,"key":"REST"},{"data":"Night Terror","floor":25,"key":"SMITH"},{"data":"Infinite Blades","floor":27,"key":"SMITH"},{"floor":29,"key":"REST"},{"floor":32,"key":"REST"},{"data":"Calculated Gamble","floor":40,"key":"SMITH"},{"data":"Setup","floor":42,"key":"SMITH"},{"data":"Burst","floor":44,"key":"SMITH"},{"floor":49,"key":"REST"}],"neow_cost":"NONE","seed_source_timestamp":363112085270900,"circlet_count":0,"master_deck":["Defend_G","Defend_G","Defend_G","Defend_G","Defend_G","Strike_G","Strike_G","Strike_G","Strike_G+1","Survivor+1","Neutralize","Dash","Accuracy+1","Cloak And Dagger","Blade Dance+1","Cloak And Dagger","Backstab","Dagger Spray","Backflip","Calculated Gamble+1","Infinite Blades+1","Night Terror+1","Footwork","Dodge and Roll","Bouncing Flask+1","Blur","Sucker Punch+1","Burst+1","Blade Dance+1","Madness","Madness","Footwork","Setup+1","Prepared+1","Choke+1"],"relics":["Ring of the Snake","Boot","Potion Belt","Blue Candle","Tiny Chest","White Beast Statue","Darkstone Periapt","Thread and Needle","Incense Burner","WristBlade","Lantern","Snake Skull"],"potions_floor_usage":[20,22,22,22,30,30,33,33,38,47,50,50,50,50],"damage_taken":[{"damage":0,"enemies":"2 Louse","floor":1,"turns":3},{"damage":0,"enemies":"Small Slimes","floor":4,"turns":3},{"damage":2,"enemies":"Jaw Worm","floor":5,"turns":4},{"damage":7,"enemies":"3 Sentries","floor":7,"turns":9},{"damage":7,"enemies":"Lagavulin","floor":10,"turns":4},{"damage":0,"enemies":"2 Fungi Beasts","floor":11,"turns":2},{"damage":0,"enemies":"Exordium Wildlife","floor":14,"turns":2},{"damage":30,"enemies":"Hexaghost","floor":16,"turns":10},{"damage":1,"enemies":"3 Byrds","floor":18,"turns":4},{"damage":15,"enemies":"2 Thieves","floor":20,"turns":5},{"damage":27,"enemies":"3 Cultists","floor":22,"turns":5},{"damage":24,"enemies":"Cultist and Chosen","floor":28,"turns":7},{"damage":8,"enemies":"Book of Stabbing","floor":30,"turns":6},{"damage":8,"enemies":"Sentry and Sphere","floor":31,"turns":6},{"damage":65,"enemies":"Collector","floor":33,"turns":13},{"damage":0,"enemies":"3 Shapes","floor":35,"turns":8},{"damage":13,"enemies":"3 Darklings","floor":38,"turns":5},{"damage":9,"enemies":"Writhing Mass","floor":41,"turns":10},{"damage":7,"enemies":"Jaw Worm Horde","floor":46,"turns":3},{"damage":10,"enemies":"3 Darklings","floor":47,"turns":5},{"damage":25,"enemies":"Spire Growth","floor":48,"turns":5},{"damage":15,"enemies":"Awakened One","floor":50,"turns":23}],"seed_played":"-5065960728372423542","potions_obtained":[{"floor":1,"key":"SmokeBomb"},{"floor":14,"key":"FearPotion"},{"floor":16,"key":"Dexterity Potion"},{"floor":18,"key":"EssenceOfSteel"},{"floor":20,"key":"Explosive Potion"},{"floor":28,"key":"GhostInAJar"},{"floor":30,"key":"Poison Potion"},{"floor":31,"key":"Strength Potion"},{"floor":33,"key":"Poison Potion"},{"floor":35,"key":"Dexterity Potion"},{"floor":38,"key":"Energy Potion"},{"floor":41,"key":"Dexterity Potion"},{"floor":46,"key":"Strength Potion"},{"floor":47,"key":"SpeedPotion"},{"floor":48,"key":"GhostInAJar"}],"is_trial":false,"path_per_floor":["M","?","$","M","M","R","E","R","T","E","M","$","?","M","R","B",null,"M","$","M","?","M","R","?","R","T","R","M","R","E","M","R","B",null,"M","?","$","M","?","R","M","R","T","R","$","M","M","M","R","B",null],"character_chosen":"THE_SILENT","items_purchased":["Accuracy","Cloak And Dagger","Blade Dance","Tiny Chest","Dodge and Roll","Lantern"],"campfire_rested":5,"item_purchase_floors":[3,3,3,12,19,37],"current_hp_per_floor":[77,66,66,66,64,64,57,57,57,50,50,50,35,35,58,28,77,76,76,61,67,40,64,64,64,64,64,40,64,56,48,72,7,83,83,73,73,60,60,60,51,51,51,51,51,44,34,9,33,18],"gold":105,"neow_bonus":"TEN_PERCENT_HP_BONUS","is_prod":false,"is_daily":false,"chose_seed":false,"campfire_upgraded":7,"win_rate":0,"timestamp":1555629574,"path_taken":["M","?","$","M","M","R","E","R","T","E","M","$","?","M","R","BOSS","M","$","M","?","M","R","?","R","T","R","M","R","E","M","R","BOSS","M","?","$","M","?","R","M","R","T","R","$","M","M","?","R","BOSS"],"build_version":"2019-01-23","purchased_purges":2,"victory":true,"max_hp_per_floor":[77,77,77,77,77,77,77,77,77,77,77,77,77,77,77,77,77,77,77,77,83,83,83,83,83,83,83,83,83,83,83,83,83,83,83,83,83,83,83,83,83,83,83,83,83,83,83,83,83,83],"card_choices":[{"not_picked":["Flying Knee","PiercingWail"],"picked":"Dash","floor":1},{"not_picked":["PiercingWail","Catalyst"],"picked":"Cloak And Dagger","floor":4},{"not_picked":["Prepared","Quick Slash"],"picked":"Backstab","floor":5},{"not_picked":["PiercingWail","Blade Dance"],"picked":"Dagger Spray","floor":7},{"not_picked":["Flying Knee","Doppelganger"],"picked":"Backflip","floor":10},{"not_picked":["Flying Knee","Dash"],"picked":"Calculated Gamble","floor":11},{"not_picked":["Reflex","Blur"],"picked":"Infinite Blades","floor":14},{"not_picked":["Adrenaline","Corpse Explosion"],"picked":"Night Terror","floor":16},{"not_picked":["Deadly Poison+1","Terror+1"],"picked":"Footwork","floor":18},{"not_picked":["Acrobatics","Bane"],"picked":"Bouncing Flask+1","floor":20},{"not_picked":["Noxious Fumes","Deadly Poison","Underhanded Strike"],"picked":"SKIP","floor":28},{"not_picked":["Flying Knee","Well Laid Plans"],"picked":"Sucker Punch+1","floor":30},{"not_picked":["Deadly Poison","Poisoned Stab","Slice"],"picked":"SKIP","floor":31},{"not_picked":["Unload","Night Terror"],"picked":"Burst","floor":33},{"not_picked":["Deadly Poison+1","Calculated Gamble"],"picked":"Blade Dance+1","floor":35},{"not_picked":["Skewer","Dagger Throw","Quick Slash+1"],"picked":"SKIP","floor":38},{"not_picked":["Outmaneuver","Dagger Spray+1"],"picked":"Setup","floor":41},{"not_picked":["Leg Sweep","Poisoned Stab"],"picked":"Prepared+1","floor":46},{"not_picked":["Backflip","Dagger Throw+1"],"picked":"Choke+1","floor":47},{"not_picked":["Concentrate+1","Expertise+1","Outmaneuver"],"picked":"SKIP","floor":48}],"player_experience":222491,"relics_obtained":[{"floor":7,"key":"Boot"},{"floor":9,"key":"Potion Belt"},{"floor":10,"key":"Blue Candle"},{"floor":26,"key":"Thread and Needle"},{"floor":30,"key":"Incense Burner"},{"floor":43,"key":"Snake Skull"}],"event_choices":[{"damage_healed":0,"gold_gain":75,"player_choice":"Gather Gold","damage_taken":11,"max_hp_gain":0,"max_hp_loss":0,"event_name":"World of Goop","floor":2,"gold_loss":0},{"damage_healed":0,"gold_gain":0,"player_choice":"Entered Light","damage_taken":15,"max_hp_gain":0,"max_hp_loss":0,"event_name":"Shining Light","floor":13,"gold_loss":0,"cards_upgraded":["Survivor","Strike_G"]},{"damage_healed":0,"gold_gain":0,"player_choice":"Opened","damage_taken":0,"relics_obtained":["Darkstone Periapt"],"max_hp_gain":0,"max_hp_loss":0,"event_name":"The Mausoleum","floor":21,"gold_loss":0,"cards_obtained":["Writhe"]},{"damage_healed":0,"gold_gain":0,"player_choice":"Read","damage_taken":0,"max_hp_gain":0,"max_hp_loss":0,"event_name":"The Library","floor":24,"gold_loss":0,"cards_obtained":["Blur"]},{"damage_healed":0,"gold_gain":0,"player_choice":"Embrace Madness","damage_taken":10,"max_hp_gain":0,"max_hp_loss":0,"event_name":"Winding Halls","floor":36,"gold_loss":0,"cards_obtained":["Madness","Madness"]},{"damage_healed":0,"gold_gain":0,"player_choice":"Copied","damage_taken":0,"max_hp_gain":0,"max_hp_loss":0,"event_name":"Duplicator","floor":39,"gold_loss":0,"cards_obtained":["Footwork"]}],"is_beta":false,"boss_relics":[{"not_picked":["Pandora\u0027s Box","Coffee Dripper"],"picked":"White Beast Statue"},{"not_picked":["Philosopher\u0027s Stone","Tiny House"],"picked":"WristBlade"}],"items_purged_floors":[19,37],"is_endless":false,"potions_floor_spawned":[1,14,16,18,20,22,28,30,31,33,35,38,41,46,47,48],"ascension_level":2}