{"gold_per_floor":[214,214,67,78,88,116,126,126,126,144,162,177,195,227,227,331,331,347,78,95,95,195,224,224,235,345,360,360,110,110,142,142,243,243,259,64,76,76,87,117,117,152,152,179,179,179,199,199,199,199],"floor_reached":51,"playtime":3636,"items_purged":["Strike_R","Normality"],"score":983,"play_id":"818b57b7-dc2b-4ca9-a4d8-4918902dab64","local_time":"20190516164112","is_ascension_mode":true,"campfire_choices":[{"floor":8.0,"key":"REST"},{"floor":15.0,"key":"REST"},{"floor":24.0,"key":"REST"},{"data":"Flame Barrier","floor":28.0,"key":"SMITH"},{"data":"Uppercut","floor":30.0,"key":"SMITH"},{"data":"Flame Barrier","floor":32.0,"key":"SMITH"},{"floor":41,"key":"RECALL"},{"data":"Dual Wield","floor":46,"key":"SMITH"},{"floor":49,"key":"REST"}],"neow_cost":"NONE","seed_source_timestamp":0,"circlet_count":0,"master_deck":["Strike_R+1","Strike_R+1","Strike_R+1","Defend_R+1","Defend_R+1","Defend_R+1","Defend_R+1","Bash","Disarm","Inflame","Rage","Flame Barrier+1","Clothesline","Twin Strike","Shockwave","Twin Strike","Disarm","Offering","Dual Wield+1","Metallicize","Uppercut+1","Spot Weakness","Flame Barrier+1","Limit Break","Writhe","Heavy Blade+1","Flame Barrier+1","Apotheosis"],"special_seed":0,"relics":["Burning Blood","Regal Pillow","Dream Catcher","Mercury Hourglass","Cursed Key","Bronze Scales","Calipers","Matryoshka","Blood Vial","Tiny Chest","Dodecahedron","Happy Flower","The Courier","Snecko Eye","Bottled Tornado","Bottled Lightning","Anchor","Molten Egg 2","Strawberry","Omamori"],"potions_floor_usage":[44,50],"damage_taken":[{"damage":4.0,"enemies":"2 Louse","floor":1.0,"turns":3.0},{"damage":8.0,"enemies":"Cultist","floor":4.0,"turns":4.0},{"damage":8.0,"enemies":"Small Slimes","floor":5.0,"turns":4.0},{"damage":48.0,"enemies":"3 Sentries","floor":6.0,"turns":14.0},{"damage":2.0,"enemies":"3 Louse","floor":7.0,"turns":6.0},{"damage":32.0,"enemies":"Exordium Wildlife","floor":10.0,"turns":10.0},{"damage":14.0,"enemies":"Lots of Slimes","floor":11.0,"turns":5.0},{"damage":6.0,"enemies":"Blue Slaver","floor":12.0,"turns":6.0},{"damage":4.0,"enemies":"Looter","floor":13.0,"turns":4.0},{"damage":21.0,"enemies":"Lagavulin","floor":14.0,"turns":8.0},{"damage":21.0,"enemies":"Hexaghost","floor":16.0,"turns":11.0},{"damage":10.0,"enemies":"3 Byrds","floor":18.0,"turns":4.0},{"damage":12.0,"enemies":"2 Thieves","floor":20.0,"turns":4.0},{"damage":18.0,"enemies":"Colosseum Slavers","floor":22.0,"turns":4.0},{"damage":20.0,"enemies":"Colosseum Nobs","floor":22.0,"turns":5.0},{"damage":21.0,"enemies":"Gremlin Leader","floor":23.0,"turns":8.0},{"damage":15.0,"enemies":"Centurion and Healer","floor":25.0,"turns":6.0},{"damage":6.0,"enemies":"Snake Plant","floor":27.0,"turns":4.0},{"damage":7.0,"enemies":"Book of Stabbing","floor":31.0,"turns":5.0},{"damage":31.0,"enemies":"Collector","floor":33.0,"turns":11.0},{"damage":10.0,"enemies":"3 Shapes","floor":35.0,"turns":7.0},{"damage":17.0,"enemies":"3 Darklings","floor":37.0,"turns":5.0},{"damage":6,"enemies":"4 Shapes","floor":39,"turns":6},{"damage":14,"enemies":"Nemesis","floor":40,"turns":11},{"damage":48,"enemies":"Giant Head","floor":42,"turns":10},{"damage":4,"enemies":"Reptomancer","floor":44,"turns":5},{"damage":0,"enemies":"Writhing Mass","floor":47,"turns":3},{"damage":14,"enemies":"Donu and Deca","floor":50,"turns":8}],"seed_played":"-4670881969322807415","potions_obtained":[{"floor":1.0,"key":"Block Potion"},{"floor":4.0,"key":"SpeedPotion"},{"floor":6.0,"key":"Block Potion"},{"floor":11.0,"key":"Fruit Juice"},{"floor":12.0,"key":"Fire Potion"},{"floor":14.0,"key":"Weak Potion"},{"floor":20.0,"key":"Explosive Potion"},{"floor":23.0,"key":"Dexterity Potion"},{"floor":25.0,"key":"Block Potion"},{"floor":31.0,"key":"Energy Potion"},{"floor":33.0,"key":"Energy Potion"},{"floor":39,"key":"Fire Potion"},{"floor":42,"key":"AttackPotion"},{"floor":47,"key":"SpeedPotion"}],"is_trial":false,"path_per_floor":["M","?","$","M","M","E","M","R","T","M","M","M","M","E","R","B",null,"M","$","M","?","?","E","R","M","T","M","R","$","R","E","R","B",null,"M","$","M","?","M","E","R","E","T","E","?","R","M","?","R","B",null],"character_chosen":"IRONCLAD","items_purchased":["Inflame","Dual Wield","Metallicize","Bronze Scales","Happy Flower","Bottled Tornado"],"campfire_rested":4,"item_purchase_floors":[3,19,19,19,29,36],"current_hp_per_floor":[74,74,74,72,70,28,32,71,71,45,42,42,44,29,69,54,77,73,73,67,67,41,26,66,59,59,61,61,61,61,62,62,39,74,72,72,63,85,85,77,77,37,44,48,48,48,56,56,92,84],"gold":199,"neow_bonus":"HUNDRED_GOLD","is_prod":false,"is_daily":false,"chose_seed":false,"campfire_upgraded":4,"win_rate":0,"timestamp":1558050072,"path_taken":["M","?","$","M","M","E","M","R","T","M","M","?","M","E","R","BOSS","M","$","M","?","?","E","R","M","T","M","R","$","R","E","R","BOSS","M","$","M","?","?","E","R","E","T","E","?","R","M","?","R","BOSS"],"build_version":"2019-01-23","purchased_purges":2,"victory":true,"max_hp_per_floor":[80,80,80,80,80,80,80,80,80,80,85,85,85,85,85,85,85,85,85,85,85,85,85,85,85,85,85,85,85,85,85,85,85,85,85,85,85,85,85,85,85,85,92,92,92,92,92,92,92,92],"card_choices":[{"not_picked":["Clothesline","Warcry"],"picked":"Disarm","floor":1.0},{"not_picked":["Battle Trance","Perfected Strike"],"picked":"Rage","floor":4.0},{"not_picked":["Anger","Headbutt","Body Slam"],"picked":"SKIP","floor":5.0},{"not_picked":["Ghostly Armor","Barricade"],"picked":"Flame Barrier","floor":6.0},{"not_picked":["Sword Boomerang","Hemokinesis"],"picked":"Clothesline","floor":7.0},{"not_picked":["Heavy Blade","Battle Trance"],"picked":"Twin Strike","floor":10.0},{"not_picked":["Havoc","Entrench"],"picked":"Shockwave","floor":11.0},{"not_picked":["Entrench","Armaments","Clothesline"],"picked":"SKIP","floor":12.0},{"not_picked":["Dropkick","Second Wind"],"picked":"Twin Strike","floor":13.0},{"not_picked":["Reckless Charge","Wild Strike"],"picked":"Disarm","floor":14.0},{"not_picked":["Feed","Dark Embrace"],"picked":"Offering","floor":16.0},{"not_picked":["Evolve","Clothesline","Dual Wield"],"picked":"SKIP","floor":18.0},{"not_picked":["Twin Strike","Dual Wield","Anger"],"picked":"SKIP","floor":20.0},{"not_picked":["Cleave","Sword Boomerang","Blood for Blood"],"picked":"SKIP","floor":23.0},{"not_picked":["Battle Trance","Clash+1"],"picked":"Uppercut","floor":24.0},{"not_picked":["Hemokinesis+1","Power Through"],"picked":"Spot Weakness","floor":25.0},{"not_picked":["Body Slam","Pommel Strike+1"],"picked":"Flame Barrier","floor":27.0},{"not_picked":["Reaper","Wild Strike"],"picked":"Seeing Red","floor":31.0},{"not_picked":["Barricade","Brutality"],"picked":"Limit Break","floor":33.0},{"not_picked":["Feel No Pain+1","True Grit","Battle Trance+1"],"picked":"SKIP","floor":35.0},{"not_picked":["Body Slam+1","Flex","Sword Boomerang+1"],"picked":"SKIP","floor":37.0},{"not_picked":["Armaments","Cleave","Double Tap"],"picked":"SKIP","floor":39},{"not_picked":["Ghostly Armor","Sentinel","Exhume"],"picked":"SKIP","floor":40},{"not_picked":["Anger","Evolve+1","Infernal Blade"],"picked":"SKIP","floor":42},{"not_picked":["True Grit","Intimidate+1"],"picked":"Heavy Blade+1","floor":44},{"not_picked":["Thunderclap+1","Headbutt+1"],"picked":"Flame Barrier+1","floor":47},{"not_picked":["Deep Breath","Panacea"],"picked":"Apotheosis","floor":48}],"player_experience":318991,"relics_obtained":[{"floor":6.0,"key":"Regal Pillow"},{"floor":9.0,"key":"Dream Catcher"},{"floor":14.0,"key":"Mercury Hourglass"},{"floor":22.0,"key":"Calipers"},{"floor":22.0,"key":"Matryoshka"},{"floor":23.0,"key":"Blood Vial"},{"floor":26.0,"key":"Tiny Chest"},{"floor":26.0,"key":"Dodecahedron"},{"floor":31.0,"key":"The Courier"},{"floor":40,"key":"Bottled Lightning"},{"floor":42,"key":"Anchor"},{"floor":43,"key":"Molten Egg 2"},{"floor":43,"key":"Strawberry"},{"floor":44,"key":"Omamori"}],"event_choices":[{"cards_removed":["Strike_R"],"damage_healed":0.0,"max_hp_gain":0.0,"max_hp_loss":0.0,"gold_gain":0.0,"event_name":"Wheel of Change","player_choice":"Card Removal","floor":2.0,"gold_loss":0.0,"damage_taken":0.0},{"damage_healed":0.0,"max_hp_gain":0.0,"max_hp_loss":0.0,"gold_gain":0.0,"event_name":"Back to Basics","player_choice":"Simplicity","floor":21.0,"gold_loss":0.0,"damage_taken":0.0,"cards_upgraded":["Strike_R","Strike_R","Strike_R","Defend_R","Defend_R","Defend_R","Defend_R"]},{"damage_healed":0.0,"max_hp_gain":0.0,"max_hp_loss":0.0,"gold_gain":0.0,"event_name":"Colosseum","player_choice":"Fight","floor":22.0,"gold_loss":0.0,"damage_taken":0.0},{"damage_healed":0.0,"max_hp_gain":0.0,"max_hp_loss":0.0,"gold_gain":0.0,"event_name":"Colosseum","player_choice":"Fought Nobs","floor":22.0,"gold_loss":0.0,"damage_taken":0.0},{"damage_healed":22.0,"max_hp_gain":0.0,"max_hp_loss":0.0,"gold_gain":0.0,"event_name":"Wheel of Change","player_choice":"Full Heal","floor":38.0,"gold_loss":0.0,"damage_taken":0.0},{"cards_removed":["Seeing Red"],"damage_healed":0,"gold_gain":0,"player_choice":"Removed Skill","damage_taken":0,"max_hp_gain":0,"max_hp_loss":0,"event_name":"Falling","floor":45,"gold_loss":0},{"damage_healed":0,"gold_gain":0,"player_choice":"Memory 1","damage_taken":0,"max_hp_gain":0,"max_hp_loss":0,"event_name":"SensoryStone","floor":48,"gold_loss":0}],"is_beta":false,"boss_relics":[{"not_picked":["Pandora\u0027s Box","Fusion Hammer"],"picked":"Cursed Key"},{"not_picked":["Eternal Feather","Coffee Dripper"],"picked":"Snecko Eye"}],"items_purged_floors":[3,29],"is_endless":false,"potions_floor_spawned":[1,4,6,11,12,14,20,22,23,25,31,33,39,42,47],"ascension_level":6}