{"gold_per_floor":[13,33,33,43,43,43,61,61,87,112,112,37,72,90,90,185,185,195,195,205,222,222,247,247,277,277,277,297,197,72,72,72,169,169,187,204,54,54,154,154],"floor_reached":40,"playtime":1890,"items_purged":["Strike_R","Strike_R","Defend_R","Warcry"],"score":686,"play_id":"a459990f-1046-4a89-bc8c-89b9da50de76","local_time":"20190404002438","is_ascension_mode":true,"campfire_choices":[{"data":"True Grit","floor":6.0,"key":"SMITH"},{"data":"Bash","floor":11.0,"key":"SMITH"},{"data":"Bludgeon","floor":15.0,"key":"SMITH"},{"floor":27.0,"key":"REST"},{"floor":32.0,"key":"REST"}],"neow_cost":"NO_GOLD","seed_source_timestamp":451110462780829,"circlet_count":0,"master_deck":["AscendersBane","Strike_R","Strike_R","Defend_R","Defend_R","Bash+1","Bludgeon+1","Dropkick","Finesse","True Grit+1","Warcry+1"],"special_seed":0,"relics":["Burning Blood","Potion Belt","Oddly Smooth Stone","Dream Catcher","Bag of Marbles","Sozu","Bag of Preparation","Toxic Egg 2","Strawberry","Darkstone Periapt","Sundial","GremlinMask","Eternal Feather","Du-Vu Doll"],"potions_floor_usage":[40,40],"damage_taken":[{"damage":11.0,"enemies":"Small Slimes","floor":1.0,"turns":4.0},{"damage":0.0,"enemies":"Cultist","floor":2.0,"turns":3.0},{"damage":7.0,"enemies":"Jaw Worm","floor":4.0,"turns":3.0},{"damage":7.0,"enemies":"Large Slime","floor":7.0,"turns":4.0},{"damage":30.0,"enemies":"Gremlin Nob","floor":10.0,"turns":5.0},{"damage":34.0,"enemies":"3 Sentries","floor":13.0,"turns":7.0},{"damage":12.0,"enemies":"Gremlin Gang","floor":14.0,"turns":5.0},{"damage":14.0,"enemies":"The Guardian","floor":16.0,"turns":8.0},{"damage":13.0,"enemies":"Spheric Guardian","floor":18.0,"turns":4.0},{"damage":12.0,"enemies":"3 Byrds","floor":20.0,"turns":5.0},{"damage":4.0,"enemies":"Centurion and Healer","floor":21.0,"turns":4.0},{"damage":22.0,"enemies":"Book of Stabbing","floor":23.0,"turns":4.0},{"damage":29.0,"enemies":"Slavers","floor":25.0,"turns":7.0},{"damage":18.0,"enemies":"Sentry and Sphere","floor":28.0,"turns":5.0},{"damage":16.0,"enemies":"Collector","floor":33.0,"turns":7.0},{"damage":20.0,"enemies":"3 Shapes","floor":35.0,"turns":3.0},{"damage":10.0,"enemies":"3 Darklings","floor":36.0,"turns":7.0},{"damage":0.0,"enemies":"Mind Bloom Boss Battle","floor":39.0,"turns":5.0},{"damage":81,"enemies":"Nemesis","floor":40,"turns":4}],"seed_played":"-2368684252148635179","potions_obtained":[{"floor":1.0,"key":"Regen Potion"},{"floor":2.0,"key":"Dexterity Potion"},{"floor":13.0,"key":"BloodPotion"},{"floor":14.0,"key":"BloodPotion"},{"floor":16.0,"key":"FearPotion"}],"is_trial":false,"path_per_floor":["M","M","?","M","?","R","M","?","T","E","R","$","E","M","R","B",null,"M","?","M","M","T","E","?","E","T","R","M","$","$","?","R","B",null,"M","M","$","?","?","E"],"character_chosen":"IRONCLAD","items_purchased":[],"campfire_rested":2,"item_purchase_floors":[],"current_hp_per_floor":[67,73,73,72,72,72,71,64,64,40,40,40,27,21,21,13,63,56,56,50,52,52,36,43,20,20,46,34,34,34,34,60,50,78,64,60,60,60,66,0],"gold":154,"neow_bonus":"TRANSFORM_TWO_CARDS","is_prod":false,"is_daily":false,"chose_seed":false,"campfire_upgraded":3,"win_rate":0,"timestamp":1554330278,"path_taken":["M","M","?","?","?","R","M","?","T","E","R","$","E","M","R","BOSS","M","?","M","M","?","E","?","E","T","R","?","?","$","?","R","BOSS","M","M","$","?","?","E"],"build_version":"2019-01-23","purchased_purges":4,"victory":false,"max_hp_per_floor":[80,80,80,80,80,80,80,80,80,80,80,80,80,80,80,80,80,80,80,80,80,80,80,87,87,87,87,87,87,87,87,87,87,87,87,87,87,87,87,87],"card_choices":[{"not_picked":["Pummel","Rage"],"picked":"Dropkick","floor":1.0},{"not_picked":["Anger","Pommel Strike","Armaments"],"picked":"SKIP","floor":2.0},{"not_picked":["Sword Boomerang","Thunderclap"],"picked":"True Grit","floor":4.0},{"not_picked":["Heavy Blade","Body Slam","Flex"],"picked":"SKIP","floor":7.0},{"not_picked":["Perfected Strike","Disarm","Second Wind"],"picked":"SKIP","floor":10.0},{"not_picked":["Thunderclap","Brutality","Wild Strike"],"picked":"SKIP","floor":13.0},{"not_picked":["Uppercut","Clash"],"picked":"Warcry","floor":14.0},{"not_picked":["Flex","Feel No Pain+1","Ghostly Armor"],"picked":"SKIP","floor":18.0},{"not_picked":["Clash+1","Flame Barrier","Hemokinesis+1"],"picked":"SKIP","floor":20.0},{"not_picked":["Havoc","Heavy Blade","Iron Wave"],"picked":"SKIP","floor":21.0},{"not_picked":["Rupture+1","Impervious","Iron Wave"],"picked":"SKIP","floor":23.0},{"not_picked":["Pommel Strike","True Grit+1","Power Through+1"],"picked":"SKIP","floor":25.0},{"not_picked":["Dual Wield+1","Heavy Blade"],"picked":"Warcry+1","floor":27.0},{"not_picked":["Twin Strike","Flex+1","Metallicize"],"picked":"SKIP","floor":28.0},{"not_picked":["Clothesline+1","Sword Boomerang","Anger"],"picked":"SKIP","floor":35.0},{"not_picked":["Warcry+1","Havoc+1","Feed"],"picked":"SKIP","floor":36.0}],"player_experience":198161,"relics_obtained":[{"floor":9.0,"key":"Oddly Smooth Stone"},{"floor":10.0,"key":"Dream Catcher"},{"floor":13.0,"key":"Bag of Marbles"},{"floor":22.0,"key":"Bag of Preparation"},{"floor":23.0,"key":"Toxic Egg 2"},{"floor":25.0,"key":"Darkstone Periapt"},{"floor":26.0,"key":"Sundial"},{"floor":39.0,"key":"Du-Vu Doll"}],"event_choices":[{"damage_healed":0.0,"max_hp_gain":0.0,"max_hp_loss":0.0,"gold_gain":0.0,"event_name":"Match and Keep!","player_choice":"2 cards matched","floor":3.0,"gold_loss":0.0,"damage_taken":0.0,"cards_obtained":["Bash","Finesse"]},{"cards_removed":["Bash"],"damage_healed":0.0,"max_hp_gain":0.0,"max_hp_loss":0.0,"gold_gain":0.0,"event_name":"Living Wall","player_choice":"Forget","floor":5.0,"gold_loss":0.0,"damage_taken":0.0},{"damage_healed":0.0,"max_hp_gain":0.0,"max_hp_loss":0.0,"gold_gain":0.0,"event_name":"Scrap Ooze","player_choice":"Success","floor":8.0,"gold_loss":0.0,"damage_taken":7.0,"relics_obtained":["Potion Belt"]},{"damage_healed":0.0,"max_hp_gain":0.0,"max_hp_loss":0.0,"gold_gain":0.0,"event_name":"Vampires","player_choice":"Ignored","floor":19.0,"gold_loss":0.0,"damage_taken":0.0},{"damage_healed":0.0,"max_hp_gain":0.0,"max_hp_loss":0.0,"gold_gain":0.0,"event_name":"WeMeetAgain","player_choice":"Gave Potion","floor":24.0,"gold_loss":0.0,"damage_taken":0.0,"relics_obtained":["Strawberry"]},{"damage_healed":0.0,"max_hp_gain":0.0,"max_hp_loss":0.0,"gold_gain":0.0,"event_name":"FaceTrader","player_choice":"Trade","floor":31.0,"gold_loss":0.0,"damage_taken":0.0,"relics_obtained":["GremlinMask"]},{"cards_removed":["Clothesline"],"damage_healed":0.0,"max_hp_gain":0.0,"max_hp_loss":0.0,"gold_gain":0.0,"event_name":"Falling","player_choice":"Removed Attack","floor":38.0,"gold_loss":0.0,"damage_taken":0.0},{"damage_healed":0.0,"max_hp_gain":0.0,"max_hp_loss":0.0,"gold_gain":0.0,"event_name":"MindBloom","player_choice":"Fight","floor":39.0,"gold_loss":0.0,"damage_taken":0.0}],"is_beta":false,"boss_relics":[{"not_picked":["Lizard Tail","Philosopher\u0027s Stone"],"picked":"Sozu"},{"not_picked":["Calling Bell","Orrery"],"picked":"Eternal Feather"}],"items_purged_floors":[12,29,30,37],"is_endless":false,"potions_floor_spawned":[1,2,13,14,16,18,28,33,36,39],"killed_by":"Nemesis","ascension_level":10}