{"gold_per_floor":[118,128,128,128,53,53,70,105,105,105,82,111,121,121,121,221,221,238,238,238,250,102,135,146,178,205,205,233,233,268,268],"floor_reached":31,"playtime":1343,"items_purged":["Regret","Pain"],"score":472,"play_id":"291664e2-12c0-4e02-8aa9-6c32317064d4","local_time":"20190315172140","is_ascension_mode":true,"campfire_choices":[{"data":"Cloak And Dagger","floor":6.0,"key":"SMITH"},{"data":"Neutralize","floor":10.0,"key":"SMITH"},{"floor":15.0,"key":"REST"},{"data":"Bite","floor":27,"key":"SMITH"},{"data":"Bite","floor":29,"key":"SMITH"}],"neow_cost":"TEN_PERCENT_HP_LOSS","seed_source_timestamp":109142452133330,"circlet_count":0,"master_deck":["Defend_G","Defend_G","Defend_G","Defend_G","Defend_G","Survivor","Neutralize+1","Cloak And Dagger+1","Cloak And Dagger+1","Dagger Spray","Corpse Explosion+1","Dagger Throw","Reflex+1","Parasite","Unload","Deflect+1","Bite+1","Bite+1","Bite","Bite","Bite","Reflex+1","Deflect+1","Underhanded Strike+1","Concentrate+1","Bullet Time+1","Footwork"],"special_seed":0,"relics":["Ring of the Serpent","WingedGreaves","Tingsha","Toxic Egg 2","Potion Belt","WarpedTongs","PreservedInsect","Snake Skull","Omamori","Pantograph","Lantern"],"potions_floor_usage":[23,28],"damage_taken":[{"damage":0.0,"enemies":"Small Slimes","floor":1.0,"turns":3.0},{"damage":3.0,"enemies":"2 Louse","floor":2.0,"turns":3.0},{"damage":0.0,"enemies":"Cultist","floor":7.0,"turns":4.0},{"damage":25.0,"enemies":"Gremlin Nob","floor":8.0,"turns":4.0},{"damage":11.0,"enemies":"3 Sentries","floor":12.0,"turns":3.0},{"damage":0.0,"enemies":"Blue Slaver","floor":13.0,"turns":3.0},{"damage":42.0,"enemies":"The Guardian","floor":16.0,"turns":12.0},{"damage":0.0,"enemies":"Spheric Guardian","floor":18.0,"turns":3.0},{"damage":9.0,"enemies":"3 Byrds","floor":21.0,"turns":3.0},{"damage":21,"enemies":"Book of Stabbing","floor":23,"turns":5},{"damage":3,"enemies":"Centurion and Healer","floor":24,"turns":5},{"damage":10,"enemies":"Gremlin Leader","floor":25,"turns":6},{"damage":18,"enemies":"Slavers","floor":28,"turns":2},{"damage":12,"enemies":"Gremlin Leader","floor":30,"turns":5},{"damage":23,"enemies":"Snecko","floor":31,"turns":4}],"seed_played":"-7375756236283669581","potions_obtained":[{"floor":2.0,"key":"Swift Potion"},{"floor":8.0,"key":"SkillPotion"},{"floor":12.0,"key":"Block Potion"},{"floor":16.0,"key":"EssenceOfSteel"},{"floor":18.0,"key":"Strength Potion"},{"floor":23,"key":"LiquidBronze"}],"is_trial":false,"path_per_floor":["M","M","?","?","$","R","M","E","T","R","$","E","M","?","R","B",null,"M","?","?","M","$","E","M","E","T","R","E","R","E","M"],"character_chosen":"THE_SILENT","items_purchased":["Dagger Throw","Deflect+1"],"campfire_rested":1,"item_purchase_floors":[11,22],"current_hp_per_floor":[63,60,60,47,47,47,47,22,22,22,22,11,11,26,44,2,48,48,44,44,41,41,26,29,31,31,31,15,15,14,0],"gold":268,"neow_bonus":"ONE_RARE_RELIC","is_prod":false,"is_daily":false,"chose_seed":false,"campfire_upgraded":4,"win_rate":0,"timestamp":1552666900,"path_taken":["M","M","?","?","$","R","M","E","T","R","$","E","M","?","R","BOSS","M","?","?","?","$","E","M","E","T","R","E","R","E","M"],"build_version":"2019-01-23","purchased_purges":2,"victory":false,"max_hp_per_floor":[63,63,63,63,63,63,63,63,63,63,63,63,63,63,63,63,63,63,44,44,44,44,44,44,44,44,44,44,44,44,44],"card_choices":[{"not_picked":["Outmaneuver","Deadly Poison"],"picked":"Cloak And Dagger","floor":1.0},{"not_picked":["Dagger Throw","Tactician"],"picked":"Cloak And Dagger","floor":2.0},{"not_picked":["Flying Knee","Sucker Punch"],"picked":"Dagger Spray","floor":7.0},{"not_picked":["Endless Agony","Storm of Steel"],"picked":"Corpse Explosion","floor":8.0},{"not_picked":["Flechettes","Deflect+1","Quick Slash"],"picked":"SKIP","floor":12.0},{"not_picked":["Flying Knee","Bane"],"picked":"Reflex+1","floor":13.0},{"not_picked":["Envenom","Venomology+1"],"picked":"Unload","floor":16.0},{"not_picked":["Outmaneuver+1","Deadly Poison+1"],"picked":"Deflect+1","floor":18.0},{"not_picked":["PiercingWail+1","Backflip+1"],"picked":"Reflex+1","floor":21.0},{"not_picked":["Accuracy","Deflect+1"],"picked":"Underhanded Strike+1","floor":23},{"not_picked":["Backflip+1","Poisoned Stab","Dagger Spray"],"picked":"SKIP","floor":24},{"not_picked":["Backflip+1","Reflex+1"],"picked":"Concentrate+1","floor":25},{"not_picked":["Acrobatics+1","Unload"],"picked":"Bullet Time+1","floor":28},{"not_picked":["Acrobatics+1","Finisher"],"picked":"Footwork","floor":30}],"player_experience":99317,"relics_obtained":[{"floor":8.0,"key":"Toxic Egg 2"},{"floor":12.0,"key":"Potion Belt"},{"floor":23,"key":"PreservedInsect"},{"floor":25,"key":"Snake Skull"},{"floor":26,"key":"Omamori"},{"floor":28,"key":"Pantograph"},{"floor":30,"key":"Lantern"}],"event_choices":[{"damage_healed":0.0,"max_hp_gain":0.0,"max_hp_loss":0.0,"gold_gain":0.0,"event_name":"Big Fish","player_choice":"Box","floor":3.0,"gold_loss":0.0,"damage_taken":0.0,"relics_obtained":["Tingsha"],"cards_obtained":["Regret"]},{"damage_healed":0.0,"max_hp_gain":0.0,"max_hp_loss":0.0,"gold_gain":0.0,"event_name":"Shining Light","player_choice":"Entered Light","floor":4.0,"gold_loss":0.0,"damage_taken":13.0,"cards_upgraded":["Strike_G","Cloak And Dagger"]},{"damage_healed":15.0,"max_hp_gain":0.0,"max_hp_loss":0.0,"gold_gain":0.0,"event_name":"Mushrooms","player_choice":"Healed and dodged fight","floor":14.0,"gold_loss":0.0,"damage_taken":0.0,"cards_obtained":["Parasite"]},{"damage_healed":0.0,"max_hp_gain":0.0,"max_hp_loss":19.0,"gold_gain":0.0,"event_name":"Vampires","player_choice":"Became a vampire","floor":19.0,"gold_loss":0.0,"damage_taken":0.0,"cards_obtained":["Bite","Bite","Bite","Bite","Bite"]},{"damage_healed":0.0,"max_hp_gain":0.0,"max_hp_loss":0.0,"gold_gain":0.0,"event_name":"Accursed Blacksmith","player_choice":"Rummage","floor":20.0,"gold_loss":0.0,"damage_taken":0.0,"relics_obtained":["WarpedTongs"],"cards_obtained":["Pain"]}],"is_beta":false,"boss_relics":[{"not_picked":["Fusion Hammer","Velvet Choker"],"picked":"Ring of the Serpent"}],"items_purged_floors":[5,22],"is_endless":false,"potions_floor_spawned":[2,8,12,16,18,23],"killed_by":"Snecko","ascension_level":6}