{"gold_per_floor":[363,377,377,124,124,124,141,175,252,269,301,301,301,336,336,433,433,453,552,169,183,202,202,202,127,127,127,160,160,187,187,187,286,286,305,305,319,331,133,163,163,178,178,206,206,235,235,255,255,255],"floor_reached":51,"playtime":2618,"items_purged":["Strike_R","Strike_R","Defend_R"],"score":1255,"play_id":"f3f1aefd-e170-4e8f-ade5-1a681f95fc9c","local_time":"20190330163938","is_ascension_mode":true,"campfire_choices":[{"data":"Bash","floor":6,"key":"SMITH"},{"data":"Inflame","floor":13,"key":"SMITH"},{"data":"True Grit","floor":15,"key":"SMITH"},{"floor":23,"key":"REST"},{"floor":29,"key":"REST"},{"floor":32,"key":"REST"},{"data":"1","floor":41,"key":"LIFT"},{"floor":47,"key":"REST"},{"floor":49,"key":"REST"}],"neow_cost":"PERCENT_DAMAGE","seed_source_timestamp":80530622370247,"circlet_count":0,"master_deck":["Strike_R+1","Strike_R","Strike_R","Defend_R","Defend_R","Defend_R","Bash+1","Twin Strike","Shrug It Off+1","True Grit+1","Dropkick","Inflame+1","Inflame","Double Tap+1","Havoc+1","Madness+1","Reaper","True Grit+1"],"relics":["Burning Blood","Red Skull","Toxic Egg 2","Calipers","Pear","Runic Pyramid","Medical Kit","Bottled Flame","Incense Burner","Torii","Smiling Mask","Busted Crown","Bag of Marbles","Girya","Pen Nib","Unceasing Top","Bronze Scales"],"potions_floor_usage":[8,11,14,21,28,28,30,42],"damage_taken":[{"damage":1,"enemies":"Cultist","floor":1,"turns":3},{"damage":7,"enemies":"Small Slimes","floor":2,"turns":4},{"damage":2,"enemies":"Jaw Worm","floor":7,"turns":4},{"damage":20,"enemies":"Gremlin Nob","floor":8,"turns":4},{"damage":8,"enemies":"3 Louse","floor":10,"turns":3},{"damage":0,"enemies":"3 Sentries","floor":11,"turns":7},{"damage":0,"enemies":"Gremlin Nob","floor":14,"turns":2},{"damage":38,"enemies":"Slime Boss","floor":16,"turns":5},{"damage":21,"enemies":"Chosen","floor":18,"turns":5},{"damage":12,"enemies":"2 Thieves","floor":21,"turns":3},{"damage":41,"enemies":"Cultist and Chosen","floor":22,"turns":5},{"damage":55,"enemies":"Slavers","floor":28,"turns":5},{"damage":47,"enemies":"Book of Stabbing","floor":30,"turns":6},{"damage":90,"enemies":"Automaton","floor":33,"turns":9},{"damage":1,"enemies":"3 Shapes","floor":35,"turns":7},{"damage":49,"enemies":"Orb Walker","floor":37,"turns":6},{"damage":48,"enemies":"Spire Growth","floor":38,"turns":5},{"damage":35,"enemies":"Giant Head","floor":40,"turns":6},{"damage":36,"enemies":"Sphere and 2 Shapes","floor":42,"turns":4},{"damage":108,"enemies":"Reptomancer","floor":44,"turns":5},{"damage":0,"enemies":"Giant Head","floor":46,"turns":5},{"damage":34,"enemies":"4 Shapes","floor":48,"turns":8},{"damage":73,"enemies":"Awakened One","floor":50,"turns":7}],"seed_played":"-4100817790628459140","potions_obtained":[{"floor":1,"key":"Swift Potion"},{"floor":7,"key":"Strength Potion"},{"floor":11,"key":"Fire Potion"},{"floor":16,"key":"SteroidPotion"},{"floor":18,"key":"PowerPotion"},{"floor":28,"key":"AttackPotion"},{"floor":30,"key":"FairyPotion"},{"floor":33,"key":"GamblersBrew"},{"floor":35,"key":"Strength Potion"},{"floor":36,"key":"FairyPotion"},{"floor":38,"key":"SkillPotion"},{"floor":46,"key":"Energy Potion"}],"is_trial":false,"path_per_floor":["M","M","?","$","?","R","M","E","T","M","E","?","R","E","R","B",null,"M","?","$","M","M","R","T","?","T","?","E","R","E","?","R","B",null,"M","?","M","M","$","E","R","M","T","E","?","E","R","M","R","B",null],"character_chosen":"IRONCLAD","items_purchased":["True Grit","Dropkick","Block Potion","Medical Kit","Madness+1","Bag of Marbles"],"campfire_rested":5,"item_purchase_floors":[4,4,4,20,20,39],"current_hp_per_floor":[56,55,39,39,39,39,43,29,29,27,33,33,33,49,49,17,72,57,57,57,51,16,43,43,43,43,43,24,51,23,53,80,8,70,90,90,60,38,38,42,42,58,58,15,15,34,61,57,84,45],"gold":255,"neow_bonus":"TWO_FIFTY_GOLD","is_prod":false,"is_daily":false,"chose_seed":false,"campfire_upgraded":3,"win_rate":0,"timestamp":1553960378,"path_taken":["M","M","?","$","?","R","M","E","T","?","E","?","R","E","R","BOSS","M","?","$","M","M","R","?","?","T","?","E","R","E","?","R","BOSS","M","?","?","M","$","E","R","?","T","E","?","E","R","M","R","BOSS"],"build_version":"2019-01-23","purchased_purges":3,"victory":true,"max_hp_per_floor":[80,80,80,80,80,80,80,80,80,80,80,80,80,90,90,90,90,90,90,90,90,90,90,90,90,90,90,90,90,90,90,90,90,90,90,90,90,90,90,90,90,90,90,90,90,90,90,90,90,90],"card_choices":[{"not_picked":["Reckless Charge","Warcry"],"picked":"Twin Strike","floor":1},{"not_picked":["Perfected Strike","Twin Strike"],"picked":"Shrug It Off","floor":2},{"not_picked":["Iron Wave","Sentinel"],"picked":"Headbutt","floor":7},{"not_picked":["Metallicize","Clash","Dark Embrace"],"picked":"SKIP","floor":8},{"not_picked":["Metallicize","Clash","Dark Embrace"],"picked":"SKIP","floor":8},{"not_picked":["Shockwave+1","Twin Strike","Headbutt"],"picked":"SKIP","floor":10},{"not_picked":["Twin Strike","Battle Trance+1"],"picked":"Inflame","floor":11},{"not_picked":["Evolve","Juggernaut"],"picked":"Inflame","floor":14},{"not_picked":["Exhume+1","Berserk"],"picked":"Double Tap+1","floor":16},{"not_picked":["Disarm+1","Warcry+1"],"picked":"Havoc+1","floor":18},{"not_picked":["Sever Soul","Pommel Strike","Uppercut+1"],"picked":"SKIP","floor":21},{"not_picked":["Wild Strike","True Grit+1"],"picked":"Reaper","floor":22},{"not_picked":["Warcry+1","Limit Break+1","Disarm+1"],"picked":"SKIP","floor":28},{"not_picked":["Blood for Blood","Fire Breathing","Spot Weakness+1"],"picked":"SKIP","floor":30},{"not_picked":[],"picked":"True Grit+1","floor":35},{"not_picked":["Feel No Pain+1"],"picked":"SKIP","floor":37},{"not_picked":["Pommel Strike+1"],"picked":"SKIP","floor":38},{"not_picked":["Wild Strike"],"picked":"SKIP","floor":40},{"not_picked":["Fire Breathing+1"],"picked":"SKIP","floor":42},{"not_picked":["Headbutt"],"picked":"SKIP","floor":44},{"not_picked":["Sword Boomerang"],"picked":"SKIP","floor":46},{"not_picked":["True Grit+1"],"picked":"SKIP","floor":48}],"player_experience":173151,"relics_obtained":[{"floor":8,"key":"Red Skull"},{"floor":9,"key":"Toxic Egg 2"},{"floor":11,"key":"Calipers"},{"floor":14,"key":"Pear"},{"floor":24,"key":"Bottled Flame"},{"floor":26,"key":"Incense Burner"},{"floor":28,"key":"Torii"},{"floor":30,"key":"Smiling Mask"},{"floor":40,"key":"Girya"},{"floor":43,"key":"Pen Nib"},{"floor":44,"key":"Unceasing Top"},{"floor":46,"key":"Bronze Scales"}],"event_choices":[{"damage_healed":0,"gold_gain":0,"player_choice":"Entered Light","damage_taken":16,"max_hp_gain":0,"max_hp_loss":0,"event_name":"Shining Light","floor":3,"gold_loss":0,"cards_upgraded":["Shrug It Off","Strike_R"]},{"damage_healed":0,"gold_gain":0,"player_choice":"Bought 0 Potions","damage_taken":0,"max_hp_gain":0,"max_hp_loss":0,"event_name":"The Woman in Blue","floor":5,"gold_loss":0},{"damage_healed":0,"gold_gain":0,"player_choice":"Searched \u00271\u0027 times","damage_taken":0,"max_hp_gain":0,"max_hp_loss":0,"event_name":"Dead Adventurer","floor":12,"gold_loss":0},{"damage_healed":0,"gold_gain":99,"player_choice":"Stole From Cult","damage_taken":0,"max_hp_gain":0,"max_hp_loss":0,"event_name":"Nest","floor":19,"gold_loss":0},{"cards_removed":["Headbutt"],"damage_healed":0,"gold_gain":0,"player_choice":"Gave Gold","damage_taken":0,"max_hp_gain":0,"max_hp_loss":0,"event_name":"Beggar","floor":25,"gold_loss":75},{"damage_healed":0,"gold_gain":0,"player_choice":"Ignored","damage_taken":0,"max_hp_gain":0,"max_hp_loss":0,"event_name":"Vampires","floor":27,"gold_loss":0},{"damage_healed":30,"gold_gain":0,"player_choice":"Heal","damage_taken":0,"max_hp_gain":0,"max_hp_loss":0,"event_name":"The Library","floor":31,"gold_loss":0},{"damage_healed":0,"gold_gain":0,"player_choice":"Got Potions","damage_taken":0,"max_hp_gain":0,"max_hp_loss":0,"event_name":"Lab","floor":36,"gold_loss":0},{"damage_healed":0,"gold_gain":0,"player_choice":"Ignored","damage_taken":0,"max_hp_gain":0,"max_hp_loss":0,"event_name":"SecretPortal","floor":45,"gold_loss":0}],"is_beta":false,"boss_relics":[{"not_picked":["Calling Bell","Tiny House"],"picked":"Runic Pyramid"},{"not_picked":["White Beast Statue","Mark of Pain"],"picked":"Busted Crown"}],"items_purged_floors":[4,20,39],"is_endless":false,"potions_floor_spawned":[1,7,11,16,18,28,30,33,35,38,40,46],"ascension_level":9}