{"gold_per_floor":[115,135,154,164,44,44,44,44,44,63,73,148,148,164,164,268,268,286,303,72,91,91,91,91,105,105,105,124,34,34,54,54,54],"floor_reached":33,"playtime":881,"items_purged":["Strike_R","Strike_R"],"score":241,"play_id":"636e5532-540f-4f81-b27c-45f40fc2f499","local_time":"20190609173404","is_ascension_mode":false,"campfire_choices":[{"data":"Bash","floor":7,"key":"SMITH"},{"data":"Shockwave","floor":13,"key":"SMITH"},{"data":"Clothesline","floor":15,"key":"SMITH"},{"data":"Berserk","floor":24,"key":"SMITH"},{"data":"Flame Barrier","floor":30,"key":"SMITH"},{"data":"Inflame","floor":32,"key":"SMITH"}],"neow_cost":"NONE","seed_source_timestamp":13506120553418,"circlet_count":0,"master_deck":["Strike_R","Strike_R+1","Defend_R","Defend_R","Defend_R","Defend_R","Bash+1","Shrug It Off","Iron Wave","Flame Barrier+1","Clothesline+1","Shockwave+1","Berserk+1","Inflame+1","Carnage","Cleave","Pommel Strike+1","Shrug It Off+1"],"relics":["Coffee Dripper"],"potions_floor_usage":[16,18,19,19,19,25,28,33,33],"damage_taken":[{"damage":1,"enemies":"Cultist","floor":1,"turns":3},{"damage":0,"enemies":"2 Louse","floor":2,"turns":3},{"damage":0,"enemies":"Small Slimes","floor":3,"turns":2},{"damage":3,"enemies":"3 Louse","floor":4,"turns":4},{"damage":0,"enemies":"Blue Slaver","floor":10,"turns":3},{"damage":0,"enemies":"Exordium Thugs","floor":11,"turns":4},{"damage":0,"enemies":"Looter","floor":14,"turns":3},{"damage":18,"enemies":"Hexaghost","floor":16,"turns":11},{"damage":25,"enemies":"Spheric Guardian","floor":18,"turns":5},{"damage":2,"enemies":"2 Thieves","floor":19,"turns":5},{"damage":3,"enemies":"Centurion and Healer","floor":21,"turns":5},{"damage":15,"enemies":"Snake Plant","floor":25,"turns":3},{"damage":23,"enemies":"Sentry and Sphere","floor":28,"turns":6},{"damage":6,"enemies":"Snecko","floor":31,"turns":5},{"damage":30,"enemies":"Collector","floor":33,"turns":2}],"seed_played":"8673924935403943111","potions_obtained":[{"floor":2,"key":"SpeedPotion"},{"floor":3,"key":"EssenceOfSteel"},{"floor":4,"key":"Energy Potion"},{"floor":18,"key":"EntropicBrew"},{"floor":19,"key":"Energy Potion"},{"floor":25,"key":"Regen Potion"}],"is_trial":false,"path_per_floor":["M","M","M","M","$","?","R","?","T","M","M","?","R","M","R","B",null,"M","M","$","M","?","$","R","M","T","$","M","?","R","M","R","B"],"character_chosen":"IRONCLAD","items_purchased":["Clothesline","Carnage","Cleave"],"campfire_rested":0,"item_purchase_floors":[5,20,20],"current_hp_per_floor":[79,79,79,76,76,76,76,76,76,76,76,65,65,65,65,47,80,55,53,53,50,50,50,50,35,35,35,27,27,27,21,21,0],"gold":54,"neow_bonus":"BOSS_RELIC","is_prod":false,"is_daily":false,"chose_seed":false,"campfire_upgraded":6,"win_rate":0,"timestamp":1560094444,"path_taken":["M","M","?","M","$","?","R","?","T","M","M","?","R","?","R","BOSS","M","M","$","M","?","?","R","M","T","$","M","?","R","M","R","BOSS"],"build_version":"2019-01-23","purchased_purges":2,"victory":false,"max_hp_per_floor":[80,80,80,80,80,80,80,80,80,80,80,80,80,80,80,80,80,80,80,80,80,80,80,80,80,80,80,80,80,80,80,80,80],"card_choices":[{"not_picked":["Headbutt","Rupture"],"picked":"Shrug It Off","floor":1},{"not_picked":["Havoc","Heavy Blade"],"picked":"Iron Wave","floor":2},{"not_picked":["Ghostly Armor","Combust","Iron Wave"],"picked":"SKIP","floor":3},{"not_picked":["Pummel","True Grit"],"picked":"Flame Barrier","floor":4},{"not_picked":["Offering","Armaments","Thunderclap"],"picked":"SKIP","floor":10},{"not_picked":["Twin Strike","Havoc"],"picked":"Shockwave","floor":11},{"not_picked":["Evolve","Corruption","Burning Pact"],"picked":"SKIP","floor":14},{"not_picked":["Brutality","Dark Embrace"],"picked":"Berserk","floor":16},{"not_picked":["Disarm","Blood for Blood+1","Corruption"],"picked":"SKIP","floor":18},{"not_picked":["Headbutt","Clothesline+1"],"picked":"Inflame","floor":19},{"not_picked":["Clothesline","Rage"],"picked":"Pommel Strike+1","floor":21},{"not_picked":["Clash","Clothesline"],"picked":"Shrug It Off+1","floor":25},{"not_picked":["Pommel Strike","Searing Blow","Sword Boomerang"],"picked":"SKIP","floor":28},{"not_picked":["Flex","Battle Trance","Headbutt"],"picked":"SKIP","floor":31}],"player_experience":549581,"relics_obtained":[],"event_choices":[{"damage_healed":0,"gold_gain":0,"player_choice":"Leave","damage_taken":0,"max_hp_gain":0,"max_hp_loss":0,"event_name":"The Cleric","floor":6,"gold_loss":0},{"damage_healed":0,"gold_gain":0,"player_choice":"Ignored","damage_taken":0,"max_hp_gain":0,"max_hp_loss":0,"event_name":"Liars Game","floor":8,"gold_loss":0},{"damage_healed":0,"gold_gain":75,"player_choice":"Gather Gold","damage_taken":11,"max_hp_gain":0,"max_hp_loss":0,"event_name":"World of Goop","floor":12,"gold_loss":0},{"damage_healed":0,"gold_gain":0,"player_choice":"Leave","damage_taken":0,"max_hp_gain":0,"max_hp_loss":0,"event_name":"FaceTrader","floor":22,"gold_loss":0},{"cards_removed":["Strike_R"],"damage_healed":0,"gold_gain":0,"player_choice":"Upgrade and Remove","damage_taken":0,"max_hp_gain":0,"max_hp_loss":0,"event_name":"Designer","floor":29,"gold_loss":90,"cards_upgraded":["Strike_R"]}],"is_beta":false,"boss_relics":[{"not_picked":["Ectoplasm","Lizard Tail","Philosopher\u0027s Stone"]}],"items_purged_floors":[5,20],"is_endless":false,"potions_floor_spawned":[2,3,4,10,18,19,25],"killed_by":"Collector","ascension_level":0}