{"gold_per_floor":[115,115,115,115,135,168,180,213,213,19,47,47,65,77,77,182,182,197,197,215,215,233,264,283,283,308,308,320,320,346,356,356,457,457,469,481,481,481,265,296,296,313,366,394,394,394,314,346,346,346,346,346,41,41],"floor_reached":54,"playtime":2588,"items_purged":["Decay","Decay"],"score":940,"play_id":"6fd700d1-60fc-41ee-9606-ae36ba449e32","local_time":"20190605101037","is_ascension_mode":true,"campfire_choices":[{"floor":12,"key":"DIG"},{"floor":15,"key":"DIG"},{"floor":25,"key":"DIG"},{"floor":27,"key":"DIG"},{"data":"Demon Form","floor":32,"key":"SMITH"},{"floor":41,"key":"RECALL"},{"floor":49,"key":"REST"},{"floor":52,"key":"DIG"}],"neow_cost":"NONE","seed_source_timestamp":64131953184708,"circlet_count":0,"master_deck":["Strike_R+1","Strike_R","Strike_R","Strike_R","Strike_R","Defend_R","Defend_R","Defend_R","Defend_R","Bash+1","Clash+1","Armaments+1","Twin Strike","Cleave","Limit Break+1","Warcry+1","Heavy Blade+1","Reaper","Shrug It Off+1","Flex+1","Reaper","Spot Weakness+1","True Grit+1","Demon Form+1","Heavy Blade+1","Transmutation+1","Limit Break+1","Battle Trance+1","Madness+1","Madness+1"],"relics":["Burning Blood","The Courier","Juzu Bracelet","Toxic Egg 2","Ornamental Fan","Shovel","Oddly Smooth Stone","Bag of Marbles","Cursed Key","Centennial Puzzle","Pantograph","Lantern","Meat on the Bone","Whetstone","Sozu","DollysMirror","Omamori","Pen Nib","Strawberry","Mummified Hand","Bottled Lightning","Happy Flower"],"potions_floor_usage":[6,8,11,14,16,23,28,28,54],"damage_taken":[{"damage":0,"enemies":"Cultist","floor":1,"turns":3},{"damage":3,"enemies":"Small Slimes","floor":5,"turns":3},{"damage":20,"enemies":"Lagavulin","floor":6,"turns":4},{"damage":0,"enemies":"2 Louse","floor":7,"turns":1},{"damage":8,"enemies":"3 Sentries","floor":8,"turns":5},{"damage":14,"enemies":"Gremlin Nob","floor":11,"turns":4},{"damage":6,"enemies":"Large Slime","floor":13,"turns":5},{"damage":13,"enemies":"Exordium Thugs","floor":14,"turns":4},{"damage":8,"enemies":"Slime Boss","floor":16,"turns":8},{"damage":23,"enemies":"2 Thieves","floor":18,"turns":3},{"damage":0,"enemies":"Chosen","floor":20,"turns":3},{"damage":18,"enemies":"3 Cultists","floor":22,"turns":4},{"damage":28,"enemies":"Gremlin Leader","floor":23,"turns":6},{"damage":0,"enemies":"Cultist and Chosen","floor":24,"turns":4},{"damage":26,"enemies":"Shelled Parasite and Fungi","floor":28,"turns":5},{"damage":52,"enemies":"Slavers","floor":30,"turns":5},{"damage":48,"enemies":"Sentry and Sphere","floor":31,"turns":6},{"damage":102,"enemies":"Collector","floor":33,"turns":8},{"damage":7,"enemies":"Orb Walker","floor":35,"turns":2},{"damage":30,"enemies":"3 Shapes","floor":36,"turns":3},{"damage":50,"enemies":"Reptomancer","floor":40,"turns":4},{"damage":51,"enemies":"Writhing Mass","floor":42,"turns":6},{"damage":7,"enemies":"Giant Head","floor":44,"turns":4},{"damage":29,"enemies":"Nemesis","floor":48,"turns":3},{"damage":114,"enemies":"Awakened One","floor":50,"turns":7},{"damage":101,"enemies":"Shield and Spear","floor":54,"turns":5}],"seed_played":"8977126764963028366","potions_obtained":[{"floor":4,"key":"Dexterity Potion"},{"floor":4,"key":"SmokeBomb"},{"floor":4,"key":"Energy Potion"},{"floor":5,"key":"AttackPotion"},{"floor":7,"key":"SkillPotion"},{"floor":11,"key":"Explosive Potion"},{"floor":13,"key":"Weak Potion"},{"floor":18,"key":"LiquidBronze"},{"floor":20,"key":"Dexterity Potion"},{"floor":24,"key":"Fruit Juice"},{"floor":30,"key":"Regen Potion"},{"floor":31,"key":"Ancient Potion"},{"floor":33,"key":"SteroidPotion"}],"is_trial":false,"path_per_floor":["M","?","?","?","M","E","M","E","T","$","E","R","M","M","R","B",null,"M","?","M","?","M","E","M","R","T","R","M","?","E","M","R","B",null,"M","M","?","?","$","E","R","M","T","E","?","?","$","E","R","B",null,"R","$","E"],"character_chosen":"IRONCLAD","items_purchased":["Ornamental Fan","DollysMirror","Bottled Lightning","Happy Flower"],"campfire_rested":1,"item_purchase_floors":[10,39,53,53],"current_hp_per_floor":[80,80,64,64,67,53,59,57,57,57,49,49,49,42,42,40,80,63,63,69,69,80,80,80,80,80,80,68,68,58,72,72,30,85,84,83,83,83,83,85,85,58,58,85,74,74,74,59,86,60,92,92,92,0],"gold":41,"neow_bonus":"THREE_CARDS","is_prod":false,"is_daily":false,"chose_seed":false,"campfire_upgraded":1,"win_rate":0,"timestamp":1559747437,"path_taken":["M","?","?","?","M","E","?","E","T","?","E","R","M","M","R","BOSS","M","?","M","?","M","E","M","R","T","R","M","?","E","M","R","BOSS","M","M","?","?","$","E","R","M","T","E","?","?","?","E","R","BOSS","R","$","E"],"build_version":"2019-01-23","purchased_purges":2,"victory":false,"max_hp_per_floor":[80,80,80,80,80,80,80,80,80,80,80,80,80,80,80,80,80,80,80,80,80,80,80,80,80,80,80,85,85,85,85,85,85,85,85,85,85,85,85,85,85,85,85,85,85,85,85,92,92,92,92,92,92,92],"card_choices":[{"not_picked":["Corruption","Body Slam"],"picked":"Clash","floor":0},{"not_picked":["Clothesline","Sword Boomerang"],"picked":"Armaments","floor":1},{"not_picked":["Ghostly Armor","Iron Wave"],"picked":"Twin Strike","floor":5},{"not_picked":["Ghostly Armor","Clash"],"picked":"Cleave","floor":6},{"not_picked":["Wild Strike","Sword Boomerang"],"picked":"Inflame","floor":7},{"not_picked":["Juggernaut","Clash","Carnage"],"picked":"SKIP","floor":8},{"not_picked":["Feel No Pain","Inflame"],"picked":"Limit Break+1","floor":11},{"not_picked":["Second Wind+1","Headbutt"],"picked":"Warcry+1","floor":13},{"not_picked":["Infernal Blade+1","Metallicize"],"picked":"Heavy Blade","floor":14},{"not_picked":["Juggernaut","Double Tap+1"],"picked":"Reaper","floor":16},{"not_picked":["Fire Breathing","Heavy Blade"],"picked":"Shrug It Off+1","floor":18},{"not_picked":["Evolve+1","Body Slam"],"picked":"Flex+1","floor":20},{"not_picked":["Rampage","Cleave"],"picked":"Spot Weakness+1","floor":22},{"not_picked":["Pommel Strike","Bloodletting+1","Headbutt"],"picked":"SKIP","floor":23},{"not_picked":["Havoc+1","Sword Boomerang"],"picked":"True Grit+1","floor":24},{"not_picked":["Clash","Havoc+1","Heavy Blade"],"picked":"SKIP","floor":28},{"not_picked":["Thunderclap","Clothesline"],"picked":"Demon Form","floor":30},{"not_picked":["Body Slam","Wild Strike"],"picked":"Heavy Blade+1","floor":31},{"not_picked":["Sever Soul","Iron Wave+1","Corruption+1"],"picked":"SKIP","floor":35},{"not_picked":["Carnage","Cleave+1","Flex+1"],"picked":"SKIP","floor":36},{"not_picked":["Good Instincts+1","Violence+1"],"picked":"Transmutation+1","floor":37},{"not_picked":["True Grit+1","Thunderclap+1","Clothesline+1"],"picked":"SKIP","floor":40},{"not_picked":["Heavy Blade","Iron Wave+1","Body Slam+1"],"picked":"SKIP","floor":42},{"not_picked":["Sword Boomerang+1","Anger"],"picked":"Battle Trance+1","floor":44},{"not_picked":["Flex+1","Anger","Barricade"],"picked":"SKIP","floor":48}],"player_experience":92307,"relics_obtained":[{"floor":6,"key":"The Courier"},{"floor":8,"key":"Juzu Bracelet"},{"floor":9,"key":"Toxic Egg 2"},{"floor":11,"key":"Shovel"},{"floor":12,"key":"Oddly Smooth Stone"},{"floor":15,"key":"Bag of Marbles"},{"floor":23,"key":"Centennial Puzzle"},{"floor":25,"key":"Pantograph"},{"floor":26,"key":"Lantern"},{"floor":27,"key":"Meat on the Bone"},{"floor":30,"key":"Whetstone"},{"floor":40,"key":"Omamori"},{"floor":44,"key":"Pen Nib"},{"floor":48,"key":"Strawberry"},{"floor":52,"key":"Mummified Hand"}],"event_choices":[{"damage_healed":0,"gold_gain":0,"player_choice":"Grow","damage_taken":0,"max_hp_gain":0,"max_hp_loss":0,"event_name":"Living Wall","floor":2,"gold_loss":0,"cards_upgraded":["Armaments"]},{"damage_healed":0,"gold_gain":0,"player_choice":"Entered Light","damage_taken":16,"max_hp_gain":0,"max_hp_loss":0,"event_name":"Shining Light","floor":3,"gold_loss":0,"cards_upgraded":["Clash","Strike_R"]},{"damage_healed":0,"gold_gain":0,"player_choice":"Got Potions","damage_taken":0,"max_hp_gain":0,"max_hp_loss":0,"event_name":"Lab","floor":4,"gold_loss":0},{"damage_healed":0,"gold_gain":0,"player_choice":"Smashed Altar","damage_taken":0,"max_hp_gain":0,"max_hp_loss":0,"event_name":"Forgotten Altar","floor":19,"gold_loss":0,"cards_obtained":["Decay"]},{"damage_healed":0,"gold_gain":0,"player_choice":"Copied","damage_taken":0,"max_hp_gain":0,"max_hp_loss":0,"event_name":"Duplicator","floor":21,"gold_loss":0,"cards_obtained":["Reaper"]},{"damage_healed":0,"gold_gain":0,"player_choice":"Ignored","damage_taken":0,"max_hp_gain":0,"max_hp_loss":0,"event_name":"Vampires","floor":29,"gold_loss":0},{"damage_healed":0,"gold_gain":0,"player_choice":"Memory 1","damage_taken":0,"max_hp_gain":0,"max_hp_loss":0,"event_name":"SensoryStone","floor":37,"gold_loss":0},{"cards_removed":["Inflame"],"damage_healed":0,"gold_gain":0,"player_choice":"Removed Power","damage_taken":0,"max_hp_gain":0,"max_hp_loss":0,"event_name":"Falling","floor":38,"gold_loss":0},{"damage_healed":0,"gold_gain":0,"player_choice":"Embrace Madness","damage_taken":11,"max_hp_gain":0,"max_hp_loss":0,"event_name":"Winding Halls","floor":45,"gold_loss":0,"cards_obtained":["Madness","Madness"]},{"damage_healed":0,"gold_gain":0,"player_choice":"Ignored","damage_taken":0,"max_hp_gain":0,"max_hp_loss":0,"event_name":"Tomb of Lord Red Mask","floor":46,"gold_loss":0}],"is_beta":false,"boss_relics":[{"not_picked":["Snecko Eye","Black Star"],"picked":"Cursed Key"},{"not_picked":["Mark of Pain","Tiny House"],"picked":"Sozu"}],"items_purged_floors":[39,47],"is_endless":false,"potions_floor_spawned":[5,7,11,13,18,20,24,30,31,33,35,48],"killed_by":"Shield and Spear","ascension_level":4}