{"gold_per_floor":[111,131,147,159,159,159,190,190,217,217,260,275,300,324,324,324],"floor_reached":16,"playtime":630,"items_purged":[],"score":228,"play_id":"07260dcd-e358-4785-ab92-162ca2174ba2","local_time":"20190514182554","is_ascension_mode":true,"campfire_choices":[{"data":"Sweeping Beam","floor":6,"key":"SMITH"},{"data":"Zap","floor":8,"key":"SMITH"},{"data":"Dualcast","floor":10,"key":"SMITH"},{"data":"Hologram","floor":15,"key":"SMITH"}],"neow_cost":"NONE","seed_source_timestamp":4414087855928,"circlet_count":0,"master_deck":["AscendersBane","Strike_B","Strike_B","Strike_B","Strike_B","Defend_B","Defend_B","Defend_B","Defend_B","Zap+1","Dualcast+1","Reinforced Body","FTL","Sweeping Beam+1","Steam","Glacier","Multi-Cast","Sweeping Beam","Hologram+1"],"special_seed":0,"relics":["Eternal Feather","Golden Idol","Ancient Tea Set","Oddly Smooth Stone","Orichalcum"],"potions_floor_usage":[7,11,16],"damage_taken":[{"damage":7.0,"enemies":"Small Slimes","floor":1.0,"turns":3.0},{"damage":4.0,"enemies":"Jaw Worm","floor":2.0,"turns":7.0},{"damage":5.0,"enemies":"2 Louse","floor":3.0,"turns":2.0},{"damage":17,"enemies":"Lots of Slimes","floor":4,"turns":5},{"damage":15,"enemies":"3 Sentries","floor":7,"turns":7},{"damage":4,"enemies":"Lagavulin","floor":11,"turns":8},{"damage":0,"enemies":"Large Slime","floor":12,"turns":6},{"damage":0,"enemies":"2 Fungi Beasts","floor":13,"turns":2},{"damage":12,"enemies":"Exordium Thugs","floor":14,"turns":5},{"damage":38,"enemies":"Hexaghost","floor":16,"turns":9}],"seed_played":"-1061740109322740625","potions_obtained":[{"floor":2.0,"key":"Swift Potion"},{"floor":3.0,"key":"FearPotion"},{"floor":7,"key":"EssenceOfSteel"},{"floor":14,"key":"PowerPotion"}],"is_trial":false,"path_per_floor":["M","M","M","M","?","R","E","R","T","R","E","M","M","M","R","B"],"character_chosen":"DEFECT","items_purchased":[],"campfire_rested":0,"item_purchase_floors":[],"current_hp_per_floor":[57,53,48,31,31,40,25,34,34,43,39,39,39,27,36,0],"gold":324,"neow_bonus":"BOSS_RELIC","is_prod":false,"is_daily":false,"chose_seed":false,"campfire_upgraded":4,"win_rate":0,"timestamp":1557851154,"path_taken":["M","M","M","M","?","R","E","R","T","R","E","M","M","M","R","BOSS"],"build_version":"2019-05-07","purchased_purges":0,"victory":false,"max_hp_per_floor":[71,71,71,71,64,64,64,64,64,64,64,64,64,64,64,64],"card_choices":[{"not_picked":["Conserve Battery","White Noise"],"picked":"Reinforced Body","floor":1.0},{"not_picked":["Barrage","Beam Cell"],"picked":"FTL","floor":2.0},{"not_picked":["Go for the Eyes","Leap"],"picked":"Sweeping Beam","floor":3.0},{"not_picked":["Conserve Battery","Leap"],"picked":"Steam","floor":4},{"not_picked":["Beam Cell","Hello World"],"picked":"Glacier","floor":7},{"not_picked":["Auto Shields","Redo"],"picked":"Multi-Cast","floor":11},{"not_picked":["Hologram","Coolheaded"],"picked":"Sweeping Beam","floor":12},{"not_picked":["Streamline","Barrage","Tempest"],"picked":"SKIP","floor":13},{"not_picked":["Streamline","Gash"],"picked":"Hologram","floor":14}],"player_experience":1545787,"relics_obtained":[{"floor":7,"key":"Ancient Tea Set"},{"floor":9,"key":"Oddly Smooth Stone"},{"floor":11,"key":"Orichalcum"}],"event_choices":[{"damage_healed":0,"gold_gain":0,"player_choice":"Lose Max HP","damage_taken":0,"relics_obtained":["Golden Idol"],"max_hp_gain":0,"max_hp_loss":7,"event_name":"Golden Idol","floor":5,"gold_loss":0}],"is_beta":true,"boss_relics":[],"items_purged_floors":[],"is_endless":false,"potions_floor_spawned":[2,3,7,14],"killed_by":"Hexaghost","ascension_level":20}