{"gold_per_floor":[114,129,144,155,170,202,202,230,255,265,265,300,320,340,340,415,415,429,449,449,464,480,480,492,492,569,582,582,582],"floor_reached":29,"playtime":2246,"items_purged":[],"score":506,"play_id":"f1158555-8ce3-46c0-8408-22bd94189c58","local_time":"20190627211032","is_ascension_mode":true,"campfire_choices":[{"floor":7.0,"key":"REST"},{"floor":11.0,"key":"REST"},{"floor":15.0,"key":"REST"},{"floor":23,"key":"REST"},{"floor":25,"key":"REST"}],"neow_cost":"TEN_PERCENT_HP_LOSS","seed_source_timestamp":0,"circlet_count":0,"master_deck":["AscendersBane","Strike_G","Strike_G","Strike_G","Strike_G","Defend_G","Defend_G","Defend_G","Defend_G","Defend_G","Survivor","Neutralize","Corpse Explosion","PiercingWail","Glass Knife","Poisoned Stab","Catalyst","Deflect","Predator","Cloak And Dagger","Well Laid Plans","Night Terror","Leg Sweep","Dash","PiercingWail+1","Deadly Poison","Catalyst","Pain","Deflect","Endless Agony"],"special_seed":0,"relics":["Ring of the Snake","Oddly Smooth Stone","Smiling Mask","Regal Pillow","Cursed Key","Nloth\u0027s Gift"],"potions_floor_usage":[29],"damage_taken":[{"damage":1.0,"enemies":"Cultist","floor":1.0,"turns":5.0},{"damage":0.0,"enemies":"2 Louse","floor":2.0,"turns":2.0},{"damage":4.0,"enemies":"Small Slimes","floor":3.0,"turns":2.0},{"damage":18.0,"enemies":"Exordium Thugs","floor":4.0,"turns":4.0},{"damage":7.0,"enemies":"Large Slime","floor":5.0,"turns":4.0},{"damage":20.0,"enemies":"Lagavulin","floor":6.0,"turns":6.0},{"damage":26.0,"enemies":"Gremlin Nob","floor":8.0,"turns":4.0},{"damage":0.0,"enemies":"3 Louse","floor":10.0,"turns":2.0},{"damage":15.0,"enemies":"Lagavulin","floor":12.0,"turns":7.0},{"damage":2.0,"enemies":"Looter","floor":13.0,"turns":3.0},{"damage":0.0,"enemies":"Blue Slaver","floor":14.0,"turns":3.0},{"damage":25.0,"enemies":"Slime Boss","floor":16.0,"turns":11.0},{"damage":20,"enemies":"Chosen","floor":18,"turns":6},{"damage":17,"enemies":"Spheric Guardian","floor":19,"turns":7},{"damage":10,"enemies":"Centurion and Healer","floor":21,"turns":6},{"damage":0,"enemies":"Snake Plant","floor":22,"turns":5},{"damage":20,"enemies":"Sentry and Sphere","floor":24,"turns":7},{"damage":9,"enemies":"Shelled Parasite and Fungi","floor":27,"turns":7},{"damage":58,"enemies":"Cultist and Chosen","floor":29,"turns":5}],"seed_played":"-4313640772352617875","potions_obtained":[{"floor":4.0,"key":"Strength Potion"},{"floor":5.0,"key":"AttackPotion"},{"floor":8.0,"key":"Block Potion"},{"floor":10.0,"key":"SteroidPotion"},{"floor":12.0,"key":"Weak Potion"},{"floor":14.0,"key":"PowerPotion"},{"floor":18,"key":"SpeedPotion"},{"floor":21,"key":"Energy Potion"},{"floor":24,"key":"Poison Potion"}],"is_trial":false,"path_per_floor":["M","M","M","M","M","E","R","E","T","M","R","E","M","M","R","B",null,"M","M","?","M","M","R","M","R","T","M","?","M"],"character_chosen":"THE_SILENT","items_purchased":[],"campfire_rested":5,"item_purchase_floors":[],"current_hp_per_floor":[58,58,54,36,29,9,27,1,1,1,19,4,2,2,35,10,48,28,11,11,1,1,34,14,47,47,38,38,0],"gold":582,"neow_bonus":"THREE_RARE_CARDS","is_prod":false,"is_daily":false,"chose_seed":false,"campfire_upgraded":0,"win_rate":0,"timestamp":1561695032,"path_taken":["M","M","M","M","M","E","R","E","T","M","R","E","M","M","R","BOSS","M","M","?","M","M","R","M","R","T","?","?","?"],"build_version":"2019-06-24","purchased_purges":0,"victory":false,"max_hp_per_floor":[60,60,60,60,60,60,60,60,60,60,60,60,60,60,60,60,60,60,60,60,60,60,60,60,60,60,60,60,60],"card_choices":[{"not_picked":["Glass Knife","Wraith Form v2"],"picked":"Corpse Explosion","floor":0.0},{"not_picked":["Blade Dance","Prepared"],"picked":"PiercingWail","floor":1.0},{"not_picked":["Acrobatics","Predator"],"picked":"Glass Knife","floor":2.0},{"not_picked":["Deflect","Backflip"],"picked":"Poisoned Stab","floor":3.0},{"not_picked":["Sucker Punch","Footwork"],"picked":"Catalyst","floor":4.0},{"not_picked":["Expertise","Doppelganger","Infinite Blades"],"picked":"SKIP","floor":5.0},{"not_picked":["Infinite Blades","Sucker Punch"],"picked":"Deflect","floor":6.0},{"not_picked":["Bane","Heel Hook"],"picked":"Predator","floor":8.0},{"not_picked":["Flying Knee","Masterful Stab","Accuracy","Distraction"],"picked":"SKIP","floor":10.0},{"not_picked":["Outmaneuver","Terror","Tactician"],"picked":"Cloak And Dagger","floor":12.0},{"not_picked":["Dodge and Roll","Deflect","Infinite Blades"],"picked":"Well Laid Plans","floor":13.0},{"not_picked":["Tools of the Trade","Underhanded Strike","Cloak And Dagger","Slice"],"picked":"SKIP","floor":14.0},{"not_picked":["Grand Finale","Bullet Time","Tools of the Trade"],"picked":"Night Terror","floor":16.0},{"not_picked":["Poisoned Stab","Bane","Prepared"],"picked":"Leg Sweep","floor":18},{"not_picked":["Dagger Throw","Heel Hook","Endless Agony"],"picked":"Dash","floor":19},{"not_picked":["Poisoned Stab","Accuracy"],"picked":"PiercingWail+1","floor":21},{"not_picked":["Calculated Gamble","Dagger Throw"],"picked":"Deadly Poison","floor":22},{"not_picked":["Blur","All Out Attack+1"],"picked":"Catalyst","floor":24},{"not_picked":["Terror","Setup"],"picked":"Deflect","floor":27}],"player_experience":1693197,"relics_obtained":[{"floor":6.0,"key":"Oddly Smooth Stone"},{"floor":8.0,"key":"Question Card"},{"floor":9.0,"key":"Smiling Mask"},{"floor":12.0,"key":"Regal Pillow"}],"event_choices":[{"damage_healed":0,"gold_gain":0,"player_choice":"Traded Relic","damage_taken":0,"relics_obtained":["Nloth\u0027s Gift"],"max_hp_gain":0,"max_hp_loss":0,"event_name":"N\u0027loth","floor":20,"relics_lost":["Question Card"],"gold_loss":0},{"damage_healed":0,"gold_gain":0,"cards_transformed":["Strike_G"],"player_choice":"Transformed","damage_taken":0,"max_hp_gain":0,"max_hp_loss":0,"event_name":"Transmorgrifier","floor":28,"gold_loss":0,"cards_obtained":["Endless Agony"]}],"is_beta":true,"boss_relics":[{"not_picked":["Empty Cage","WristBlade"],"picked":"Cursed Key"}],"items_purged_floors":[],"is_endless":false,"potions_floor_spawned":[4,5,8,10,12,14,18,21,24,27],"killed_by":"Cultist and Chosen","ascension_level":20}