{"gold_per_floor":[112,26,40,56,56,56,36,79,79,98,98,98,98,133,133,133],"floor_reached":16,"playtime":741,"items_purged":[],"score":216,"play_id":"5c62bd92-8d99-4984-869d-b1482e68e810","local_time":"20190630180509","is_ascension_mode":true,"campfire_choices":[{"data":"Crippling Poison","floor":6,"key":"SMITH"},{"data":"Neutralize","floor":13,"key":"SMITH"},{"floor":15,"key":"REST"}],"neow_cost":"NONE","seed_source_timestamp":927547369170100,"circlet_count":0,"master_deck":["AscendersBane","Strike_G","Strike_G","Strike_G","Strike_G","Defend_G","Defend_G","Defend_G","Defend_G","Defend_G","Survivor","Neutralize+1","Acrobatics","Flying Knee","Crippling Poison+1","Dagger Throw","Terror","Adrenaline","Noxious Fumes"],"relics":["Ring of the Snake","Golden Idol","WingedGreaves","Molten Egg 2","Bag of Marbles"],"potions_floor_usage":[8,16,16],"damage_taken":[{"damage":2,"enemies":"Small Slimes","floor":1,"turns":4},{"damage":0,"enemies":"Jaw Worm","floor":3,"turns":6},{"damage":0,"enemies":"Cultist","floor":4,"turns":4},{"damage":29,"enemies":"Gremlin Nob","floor":8,"turns":4},{"damage":1,"enemies":"Blue Slaver","floor":10,"turns":4},{"damage":29,"enemies":"3 Sentries","floor":14,"turns":12},{"damage":44,"enemies":"Slime Boss","floor":16,"turns":7}],"seed_played":"7961741890974899947","potions_obtained":[{"floor":3,"key":"Weak Potion"},{"floor":14,"key":"Poison Potion"}],"is_trial":false,"path_per_floor":["M","$","M","M","?","R","?","E","T","M","?","?","R","E","R","B"],"character_chosen":"THE_SILENT","items_purchased":["Flying Knee","SteroidPotion"],"campfire_rested":1,"item_purchase_floors":[2,2],"current_hp_per_floor":[63,63,63,63,63,63,63,34,34,33,26,47,47,18,37,0],"gold":133,"neow_bonus":"TEN_PERCENT_HP_BONUS","is_prod":false,"is_daily":false,"chose_seed":false,"campfire_upgraded":2,"win_rate":0,"timestamp":1561932309,"path_taken":["M","$","M","M","?","R","?","E","T","?","?","?","R","E","R","BOSS"],"build_version":"2019-06-29","purchased_purges":0,"victory":false,"max_hp_per_floor":[72,72,72,72,65,65,65,65,65,65,65,65,65,65,65,65],"card_choices":[{"not_picked":["Reflex","Caltrops"],"picked":"Acrobatics","floor":1},{"not_picked":["Outmaneuver","Slice"],"picked":"Crippling Poison","floor":3},{"not_picked":["Deflect","Bane"],"picked":"Dagger Throw","floor":4},{"not_picked":["Acrobatics","Tactician"],"picked":"Terror","floor":8},{"not_picked":["Concentrate","Dagger Throw+1"],"picked":"Adrenaline","floor":10},{"not_picked":["Bane+1","Infinite Blades"],"picked":"Noxious Fumes","floor":14}],"player_experience":512674,"relics_obtained":[{"floor":8,"key":"WingedGreaves"},{"floor":9,"key":"Molten Egg 2"},{"floor":14,"key":"Bag of Marbles"}],"event_choices":[{"damage_healed":0,"gold_gain":0,"player_choice":"Lose Max HP","damage_taken":0,"relics_obtained":["Golden Idol"],"max_hp_gain":0,"max_hp_loss":7,"event_name":"Golden Idol","floor":5,"gold_loss":0},{"damage_healed":0,"gold_gain":0,"player_choice":"Bought 1 Potion","damage_taken":0,"max_hp_gain":0,"max_hp_loss":0,"event_name":"The Woman in Blue","floor":7,"gold_loss":0},{"cards_removed":["Strike_G"],"damage_healed":0,"gold_gain":0,"player_choice":"Card Removal","damage_taken":7,"max_hp_gain":0,"max_hp_loss":0,"event_name":"Golden Wing","floor":11,"gold_loss":0},{"damage_healed":21,"gold_gain":0,"player_choice":"Banana","damage_taken":0,"max_hp_gain":0,"max_hp_loss":0,"event_name":"Big Fish","floor":12,"gold_loss":0}],"is_beta":true,"boss_relics":[],"items_purged_floors":[],"is_endless":false,"potions_floor_spawned":[3,14],"killed_by":"Slime Boss","ascension_level":20}