{"gold_per_floor":[110,110,35,35,35,63,83,83,83,99,119,146,146,163,163,265,265,278,297,222,237,256,256,291,303,340,386,28,28,28,45,45,144,144,158,9,9,28,47,47,47,47,100,116,116,0,0,16,16,16],"floor_reached":50,"playtime":7209,"items_purged":["Strike_R"],"score":565,"play_id":"a47a7ed1-cbff-4ab4-938f-3acfcf24df18","local_time":"20190617004229","is_ascension_mode":true,"campfire_choices":[{"floor":8,"key":"REST"},{"data":"Fire Breathing","floor":13,"key":"SMITH"},{"data":"Anger","floor":15,"key":"SMITH"},{"data":"Juggernaut","floor":23,"key":"SMITH"},{"floor":25,"key":"REST"},{"floor":32,"key":"REST"},{"floor":40,"key":"REST"},{"floor":42,"key":"REST"},{"floor":49,"key":"REST"}],"neow_cost":"PERCENT_DAMAGE","seed_source_timestamp":707488355928954,"circlet_count":0,"master_deck":["Strike_R","Strike_R","Strike_R","Defend_R","Defend_R","Defend_R","Defend_R","Discovery","Flash of Steel","Flex","Battle Trance","Shrug It Off","Fire Breathing+1","Pommel Strike","Rage","Anger+1","Juggernaut+1","Anger","Thunderclap","Iron Wave","Anger","Dual Wield","Swift Strike","Bloodletting+1","Dramatic Entrance","Good Instincts","Anger","Armaments+1","Good Instincts","Thunderclap"],"relics":["Burning Blood","Oddly Smooth Stone","Smiling Mask","Red Skull","Black Star","MawBank","Singing Bowl","Juzu Bracelet","Bag of Preparation","Bottled Lightning","Sling","Fusion Hammer","Blood Vial","Dream Catcher","Red Mask","Regal Pillow"],"potions_floor_usage":[6,6,12,12,12,16,21,22,27,31,33,35,50,50],"damage_taken":[{"damage":3,"enemies":"Small Slimes","floor":1,"turns":3},{"damage":26,"enemies":"Lagavulin","floor":6,"turns":9},{"damage":1,"enemies":"Jaw Worm","floor":7,"turns":3},{"damage":1,"enemies":"2 Louse","floor":10,"turns":4},{"damage":16,"enemies":"Lots of Slimes","floor":11,"turns":2},{"damage":6,"enemies":"3 Sentries","floor":12,"turns":7},{"damage":21,"enemies":"Gremlin Gang","floor":14,"turns":5},{"damage":29,"enemies":"Slime Boss","floor":16,"turns":5},{"damage":1,"enemies":"Chosen","floor":18,"turns":4},{"damage":17,"enemies":"3 Byrds","floor":19,"turns":4},{"damage":4,"enemies":"Cultist and Chosen","floor":21,"turns":6},{"damage":17,"enemies":"3 Cultists","floor":22,"turns":4},{"damage":38,"enemies":"Gremlin Leader","floor":24,"turns":8},{"damage":50,"enemies":"Book of Stabbing","floor":27,"turns":6},{"damage":2,"enemies":"Centurion and Healer","floor":31,"turns":4},{"damage":36,"enemies":"Champ","floor":33,"turns":8},{"damage":24,"enemies":"3 Shapes","floor":35,"turns":5},{"damage":9,"enemies":"3 Darklings","floor":38,"turns":3},{"damage":33,"enemies":"Jaw Worm Horde","floor":39,"turns":5},{"damage":38,"enemies":"Writhing Mass","floor":44,"turns":7},{"damage":28,"enemies":"Spire Growth","floor":48,"turns":5},{"damage":94,"enemies":"Donu and Deca","floor":50,"turns":7}],"seed_played":"8620278171965397964","potions_obtained":[{"floor":5,"key":"SpeedPotion"},{"floor":5,"key":"Poison Potion"},{"floor":5,"key":"Energy Potion"},{"floor":7,"key":"Ancient Potion"},{"floor":11,"key":"Regen Potion"},{"floor":14,"key":"Fire Potion"},{"floor":16,"key":"Weak Potion"},{"floor":21,"key":"AttackPotion"},{"floor":22,"key":"SpeedPotion"},{"floor":27,"key":"EssenceOfSteel"},{"floor":31,"key":"PowerPotion"},{"floor":33,"key":"GamblersBrew"},{"floor":39,"key":"LiquidBronze"},{"floor":48,"key":"Weak Potion"}],"is_trial":false,"path_per_floor":["M","?","$","?","?","E","M","R","T","M","M","E","R","M","R","B",null,"M","M","?","M","M","R","E","R","T","E","$","?","?","M","R","B",null,"M","$","?","M","M","R","$","R","T","M","?","?","?","M","R","B"],"character_chosen":"IRONCLAD","items_purchased":["Sling","Dual Wield","Swift Strike","Blood Vial"],"campfire_rested":6,"item_purchase_floors":[28,28,28,36],"current_hp_per_floor":[59,52,52,57,57,37,42,67,67,72,62,77,77,62,62,39,85,85,74,74,76,65,65,33,58,58,16,16,16,16,22,48,20,91,73,73,65,64,39,66,66,93,93,63,63,63,63,45,91,0],"gold":16,"neow_bonus":"RANDOM_COLORLESS_2","is_prod":false,"is_daily":false,"chose_seed":false,"campfire_upgraded":3,"win_rate":0,"timestamp":1560746549,"path_taken":["M","?","$","?","?","E","M","R","T","?","M","E","R","M","R","BOSS","M","?","?","M","M","R","E","R","T","E","$","?","?","M","R","BOSS","M","$","?","M","M","R","$","R","T","M","?","?","?","M","R","BOSS"],"build_version":"2019-01-23","purchased_purges":1,"victory":false,"max_hp_per_floor":[80,80,80,85,85,85,85,85,85,85,85,85,85,85,85,85,85,85,85,85,85,85,85,85,85,85,87,87,87,87,89,89,91,91,91,91,93,93,93,93,93,93,93,95,95,95,95,97,99,99],"card_choices":[{"not_picked":["Pommel Strike","Sever Soul"],"picked":"Flex","floor":1},{"not_picked":["Anger","Twin Strike"],"picked":"Battle Trance","floor":6},{"not_picked":["Flex","Wild Strike"],"picked":"Shrug It Off","floor":7},{"not_picked":["Immolate","Whirlwind"],"picked":"Fire Breathing","floor":10},{"not_picked":["Perfected Strike","Entrench"],"picked":"Pommel Strike","floor":11},{"not_picked":["Anger","Clash"],"picked":"Rage","floor":12},{"not_picked":["Warcry","Cleave"],"picked":"Anger","floor":14},{"not_picked":["Berserk","Barricade"],"picked":"Juggernaut","floor":16},{"not_picked":["Whirlwind","Armaments"],"picked":"Anger","floor":18},{"not_picked":["Uppercut","Warcry+1"],"picked":"Infernal Blade","floor":19},{"not_picked":["Pummel","Infernal Blade"],"picked":"Thunderclap","floor":21},{"not_picked":["Exhume","Evolve"],"picked":"Iron Wave","floor":22},{"not_picked":["Headbutt","Impervious"],"picked":"Anger","floor":24},{"not_picked":["Warcry","Iron Wave","Reckless Charge"],"picked":"Singing Bowl","floor":27},{"not_picked":["Wild Strike","Flex","Disarm"],"picked":"Singing Bowl","floor":31},{"not_picked":["Immolate","Feed","Double Tap"],"picked":"Singing Bowl","floor":33},{"not_picked":["Pommel Strike","Seeing Red+1"],"picked":"Bloodletting+1","floor":35},{"not_picked":["Deep Breath","Panacea"],"picked":"Dramatic Entrance","floor":37},{"not_picked":["PanicButton","Forethought","Panacea"],"picked":"Singing Bowl","floor":37},{"not_picked":["Panacea","Mayhem"],"picked":"Good Instincts","floor":37},{"not_picked":["Havoc+1","Shrug It Off+1"],"picked":"Anger","floor":38},{"not_picked":["Entrench+1","Thunderclap+1"],"picked":"Armaments+1","floor":39},{"not_picked":["Wild Strike","Thunderclap","True Grit"],"picked":"Singing Bowl","floor":44},{"not_picked":["Dropkick+1","Uppercut","Searing Blow+1"],"picked":"Singing Bowl","floor":48},{"not_picked":["Heavy Blade","True Grit","Wild Strike"],"picked":"Singing Bowl","floor":49}],"player_experience":1168473,"relics_obtained":[{"floor":6,"key":"Oddly Smooth Stone"},{"floor":9,"key":"Smiling Mask"},{"floor":12,"key":"Red Skull"},{"floor":24,"key":"MawBank"},{"floor":24,"key":"Singing Bowl"},{"floor":26,"key":"Juzu Bracelet"},{"floor":27,"key":"Bag of Preparation"},{"floor":27,"key":"Bottled Lightning"},{"floor":43,"key":"Dream Catcher"}],"event_choices":[{"cards_removed":["Strike_R"],"damage_healed":0,"gold_gain":0,"player_choice":"Card Removal","damage_taken":7,"max_hp_gain":0,"max_hp_loss":0,"event_name":"Golden Wing","floor":2,"gold_loss":0},{"damage_healed":0,"gold_gain":0,"player_choice":"Donut","damage_taken":0,"max_hp_gain":5,"max_hp_loss":0,"event_name":"Big Fish","floor":4,"gold_loss":0},{"damage_healed":0,"gold_gain":0,"player_choice":"Got Potions","damage_taken":0,"max_hp_gain":0,"max_hp_loss":0,"event_name":"Lab","floor":5,"gold_loss":0},{"cards_removed":["Bash"],"damage_healed":0,"gold_gain":0,"player_choice":"Gave Gold","damage_taken":0,"max_hp_gain":0,"max_hp_loss":0,"event_name":"Beggar","floor":20,"gold_loss":75},{"damage_healed":0,"gold_gain":0,"player_choice":"Ignored","damage_taken":0,"max_hp_gain":0,"max_hp_loss":0,"event_name":"Ghosts","floor":29,"gold_loss":0},{"damage_healed":0,"gold_gain":0,"player_choice":"Ignored","damage_taken":0,"max_hp_gain":0,"max_hp_loss":0,"event_name":"Cursed Tome","floor":30,"gold_loss":0},{"damage_healed":0,"gold_gain":0,"player_choice":"Memory 3","damage_taken":10,"max_hp_gain":0,"max_hp_loss":0,"event_name":"SensoryStone","floor":37,"gold_loss":0},{"damage_healed":0,"gold_gain":0,"player_choice":"2 cards matched","damage_taken":0,"max_hp_gain":0,"max_hp_loss":0,"event_name":"Match and Keep!","floor":45,"gold_loss":0,"cards_obtained":["Good Instincts","Thunderclap"]},{"damage_healed":0,"gold_gain":0,"player_choice":"Paid","damage_taken":0,"relics_obtained":["Red Mask"],"max_hp_gain":0,"max_hp_loss":0,"event_name":"Tomb of Lord Red Mask","floor":46,"gold_loss":116},{"cards_removed":["Infernal Blade"],"damage_healed":0,"gold_gain":0,"player_choice":"Gave Card","damage_taken":0,"relics_obtained":["Regal Pillow"],"max_hp_gain":0,"max_hp_loss":0,"event_name":"WeMeetAgain","floor":47,"gold_loss":0}],"is_beta":false,"boss_relics":[{"not_picked":["Runic Cube","Runic Pyramid"],"picked":"Black Star"},{"not_picked":["Mark of Pain","Coffee Dripper"],"picked":"Fusion Hammer"}],"items_purged_floors":[3],"is_endless":false,"potions_floor_spawned":[7,11,14,16,21,22,27,31,33,39,48],"killed_by":"Donu and Deca","ascension_level":1}