{"gold_per_floor":[114,79,154,165,178,207,226,226,251,266,293,293,293,273,273,347,347,362,372,56,71,71,71,83,83,106,106,106,106,138,157,157,231,231,251,251,251,251,265,265,299,299,323,323,335,370,387,387],"floor_reached":48,"playtime":1550,"items_purged":[],"score":1061,"play_id":"d3e77f82-a73c-413c-bc96-e870e32be7ab","local_time":"20190526131247","is_ascension_mode":true,"campfire_choices":[{"floor":8.0,"key":"REST"},{"floor":13.0,"key":"REST"},{"data":"Fission","floor":15.0,"key":"SMITH"},{"data":"Defragment","floor":23.0,"key":"SMITH"},{"floor":25.0,"key":"REST"},{"data":"Defragment","floor":27.0,"key":"SMITH"},{"data":"Coolheaded","floor":32.0,"key":"SMITH"},{"data":"Coolheaded","floor":40.0,"key":"SMITH"},{"data":"Double Energy","floor":42.0,"key":"SMITH"},{"data":"Coolheaded","floor":44.0,"key":"SMITH"}],"neow_cost":"NONE","seed_source_timestamp":1436251356336,"circlet_count":0,"master_deck":["AscendersBane","Zap","Dualcast","Compile Driver","Biased Cognition","Defragment+1","Conserve Battery","Sunder","Conserve Battery","Fission+1","Core Surge","White Noise","Rainbow","Rainbow","Cold Snap","Hyperbeam","Machine Learning","Tempest","Coolheaded+1","Coolheaded","Coolheaded+1","Defragment+1","Coolheaded+1","Glacier","Fusion+1","Electrodynamics","Self Repair","Panacea","Compile Driver","Double Energy+1","Fission"],"special_seed":0,"relics":["FrozenCore","DataDisk","Whetstone","Pen Nib","Boot","Pandora\u0027s Box","Runic Capacitor","Bag of Preparation","Bottled Tornado","Dream Catcher","Peace Pipe","Nunchaku"],"potions_floor_usage":[48],"damage_taken":[{"damage":10.0,"enemies":"Small Slimes","floor":1.0,"turns":3.0},{"damage":7.0,"enemies":"Jaw Worm","floor":4.0,"turns":3.0},{"damage":0.0,"enemies":"2 Louse","floor":5.0,"turns":2.0},{"damage":25.0,"enemies":"Lagavulin","floor":6.0,"turns":5.0},{"damage":15.0,"enemies":"Lots of Slimes","floor":7.0,"turns":3.0},{"damage":0.0,"enemies":"2 Fungi Beasts","floor":10.0,"turns":1.0},{"damage":16.0,"enemies":"3 Sentries","floor":11.0,"turns":7.0},{"damage":30.0,"enemies":"The Guardian","floor":16.0,"turns":13.0},{"damage":12.0,"enemies":"Shell Parasite","floor":18.0,"turns":4.0},{"damage":3.0,"enemies":"Spheric Guardian","floor":19.0,"turns":4.0},{"damage":0.0,"enemies":"3 Cultists","floor":21.0,"turns":2.0},{"damage":3.0,"enemies":"Snake Plant","floor":24.0,"turns":3.0},{"damage":17.0,"enemies":"Book of Stabbing","floor":30.0,"turns":8.0},{"damage":0.0,"enemies":"Snecko","floor":31.0,"turns":3.0},{"damage":11.0,"enemies":"Automaton","floor":33.0,"turns":10.0},{"damage":0.0,"enemies":"3 Darklings","floor":35.0,"turns":4.0},{"damage":0.0,"enemies":"Orb Walker","floor":39.0,"turns":5.0},{"damage":22.0,"enemies":"Giant Head","floor":41.0,"turns":19.0},{"damage":26.0,"enemies":"Jaw Worm Horde","floor":45.0,"turns":4.0},{"damage":16.0,"enemies":"Reptomancer","floor":46.0,"turns":6.0},{"damage":12.0,"enemies":"Spire Growth","floor":47.0,"turns":7.0},{"damage":17,"enemies":"Transient","floor":48,"turns":2}],"seed_played":"432652602193643231","potions_obtained":[{"floor":1.0,"key":"GamblersBrew"},{"floor":4.0,"key":"Ancient Potion"},{"floor":14.0,"key":"Block Potion"},{"floor":18.0,"key":"FocusPotion"},{"floor":39.0,"key":"SkillPotion"},{"floor":47.0,"key":"SkillPotion"}],"is_trial":false,"path_per_floor":["M","?","?","M","M","E","M","R","T","M","E","?","R","?","R","B",null,"M","M","$","M","?","R","M","R","T","R","?","?","E","M","R","B",null,"M","?","?","?","M","R","E","R","T","R","M","E","M","M"],"character_chosen":"DEFECT","items_purchased":["Runic Capacitor","Coolheaded","Defragment"],"campfire_rested":3,"item_purchase_floors":[20,20,20],"current_hp_per_floor":[54,71,60,53,53,28,13,34,34,34,18,11,32,32,32,2,54,42,39,39,39,39,39,36,57,57,57,71,71,54,54,54,43,64,64,64,64,64,71,71,56,56,56,56,37,21,16,0],"gold":387,"neow_bonus":"RANDOM_COMMON_RELIC","is_prod":false,"is_daily":false,"chose_seed":false,"campfire_upgraded":7,"win_rate":0,"timestamp":1558869167,"path_taken":["M","?","?","M","M","E","M","R","T","M","E","?","R","?","R","BOSS","M","?","$","M","?","R","M","R","T","R","?","?","E","M","R","BOSS","M","?","?","?","?","R","E","R","T","R","?","E","M","M"],"build_version":"2019-05-24v2","purchased_purges":0,"victory":false,"max_hp_per_floor":[71,71,71,71,71,71,71,71,71,71,71,71,71,71,71,71,71,71,71,71,71,71,71,71,71,71,71,71,71,71,71,71,71,71,71,71,71,71,71,71,71,71,71,71,71,71,71,71],"card_choices":[{"not_picked":["Melter","Barrage"],"picked":"Compile Driver","floor":1.0},{"not_picked":["Stack","Static Discharge"],"picked":"Biased Cognition","floor":4.0},{"not_picked":["Hello World","Steam Power"],"picked":"Defragment","floor":5.0},{"not_picked":["Beam Cell","Sweeping Beam"],"picked":"Conserve Battery","floor":6.0},{"not_picked":["Heatsinks","Recycle"],"picked":"Sunder","floor":7.0},{"not_picked":["Reprogram","Gash"],"picked":"Conserve Battery","floor":10.0},{"not_picked":["Consume","Leap"],"picked":"Fission","floor":11.0},{"not_picked":["All For One","Amplify"],"picked":"Core Surge","floor":16.0},{"not_picked":["Rebound","Darkness+1"],"picked":"Coolheaded","floor":18.0},{"not_picked":["Conserve Battery","Cold Snap"],"picked":"Coolheaded","floor":19.0},{"not_picked":["Doom and Gloom","Leap"],"picked":"Coolheaded","floor":21.0},{"not_picked":["Barrage","Doom and Gloom"],"picked":"Glacier","floor":24.0},{"not_picked":["Stack","FTL"],"picked":"Fusion+1","floor":30.0},{"not_picked":["Beam Cell","Sweeping Beam+1","Steam"],"picked":"SKIP","floor":31.0},{"not_picked":["Fission","Hyperbeam"],"picked":"Electrodynamics","floor":33.0},{"not_picked":["Go for the Eyes","Rebound"],"picked":"Self Repair","floor":35.0},{"not_picked":["Panache","Jack Of All Trades"],"picked":"Panacea","floor":37.0},{"not_picked":["Redo","Gash"],"picked":"Compile Driver","floor":39.0},{"not_picked":["Melter+1","Coolheaded+1"],"picked":"Double Energy","floor":41.0},{"not_picked":["Streamline","Sweeping Beam","Beam Cell"],"picked":"SKIP","floor":45.0},{"not_picked":["Redo","Reinforced Body"],"picked":"Fission","floor":46.0},{"not_picked":["Barrage","Compile Driver","Undo"],"picked":"SKIP","floor":47.0}],"player_experience":1608385,"relics_obtained":[{"floor":6.0,"key":"Whetstone"},{"floor":9.0,"key":"Pen Nib"},{"floor":11.0,"key":"Boot"},{"floor":26.0,"key":"Bag of Preparation"},{"floor":30.0,"key":"Bottled Tornado"},{"floor":41.0,"key":"Peace Pipe"},{"floor":46.0,"key":"Nunchaku"}],"event_choices":[{"damage_healed":17.0,"max_hp_gain":0.0,"max_hp_loss":0.0,"gold_gain":0.0,"event_name":"The Cleric","player_choice":"Healed","floor":2.0,"gold_loss":35.0,"damage_taken":0.0},{"damage_healed":0.0,"max_hp_gain":0.0,"max_hp_loss":0.0,"gold_gain":75.0,"event_name":"World of Goop","player_choice":"Gather Gold","floor":3.0,"gold_loss":0.0,"damage_taken":11.0},{"cards_removed":["Strike_B"],"damage_healed":0.0,"max_hp_gain":0.0,"max_hp_loss":0.0,"gold_gain":0.0,"event_name":"Golden Wing","player_choice":"Card Removal","floor":12.0,"gold_loss":0.0,"damage_taken":7.0},{"damage_healed":0.0,"max_hp_gain":0.0,"max_hp_loss":0.0,"gold_gain":0.0,"event_name":"The Woman in Blue","player_choice":"Bought 1 Potion","floor":14.0,"gold_loss":0.0,"damage_taken":0.0},{"damage_healed":0.0,"max_hp_gain":0.0,"max_hp_loss":0.0,"gold_gain":0.0,"event_name":"The Mausoleum","player_choice":"Ignored","floor":22.0,"gold_loss":0.0,"damage_taken":0.0},{"damage_healed":14.0,"max_hp_gain":0.0,"max_hp_loss":0.0,"gold_gain":0.0,"event_name":"The Library","player_choice":"Heal","floor":28.0,"gold_loss":0.0,"damage_taken":0.0},{"damage_healed":0.0,"max_hp_gain":0.0,"max_hp_loss":0.0,"gold_gain":0.0,"event_name":"Vampires","player_choice":"Ignored","floor":29.0,"gold_loss":0.0,"damage_taken":0.0},{"damage_healed":0.0,"max_hp_gain":0.0,"max_hp_loss":0.0,"gold_gain":0.0,"event_name":"Tomb of Lord Red Mask","player_choice":"Ignored","floor":36.0,"gold_loss":0.0,"damage_taken":0.0},{"damage_healed":0.0,"max_hp_gain":0.0,"max_hp_loss":0.0,"gold_gain":0.0,"event_name":"SensoryStone","player_choice":"Memory 1","floor":37.0,"gold_loss":0.0,"damage_taken":0.0},{"damage_healed":0.0,"max_hp_gain":0.0,"max_hp_loss":0.0,"gold_gain":0.0,"event_name":"WeMeetAgain","player_choice":"Gave Potion","floor":38.0,"gold_loss":0.0,"damage_taken":0.0,"relics_obtained":["Dream Catcher"]}],"is_beta":true,"boss_relics":[{"not_picked":["Runic Dome","Fusion Hammer"],"picked":"Pandora\u0027s Box"},{"not_picked":["Calling Bell","Eternal Feather"],"picked":"FrozenCore"}],"items_purged_floors":[],"is_endless":false,"potions_floor_spawned":[1,4,6,10,18,21,24,39,45,47],"killed_by":"Transient","ascension_level":20}