{"gold_per_floor":[112,62,237,253,253,253,271,16,70,97,109,109,69,81,81,176,176,194,194,207,207,45,79,97,113,137,62,80,90,90,90,90,194,194,214,41,41,41,41,41,52,65,88,6,25,39,39,0,0,0],"floor_reached":50,"playtime":2913,"items_purged":[],"score":533,"play_id":"e64d8bab-6ce1-4c7e-8d7d-14a688cd3674","local_time":"20190413171210","is_ascension_mode":true,"campfire_choices":[{"data":"Zap","floor":6,"key":"SMITH"},{"data":"Creative AI","floor":12,"key":"SMITH"},{"data":"Dualcast","floor":15,"key":"SMITH"},{"floor":32,"key":"REST"},{"data":"Madness","floor":40,"key":"SMITH"},{"data":"Consume","floor":47,"key":"SMITH"},{"floor":49,"key":"REST"}],"neow_cost":"NONE","seed_source_timestamp":48432415231700,"circlet_count":0,"master_deck":["Strike_B","Defend_B","Defend_B","Defend_B","Defend_B","Zap+1","Dualcast+1","Steam","Undo","Gash","Rip and Tear","Creative AI+1","Reinforced Body","Doom and Gloom+1","Gash+1","Amplify","Ball Lightning+1","Turbo+1","RitualDagger+1","Scrape+1","Go for the Eyes+1","Self Repair","Stack+1","Force Field","Multi-Cast","Coolheaded+1","Gash+1","Redo","Blind","Madness","Madness+1","Trip","Capacitor","Tempest","Parasite","Consume+1"],"relics":["FrozenCore","Molten Egg 2","Vajra","Unceasing Top","Busted Crown","Sundial","Regal Pillow","Mummified Hand","Pen Nib","Red Mask"],"potions_floor_usage":[10,16,18,23,24,25,33,42],"damage_taken":[{"damage":3,"enemies":"Small Slimes","floor":1,"turns":4},{"damage":0,"enemies":"Jaw Worm","floor":4,"turns":4},{"damage":0,"enemies":"2 Louse","floor":7,"turns":3},{"damage":1,"enemies":"Lagavulin","floor":10,"turns":6},{"damage":0,"enemies":"2 Fungi Beasts","floor":11,"turns":4},{"damage":0,"enemies":"3 Louse","floor":14,"turns":2},{"damage":11,"enemies":"Slime Boss","floor":16,"turns":7},{"damage":3,"enemies":"2 Thieves","floor":18,"turns":4},{"damage":6,"enemies":"Chosen","floor":20,"turns":4},{"damage":16,"enemies":"Gremlin Leader","floor":23,"turns":5},{"damage":26,"enemies":"Centurion and Healer","floor":24,"turns":5},{"damage":7,"enemies":"Cultist and Chosen","floor":25,"turns":5},{"damage":17,"enemies":"Snake Plant","floor":28,"turns":4},{"damage":7,"enemies":"Shelled Parasite and Fungi","floor":29,"turns":3},{"damage":19,"enemies":"Automaton","floor":33,"turns":9},{"damage":5,"enemies":"3 Shapes","floor":35,"turns":3},{"damage":0,"enemies":"Orb Walker","floor":41,"turns":4},{"damage":12,"enemies":"Sphere and 2 Shapes","floor":42,"turns":8},{"damage":12,"enemies":"Transient","floor":45,"turns":5},{"damage":9,"enemies":"Writhing Mass","floor":46,"turns":5},{"damage":87,"enemies":"Donu and Deca","floor":50,"turns":6}],"seed_played":"-1166117091435834259","potions_obtained":[{"floor":1,"key":"SkillPotion"},{"floor":7,"key":"FocusPotion"},{"floor":14,"key":"SneckoOil"},{"floor":16,"key":"Poison Potion"},{"floor":18,"key":"PowerPotion"},{"floor":20,"key":"Poison Potion"},{"floor":23,"key":"Fire Potion"},{"floor":25,"key":"Energy Potion"},{"floor":41,"key":"SteroidPotion"}],"is_trial":false,"path_per_floor":["M","?","?","M","?","R","M","$","T","E","M","R","$","M","R","B",null,"M","?","M","?","$","E","M","M","T","?","M","M","T","?","R","B",null,"M","$","?","?","?","R","M","M","T","$","M","M","R","?","R","B"],"character_chosen":"DEFECT","items_purchased":["Molten Egg 2","Doom and Gloom+1","Scrape+1","Go for the Eyes+1","Self Repair","Gash+1","Redo","Blind","Capacitor"],"campfire_rested":2,"item_purchase_floors":[8,13,22,22,22,36,36,36,44],"current_hp_per_floor":[72,72,72,72,72,72,72,72,72,71,71,71,71,71,71,60,75,72,72,66,60,60,51,25,25,25,25,15,15,15,40,75,63,75,75,75,75,66,66,66,75,63,63,63,58,56,56,56,75,0],"gold":0,"neow_bonus":"TRANSFORM_CARD","is_prod":false,"is_daily":false,"chose_seed":false,"campfire_upgraded":5,"win_rate":0,"timestamp":1555200730,"path_taken":["M","?","?","M","?","R","M","$","T","E","M","R","$","M","R","BOSS","M","?","M","?","$","E","M","M","T","?","M","M","?","?","R","BOSS","M","$","?","?","?","R","M","M","T","$","?","M","R","?","R","BOSS"],"build_version":"2019-01-23","purchased_purges":0,"victory":false,"max_hp_per_floor":[75,75,75,75,75,75,75,75,75,75,75,75,75,75,75,75,75,75,75,75,75,75,75,75,75,75,75,75,75,75,75,75,75,75,75,75,75,75,75,75,75,75,75,75,75,75,75,75,75,75],"card_choices":[{"not_picked":["BootSequence","Turbo"],"picked":"Undo","floor":1},{"not_picked":["Conserve Battery","Streamline"],"picked":"Gash","floor":4},{"not_picked":["Chaos","Compile Driver"],"picked":"Rip and Tear","floor":7},{"not_picked":["Aggregate","Barrage+1"],"picked":"Creative AI","floor":10},{"not_picked":["Blizzard+1","Streamline+1"],"picked":"Reinforced Body","floor":11},{"not_picked":["Stack","Steam"],"picked":"Gash+1","floor":14},{"not_picked":["Rainbow","Hyperbeam+1"],"picked":"Amplify","floor":16},{"not_picked":[],"picked":"Ball Lightning+1","floor":18},{"not_picked":[],"picked":"Turbo+1","floor":20},{"not_picked":[],"picked":"Gash+1","floor":23},{"not_picked":["Ball Lightning+1"],"picked":"SKIP","floor":24},{"not_picked":["Hello World+1"],"picked":"SKIP","floor":25},{"not_picked":[],"picked":"Stack+1","floor":28},{"not_picked":[],"picked":"Force Field","floor":29},{"not_picked":[],"picked":"Multi-Cast","floor":33},{"not_picked":[],"picked":"Coolheaded+1","floor":35},{"not_picked":[],"picked":"Trip","floor":39},{"not_picked":["Redo"],"picked":"SKIP","floor":41},{"not_picked":["Steam+1"],"picked":"SKIP","floor":42},{"not_picked":[],"picked":"Tempest","floor":45},{"not_picked":[],"picked":"Consume","floor":46}],"player_experience":212312,"relics_obtained":[{"floor":9,"key":"Vajra"},{"floor":10,"key":"Unceasing Top"},{"floor":23,"key":"Sundial"},{"floor":26,"key":"Regal Pillow"},{"floor":30,"key":"Mummified Hand"},{"floor":43,"key":"Pen Nib"}],"event_choices":[{"cards_removed":["Strike_B"],"damage_healed":0,"gold_gain":0,"player_choice":"Card Removal","damage_taken":0,"max_hp_gain":0,"max_hp_loss":0,"event_name":"The Cleric","floor":2,"gold_loss":50},{"damage_healed":0,"gold_gain":175,"player_choice":"AGREE","damage_taken":0,"max_hp_gain":0,"max_hp_loss":0,"event_name":"Liars Game","floor":3,"gold_loss":0,"cards_obtained":["Doubt"]},{"cards_removed":["Doubt"],"damage_healed":0,"gold_gain":0,"player_choice":"Forget","damage_taken":0,"max_hp_gain":0,"max_hp_loss":0,"event_name":"Living Wall","floor":5,"gold_loss":0},{"damage_healed":0,"gold_gain":0,"player_choice":"Ignored","damage_taken":0,"max_hp_gain":0,"max_hp_loss":0,"event_name":"Ghosts","floor":19,"gold_loss":0},{"damage_healed":0,"gold_gain":0,"player_choice":"Joined the Cult","damage_taken":6,"max_hp_gain":0,"max_hp_loss":0,"event_name":"Nest","floor":21,"gold_loss":0,"cards_obtained":["RitualDagger"]},{"cards_removed":["Strike_B"],"damage_healed":0,"gold_gain":0,"player_choice":"Gave Gold","damage_taken":0,"max_hp_gain":0,"max_hp_loss":0,"event_name":"Beggar","floor":27,"gold_loss":75},{"damage_healed":25,"gold_gain":0,"player_choice":"Heal","damage_taken":0,"max_hp_gain":0,"max_hp_loss":0,"event_name":"The Library","floor":31,"gold_loss":0},{"cards_removed":["Gash"],"damage_healed":0,"gold_gain":0,"player_choice":"Removed Attack","damage_taken":0,"max_hp_gain":0,"max_hp_loss":0,"event_name":"Falling","floor":37,"gold_loss":0},{"damage_healed":0,"gold_gain":0,"player_choice":"Embrace Madness","damage_taken":9,"max_hp_gain":0,"max_hp_loss":0,"event_name":"Winding Halls","floor":38,"gold_loss":0,"cards_obtained":["Madness","Madness"]},{"damage_healed":0,"gold_gain":0,"player_choice":"Memory 1","damage_taken":0,"max_hp_gain":0,"max_hp_loss":0,"event_name":"SensoryStone","floor":39,"gold_loss":0},{"damage_healed":0,"gold_gain":0,"player_choice":"Paid","damage_taken":0,"relics_obtained":["Red Mask"],"max_hp_gain":0,"max_hp_loss":0,"event_name":"Tomb of Lord Red Mask","floor":48,"gold_loss":39}],"is_beta":false,"boss_relics":[{"not_picked":["Coffee Dripper","Astrolabe"],"picked":"Busted Crown"},{"not_picked":["Orrery","White Beast Statue"],"picked":"FrozenCore"}],"items_purged_floors":[],"is_endless":false,"potions_floor_spawned":[1,7,14,16,18,20,23,25,41],"killed_by":"Donu and Deca","ascension_level":2}