{"gold_per_floor":[115,65,65,65,65,96,111,142,165,252,264,314,340,377,389,401],"floor_reached":16,"playtime":988,"items_purged":[],"score":148,"play_id":"145dd6ec-035f-42eb-b828-e9becd1b6814","local_time":"20190313135123","is_ascension_mode":true,"campfire_choices":[{"floor":11.0,"key":"REST"},{"floor":15.0,"key":"REST"}],"neow_cost":"PERCENT_DAMAGE","seed_source_timestamp":76977562113053,"circlet_count":0,"master_deck":["Strike_R","Strike_R","Defend_R","Defend_R","Defend_R","Bash","Rupture","Thunderclap","Dropkick","Warcry","Shrug It Off","Seeing Red","Rage"],"special_seed":0,"relics":["Burning Blood","Golden Idol","Thread and Needle","Strawberry","Ancient Tea Set","MawBank","Gremlin Horn","Anchor"],"potions_floor_usage":[16],"damage_taken":[{"damage":0.0,"enemies":"2 Louse","floor":1.0,"turns":3.0},{"damage":28.0,"enemies":"Lagavulin","floor":6.0,"turns":8.0},{"damage":0.0,"enemies":"Jaw Worm","floor":7.0,"turns":3.0},{"damage":17.0,"enemies":"3 Sentries","floor":8.0,"turns":8.0},{"damage":44.0,"enemies":"Lagavulin","floor":12.0,"turns":9.0},{"damage":0.0,"enemies":"Small Slimes","floor":13.0,"turns":2.0},{"damage":2.0,"enemies":"Exordium Wildlife","floor":14.0,"turns":7.0},{"damage":48,"enemies":"Hexaghost","floor":16,"turns":9}],"seed_played":"704935541342563512","potions_obtained":[{"floor":1.0,"key":"PowerPotion"},{"floor":7.0,"key":"Poison Potion"},{"floor":13.0,"key":"Explosive Potion"},{"floor":14.0,"key":"Dexterity Potion"}],"is_trial":false,"path_per_floor":["M","?","?","T","?","E","M","E","T","T","R","E","M","M","R","B"],"character_chosen":"IRONCLAD","items_purchased":[],"campfire_rested":2,"item_purchase_floors":[],"current_hp_per_floor":[62,62,42,42,42,27,33,22,22,22,48,10,16,20,46,0],"gold":401,"neow_bonus":"TRANSFORM_TWO_CARDS","is_prod":false,"is_daily":false,"chose_seed":false,"campfire_upgraded":0,"win_rate":0,"timestamp":1552481483,"path_taken":["M","?","?","?","?","E","?","E","T","?","R","E","?","M","R","BOSS"],"build_version":"2019-01-23","purchased_purges":0,"victory":false,"max_hp_per_floor":[80,80,80,80,80,87,87,87,87,87,87,87,87,87,87,87],"card_choices":[{"not_picked":["Heavy Blade","Flex"],"picked":"Dropkick","floor":1.0},{"not_picked":["Wild Strike","True Grit","Intimidate"],"picked":"SKIP","floor":6.0},{"not_picked":["Shockwave","Shrug It Off"],"picked":"Warcry","floor":7.0},{"not_picked":["Clash","Perfected Strike"],"picked":"Shrug It Off","floor":8.0},{"not_picked":["Feed","Cleave"],"picked":"Seeing Red","floor":12.0},{"not_picked":["Headbutt","Sentinel"],"picked":"Rage","floor":13.0},{"not_picked":["Thunderclap","Pummel","Power Through"],"picked":"SKIP","floor":14.0}],"player_experience":79414,"relics_obtained":[{"floor":4.0,"key":"Thread and Needle"},{"floor":6.0,"key":"Strawberry"},{"floor":8.0,"key":"Ancient Tea Set"},{"floor":9.0,"key":"MawBank"},{"floor":10.0,"key":"Gremlin Horn"},{"floor":12.0,"key":"Anchor"}],"event_choices":[{"cards_removed":["Strike_R"],"damage_healed":0.0,"max_hp_gain":0.0,"max_hp_loss":0.0,"gold_gain":0.0,"event_name":"The Cleric","player_choice":"Card Removal","floor":2.0,"gold_loss":50.0,"damage_taken":0.0},{"damage_healed":0.0,"max_hp_gain":0.0,"max_hp_loss":0.0,"gold_gain":0.0,"event_name":"Golden Idol","player_choice":"Take Damage","floor":3.0,"gold_loss":0.0,"damage_taken":20.0,"relics_obtained":["Golden Idol"]},{"cards_removed":["Strike_R"],"damage_healed":0.0,"max_hp_gain":0.0,"max_hp_loss":0.0,"gold_gain":0.0,"event_name":"Purifier","player_choice":"Purged","floor":5.0,"gold_loss":0.0,"damage_taken":0.0}],"is_beta":false,"boss_relics":[],"items_purged_floors":[],"is_endless":false,"potions_floor_spawned":[1,7,13,14],"killed_by":"Hexaghost","ascension_level":5}