{"gold_per_floor":[117,133,150,150,167,167,10,42,42,42,62,92,92,45,45,145,145,160,259,184,50,50,81,81,64,117,117,117,135,153,182,182,285,285,296,351,451,466,477,512,512,542,542,571,571,588,618,42,42,42],"floor_reached":51,"playtime":10399,"items_purged":["Strike_G","Defend_G","Normality"],"score":850,"play_id":"2cbccc58-0b48-4b96-9c4b-27ce923ad4e1","local_time":"20190626022515","is_ascension_mode":true,"campfire_choices":[{"data":"Neutralize","floor":6,"key":"SMITH"},{"data":"Footwork","floor":10,"key":"SMITH"},{"data":"Phantasmal Killer","floor":13,"key":"SMITH"},{"data":"Skewer","floor":15,"key":"SMITH"},{"data":"Well Laid Plans","floor":24,"key":"SMITH"},{"data":"Well Laid Plans","floor":28,"key":"SMITH"},{"data":"Burst","floor":32,"key":"SMITH"},{"data":"Outmaneuver","floor":41,"key":"SMITH"},{"floor":45,"key":"REST"},{"floor":49,"key":"REST"}],"neow_cost":"PERCENT_DAMAGE","seed_source_timestamp":42798190329000,"circlet_count":0,"master_deck":["Defend_G","Defend_G","Defend_G","Strike_G","Survivor","Neutralize+1","Well Laid Plans+1","Skewer+1","Well Laid Plans+1","Footwork+1","Terror","Phantasmal Killer+1","Outmaneuver+1","After Image","PiercingWail","Infinite Blades","Leg Sweep","Ghostly","Ghostly","Ghostly","Ghostly","Ghostly","Burst+1","Outmaneuver+1","Escape Plan","Footwork+1","PiercingWail+1","Blur+1","Noxious Fumes","Apotheosis+1"],"relics":["Ring of the Serpent","Centennial Puzzle","Bronze Scales","Shuriken","Cursed Key","PreservedInsect","Strawberry","Ancient Tea Set","Shovel","Snake Skull","Toxic Egg 2","Prayer Wheel","Gremlin Horn","Incense Burner"],"potions_floor_usage":[12,12,23,30,36,50,50],"damage_taken":[{"damage":0,"enemies":"Cultist","floor":1,"turns":5},{"damage":0,"enemies":"2 Louse","floor":2,"turns":3},{"damage":1,"enemies":"Jaw Worm","floor":3,"turns":6},{"damage":0,"enemies":"2 Fungi Beasts","floor":5,"turns":3},{"damage":1,"enemies":"Lagavulin","floor":8,"turns":12},{"damage":0,"enemies":"Blue Slaver","floor":11,"turns":4},{"damage":1,"enemies":"3 Sentries","floor":12,"turns":10},{"damage":11,"enemies":"The Guardian","floor":16,"turns":7},{"damage":0,"enemies":"Chosen","floor":18,"turns":6},{"damage":27,"enemies":"Gremlin Leader","floor":23,"turns":4},{"damage":4,"enemies":"2 Thieves","floor":25,"turns":4},{"damage":3,"enemies":"Cultist and Chosen","floor":29,"turns":7},{"damage":0,"enemies":"Sentry and Sphere","floor":30,"turns":5},{"damage":2,"enemies":"Slavers","floor":31,"turns":7},{"damage":8,"enemies":"Champ","floor":33,"turns":9},{"damage":1,"enemies":"Orb Walker","floor":35,"turns":3},{"damage":21,"enemies":"2 Orb Walkers","floor":36,"turns":9},{"damage":0,"enemies":"3 Shapes","floor":38,"turns":8},{"damage":0,"enemies":"Jaw Worm Horde","floor":39,"turns":7},{"damage":1,"enemies":"Reptomancer","floor":40,"turns":5},{"damage":0,"enemies":"Nemesis","floor":42,"turns":5},{"damage":8,"enemies":"Giant Head","floor":44,"turns":7},{"damage":1,"enemies":"Sphere and 2 Shapes","floor":46,"turns":6},{"damage":1,"enemies":"Nemesis","floor":47,"turns":9},{"damage":3,"enemies":"Awakened One","floor":50,"turns":17}],"seed_played":"-449754832980085899","potions_obtained":[{"floor":1,"key":"Swift Potion"},{"floor":2,"key":"Swift Potion"},{"floor":5,"key":"FearPotion"},{"floor":16,"key":"LiquidBronze"},{"floor":25,"key":"SkillPotion"},{"floor":29,"key":"GhostInAJar"},{"floor":33,"key":"Dexterity Potion"},{"floor":38,"key":"Weak Potion"},{"floor":40,"key":"Dexterity Potion"},{"floor":46,"key":"Block Potion"}],"is_trial":false,"path_per_floor":["M","M","M","?","M","R","$","E","T","R","M","E","R","$","R","B",null,"M","?","?","$","?","E","R","M","T","?","R","M","M","E","R","B",null,"M","?","?","M","M","E","R","E","T","E","R","M","E","$","R","B",null],"character_chosen":"THE_SILENT","items_purchased":["Footwork","Outmaneuver","Infinite Blades","Incense Burner","Apotheosis+1"],"campfire_rested":2,"item_purchase_floors":[7,14,21,48,48],"current_hp_per_floor":[49,49,48,48,48,48,48,47,47,47,47,46,46,46,46,35,70,70,70,70,70,70,43,43,39,46,38,38,35,35,33,33,25,38,37,16,16,16,16,15,15,15,15,7,18,17,16,16,27,24],"gold":42,"neow_bonus":"REMOVE_TWO","is_prod":false,"is_daily":false,"chose_seed":false,"campfire_upgraded":8,"win_rate":1,"timestamp":1561530315,"path_taken":["M","M","M","?","?","R","$","E","T","R","M","E","R","$","R","BOSS","M","?","?","$","?","E","R","M","T","?","R","M","?","E","R","BOSS","M","?","?","M","M","E","R","E","T","E","R","M","E","$","R","BOSS"],"build_version":"2019-01-23","purchased_purges":3,"victory":true,"max_hp_per_floor":[70,70,70,70,70,70,70,70,70,70,70,70,70,70,70,70,70,70,70,70,70,70,70,70,70,77,38,38,38,38,38,38,38,38,38,38,38,38,38,38,38,38,38,38,38,38,38,38,38,38],"card_choices":[{"not_picked":["Distraction","Choke"],"picked":"Well Laid Plans","floor":1},{"not_picked":["Deadly Poison","Sucker Punch"],"picked":"Skewer","floor":2},{"not_picked":["Dagger Throw","Flying Knee","Quick Slash"],"picked":"SKIP","floor":3},{"not_picked":["Outmaneuver","Dodge and Roll"],"picked":"Well Laid Plans","floor":5},{"not_picked":["Flying Knee","Dagger Throw","Finisher"],"picked":"SKIP","floor":8},{"not_picked":["Deflect","All Out Attack"],"picked":"Terror","floor":11},{"not_picked":["Envenom","Flechettes"],"picked":"Phantasmal Killer","floor":12},{"not_picked":["Wraith Form v2","Phantasmal Killer"],"picked":"After Image","floor":16},{"not_picked":["Finisher","Sucker Punch"],"picked":"PiercingWail","floor":18},{"not_picked":["Calculated Gamble","Caltrops"],"picked":"Leg Sweep","floor":23},{"not_picked":["Slice+1","Deadly Poison","Heel Hook+1"],"picked":"SKIP","floor":25},{"not_picked":["Leg Sweep","Deadly Poison+1","Sucker Punch+1"],"picked":"SKIP","floor":29},{"not_picked":["Skewer","Catalyst"],"picked":"Burst","floor":30},{"not_picked":["Blade Dance","Catalyst","Bane"],"picked":"SKIP","floor":31},{"not_picked":["Quick Slash","Underhanded Strike+1","Infinite Blades"],"picked":"SKIP","floor":35},{"not_picked":["Deflect+1","Acrobatics+1"],"picked":"Outmaneuver+1","floor":36},{"not_picked":["Flying Knee","Distraction+1"],"picked":"Escape Plan","floor":38},{"not_picked":["Eviscerate+1","Blade Dance+1"],"picked":"Footwork+1","floor":39},{"not_picked":["Prepared+1","Predator","Acrobatics"],"picked":"SKIP","floor":40},{"not_picked":["Prepared","Crippling Poison+1","Quick Slash+1"],"picked":"SKIP","floor":42},{"not_picked":["Calculated Gamble+1","Backstab"],"picked":"PiercingWail+1","floor":44},{"not_picked":["Blade Dance+1","Distraction+1"],"picked":"Blur+1","floor":46},{"not_picked":["Acrobatics+1","Venomology+1","Dagger Throw"],"picked":"SKIP","floor":46},{"not_picked":["Blur+1","Doppelganger+1"],"picked":"Noxious Fumes","floor":47}],"player_experience":26411,"relics_obtained":[{"floor":8,"key":"Centennial Puzzle"},{"floor":9,"key":"Bronze Scales"},{"floor":12,"key":"Shuriken"},{"floor":23,"key":"PreservedInsect"},{"floor":26,"key":"Strawberry"},{"floor":31,"key":"Ancient Tea Set"},{"floor":36,"key":"Shovel"},{"floor":40,"key":"Snake Skull"},{"floor":42,"key":"Toxic Egg 2"},{"floor":44,"key":"Prayer Wheel"},{"floor":47,"key":"Gremlin Horn"}],"event_choices":[{"damage_healed":0,"gold_gain":0,"player_choice":"Bought 0 Potions","damage_taken":0,"max_hp_gain":0,"max_hp_loss":0,"event_name":"The Woman in Blue","floor":4,"gold_loss":0},{"damage_healed":0,"gold_gain":99,"player_choice":"Stole From Cult","damage_taken":0,"max_hp_gain":0,"max_hp_loss":0,"event_name":"Nest","floor":19,"gold_loss":0},{"cards_removed":["Strike_G"],"damage_healed":0,"gold_gain":0,"player_choice":"Gave Gold","damage_taken":0,"max_hp_gain":0,"max_hp_loss":0,"event_name":"Beggar","floor":20,"gold_loss":75},{"cards_removed":["Defend_G"],"damage_healed":0,"gold_gain":0,"player_choice":"Elegance","damage_taken":0,"max_hp_gain":0,"max_hp_loss":0,"event_name":"Back to Basics","floor":22,"gold_loss":0},{"damage_healed":0,"gold_gain":0,"player_choice":"Became a Ghost","damage_taken":0,"max_hp_gain":0,"max_hp_loss":39,"event_name":"Ghosts","floor":27,"gold_loss":0,"cards_obtained":["Ghostly","Ghostly","Ghostly","Ghostly","Ghostly"]},{"damage_healed":0,"gold_gain":0,"player_choice":"Fight","damage_taken":0,"max_hp_gain":0,"max_hp_loss":0,"event_name":"Mysterious Sphere","floor":36,"gold_loss":0},{"damage_healed":0,"gold_gain":100,"player_choice":"Pray","damage_taken":0,"max_hp_gain":0,"max_hp_loss":0,"event_name":"Golden Shrine","floor":37,"gold_loss":0}],"is_beta":false,"boss_relics":[{"not_picked":["White Beast Statue","Astrolabe"],"picked":"Cursed Key"},{"not_picked":["HoveringKite","Lizard Tail"],"picked":"Ring of the Serpent"}],"items_purged_floors":[7,21,48],"is_endless":false,"potions_floor_spawned":[1,2,5,8,16,25,29,33,38,40,44,46],"ascension_level":1}