{"gold_per_floor":[118,133,146,3,21,52,52,80,80,109,109,109,109,34,34,164,164,157,172,193,214,214,214,214],"floor_reached":24,"playtime":1179,"items_purged":["Strike_R"],"score":259,"play_id":"79467c33-9d38-4427-9d43-d728d10caf6d","local_time":"20190428162409","is_ascension_mode":true,"campfire_choices":[{"data":"Power Through","floor":7,"key":"SMITH"},{"data":"Bash","floor":11,"key":"SMITH"},{"data":"Wild Strike","floor":13,"key":"SMITH"},{"floor":15,"key":"REST"},{"data":"Limit Break","floor":23,"key":"SMITH"}],"neow_cost":"NONE","seed_source_timestamp":341317469671900,"circlet_count":0,"master_deck":["Strike_R","Strike_R","Strike_R","Strike_R","Defend_R","Defend_R","Defend_R","Defend_R","Bash+1","Power Through+1","Rampage+1","Uppercut+1","Ghostly Armor","Iron Wave","Wild Strike+1","Impervious","Demon Form","Pummel","Battle Trance","Limit Break+1"],"relics":["Burning Blood","Whetstone","Meat on the Bone","Nunchaku","Kunai","Golden Idol","Eternal Feather"],"potions_floor_usage":[6,16,18,24],"damage_taken":[{"damage":7,"enemies":"2 Louse","floor":1,"turns":3},{"damage":8,"enemies":"Small Slimes","floor":2,"turns":5},{"damage":7,"enemies":"Jaw Worm","floor":3,"turns":4},{"damage":12,"enemies":"Exordium Wildlife","floor":5,"turns":4},{"damage":18,"enemies":"Lagavulin","floor":6,"turns":6},{"damage":25,"enemies":"Gremlin Nob","floor":8,"turns":5},{"damage":15,"enemies":"3 Sentries","floor":10,"turns":9},{"damage":27,"enemies":"Slime Boss","floor":16,"turns":15},{"damage":0,"enemies":"2 Thieves","floor":18,"turns":4},{"damage":2,"enemies":"Chosen","floor":19,"turns":6},{"damage":31,"enemies":"Snake Plant","floor":20,"turns":6},{"damage":30,"enemies":"Chosen and Byrds","floor":21,"turns":9},{"damage":82,"enemies":"Gremlin Leader","floor":24,"turns":5}],"seed_played":"4582119491723146681","potions_obtained":[{"floor":3,"key":"Block Potion"},{"floor":5,"key":"GamblersBrew"},{"floor":6,"key":"SkillPotion"},{"floor":8,"key":"FearPotion"},{"floor":10,"key":"SkillPotion"},{"floor":19,"key":"BloodPotion"},{"floor":20,"key":"Ancient Potion"}],"is_trial":false,"path_per_floor":["M","M","M","$","M","E","R","E","T","E","R","?","R","$","R","B",null,"M","M","M","M","?","R","E"],"character_chosen":"IRONCLAD","items_purchased":["Whetstone"],"campfire_rested":1,"item_purchase_floors":[4],"current_hp_per_floor":[87,85,84,84,78,66,66,59,59,62,62,40,40,40,66,57,88,88,88,63,51,51,63,0],"gold":214,"neow_bonus":"TEN_PERCENT_HP_BONUS","is_prod":false,"is_daily":false,"chose_seed":false,"campfire_upgraded":4,"win_rate":0,"timestamp":1556493849,"path_taken":["M","M","M","$","M","E","R","E","T","E","R","?","R","$","R","BOSS","M","M","M","M","?","R","E"],"build_version":"2019-01-23","purchased_purges":1,"victory":false,"max_hp_per_floor":[88,88,88,88,88,88,88,88,88,88,88,88,88,88,88,88,88,88,88,88,88,88,88,88],"card_choices":[{"not_picked":["Headbutt","Thunderclap"],"picked":"Power Through","floor":1},{"not_picked":["Corruption","Perfected Strike"],"picked":"Rampage","floor":2},{"not_picked":["Burning Pact","Warcry"],"picked":"Uppercut","floor":3},{"not_picked":["Perfected Strike","Body Slam"],"picked":"Ghostly Armor","floor":5},{"not_picked":["Juggernaut","Body Slam"],"picked":"Iron Wave","floor":6},{"not_picked":["Battle Trance","Pummel"],"picked":"Wild Strike","floor":8},{"not_picked":["Exhume","Clash"],"picked":"Impervious","floor":10},{"not_picked":["Double Tap","Fiend Fire"],"picked":"Demon Form","floor":16},{"not_picked":["Twin Strike","Wild Strike"],"picked":"Pummel","floor":18},{"not_picked":["Perfected Strike","Sword Boomerang+1","Flex"],"picked":"SKIP","floor":19},{"not_picked":["Sword Boomerang","Spot Weakness"],"picked":"Battle Trance","floor":20},{"not_picked":["Cleave","Warcry+1","Flex"],"picked":"SKIP","floor":21}],"player_experience":260082,"relics_obtained":[{"floor":6,"key":"Meat on the Bone"},{"floor":8,"key":"Nunchaku"},{"floor":10,"key":"Kunai"}],"event_choices":[{"damage_healed":0,"gold_gain":0,"player_choice":"Take Damage","damage_taken":22,"relics_obtained":["Golden Idol"],"max_hp_gain":0,"max_hp_loss":0,"event_name":"Golden Idol","floor":12,"gold_loss":0},{"damage_healed":0,"gold_gain":0,"player_choice":"Read","damage_taken":0,"max_hp_gain":0,"max_hp_loss":0,"event_name":"The Library","floor":22,"gold_loss":0,"cards_obtained":["Limit Break"]}],"is_beta":false,"boss_relics":[{"not_picked":["Snecko Eye","Runic Dome"],"picked":"Eternal Feather"}],"items_purged_floors":[14],"is_endless":false,"potions_floor_spawned":[3,5,6,8,10,19,20],"killed_by":"Gremlin Leader","ascension_level":4}