{"gold_per_floor":[16,16,36,36,53,53,80,80,80,95,95,110,110,140,140,213,213,232,247,247,258,41,41,53,85,137,62,73,104,104,4,4,4],"floor_reached":33,"playtime":1694,"items_purged":["Backflip","Expertise"],"score":592,"play_id":"09ecabcc-79ae-4f38-9c4d-4188d634b87c","local_time":"20190529192605","is_ascension_mode":true,"campfire_choices":[{"data":"Skewer","floor":6.0,"key":"SMITH"},{"data":"Terror","floor":8.0,"key":"SMITH"},{"data":"Blade Dance","floor":11.0,"key":"SMITH"},{"data":"Cloak And Dagger","floor":13.0,"key":"SMITH"},{"data":"Neutralize","floor":15.0,"key":"SMITH"},{"data":"Wraith Form v2","floor":23,"key":"SMITH"},{"data":"Setup","floor":32,"key":"SMITH"}],"neow_cost":"NO_GOLD","seed_source_timestamp":1041137296264950,"circlet_count":0,"master_deck":["AscendersBane","Defend_G","Defend_G","Defend_G","Defend_G","Survivor","Neutralize+1","Skewer+1","Infinite Blades","Terror+1","Finisher","Blade Dance+1","Cloak And Dagger+1","Wraith Form v2+1","Wraith Form v2","Slice","Backstab","Deflect","Deflect","Setup+1","All Out Attack","Setup"],"special_seed":0,"relics":["Ring of the Snake","Dodecahedron","Pantograph","Bronze Scales","Runic Pyramid","Meat on the Bone","Happy Flower","Dream Catcher"],"potions_floor_usage":[18,25,29,33],"damage_taken":[{"damage":11.0,"enemies":"Small Slimes","floor":1.0,"turns":4.0},{"damage":0.0,"enemies":"2 Louse","floor":3.0,"turns":3.0},{"damage":0.0,"enemies":"Cultist","floor":5.0,"turns":3.0},{"damage":10.0,"enemies":"Gremlin Nob","floor":7.0,"turns":3.0},{"damage":0.0,"enemies":"3 Louse","floor":10.0,"turns":3.0},{"damage":0.0,"enemies":"Red Slaver","floor":12.0,"turns":1.0},{"damage":0.0,"enemies":"Lagavulin","floor":14.0,"turns":5.0},{"damage":6.0,"enemies":"Hexaghost","floor":16.0,"turns":6.0},{"damage":8,"enemies":"2 Thieves","floor":18,"turns":3},{"damage":5,"enemies":"Chosen","floor":19,"turns":4},{"damage":8,"enemies":"3 Cultists","floor":21,"turns":7},{"damage":5,"enemies":"Centurion and Healer","floor":24,"turns":5},{"damage":2,"enemies":"Book of Stabbing","floor":25,"turns":5},{"damage":1,"enemies":"Snecko","floor":28,"turns":5},{"damage":5,"enemies":"Gremlin Leader","floor":29,"turns":7},{"damage":88,"enemies":"Collector","floor":33,"turns":11}],"seed_played":"-4740806063717225372","potions_obtained":[{"floor":1.0,"key":"AttackPotion"},{"floor":7.0,"key":"GhostInAJar"},{"floor":10.0,"key":"EssenceOfSteel"},{"floor":14.0,"key":"Fire Potion"},{"floor":21,"key":"Energy Potion"},{"floor":25,"key":"Swift Potion"}],"is_trial":false,"path_per_floor":["M","?","M","?","M","R","E","R","T","M","R","M","R","E","R","B",null,"M","M","?","M","$","R","M","E","T","?","M","E","?","$","R","B"],"character_chosen":"THE_SILENT","items_purchased":["Backstab","Deflect"],"campfire_rested":0,"item_purchase_floors":[22,22],"current_hp_per_floor":[48,41,41,41,41,41,31,31,31,31,31,31,31,31,31,50,62,54,49,49,41,41,41,36,34,34,34,45,40,40,40,40,0],"gold":4,"neow_bonus":"TRANSFORM_TWO_CARDS","is_prod":false,"is_daily":false,"chose_seed":false,"campfire_upgraded":7,"win_rate":0,"timestamp":1559150765,"path_taken":["M","?","M","?","M","R","E","R","T","?","R","M","R","E","R","BOSS","M","M","?","?","$","R","M","E","T","?","M","E","?","$","R","BOSS"],"build_version":"2019-01-23","purchased_purges":2,"victory":false,"max_hp_per_floor":[66,66,66,66,66,66,66,66,66,66,66,66,66,66,66,66,66,66,66,66,66,66,66,66,66,66,66,66,66,66,66,66,66],"card_choices":[{"not_picked":["Eviscerate","Underhanded Strike"],"picked":"Escape Plan","floor":1.0},{"not_picked":["Bane","Escape Plan","Outmaneuver"],"picked":"SKIP","floor":3.0},{"not_picked":["Outmaneuver","Blur","All Out Attack"],"picked":"SKIP","floor":5.0},{"not_picked":["Caltrops","Storm of Steel"],"picked":"Finisher","floor":7.0},{"not_picked":["Flying Knee","Distraction"],"picked":"Blade Dance","floor":10.0},{"not_picked":["Sucker Punch","Underhanded Strike"],"picked":"Cloak And Dagger","floor":12.0},{"not_picked":["Calculated Gamble","Deflect"],"picked":"Backflip","floor":14.0},{"not_picked":["Corpse Explosion","Bullet Time"],"picked":"Wraith Form v2","floor":16.0},{"not_picked":["Quick Slash","Poisoned Stab","Sucker Punch"],"picked":"SKIP","floor":18},{"not_picked":["Sucker Punch+1","Infinite Blades","Caltrops"],"picked":"SKIP","floor":19},{"not_picked":["Dash","Blur"],"picked":"Slice","floor":21},{"not_picked":["Dodge and Roll","Flying Knee"],"picked":"Deflect","floor":24},{"not_picked":["Riddle With Holes","Infinite Blades"],"picked":"Setup","floor":25},{"not_picked":["Quick Slash+1","Dodge and Roll","Distraction"],"picked":"SKIP","floor":28},{"not_picked":["Underhanded Strike+1","Backflip"],"picked":"All Out Attack","floor":29}],"player_experience":460376,"relics_obtained":[{"floor":7.0,"key":"Dodecahedron"},{"floor":9.0,"key":"Pantograph"},{"floor":14.0,"key":"Bronze Scales"},{"floor":25,"key":"Meat on the Bone"},{"floor":26,"key":"Happy Flower"},{"floor":29,"key":"Dream Catcher"}],"event_choices":[{"cards_removed":["Strike_G"],"damage_healed":0.0,"max_hp_gain":0.0,"max_hp_loss":0.0,"gold_gain":0.0,"event_name":"Golden Wing","player_choice":"Card Removal","floor":2.0,"gold_loss":0.0,"damage_taken":7.0},{"damage_healed":0.0,"max_hp_gain":0.0,"max_hp_loss":0.0,"gold_gain":0.0,"cards_transformed":["Strike_G"],"event_name":"Transmorgrifier","player_choice":"Transformed","floor":4.0,"gold_loss":0.0,"damage_taken":0.0,"cards_obtained":["Terror"]},{"damage_healed":0,"gold_gain":0,"player_choice":"Copied","damage_taken":0,"max_hp_gain":0,"max_hp_loss":0,"event_name":"Duplicator","floor":20,"gold_loss":0,"cards_obtained":["Wraith Form v2"]},{"cards_removed":["Strike_G"],"damage_healed":0,"gold_gain":0,"player_choice":"Gave Gold","damage_taken":0,"max_hp_gain":0,"max_hp_loss":0,"event_name":"Beggar","floor":27,"gold_loss":75},{"damage_healed":0,"gold_gain":0,"cards_transformed":["Escape Plan","Strike_G"],"player_choice":"Became Test Subject","damage_taken":0,"max_hp_gain":0,"max_hp_loss":0,"event_name":"Drug Dealer","floor":30,"gold_loss":0,"cards_obtained":["Expertise","Setup"]}],"is_beta":false,"boss_relics":[{"not_picked":["Lizard Tail","Fusion Hammer"],"picked":"Runic Pyramid"}],"items_purged_floors":[22,31],"is_endless":false,"potions_floor_spawned":[1,7,10,14,21,25,28],"killed_by":"Collector","ascension_level":17}