{"gold_per_floor":[118,118,132,146,146,146,163,88,88,108,108,108,108,127,127,203,203,217,231,231,249,99,114,114,114],"floor_reached":25,"playtime":614,"items_purged":["Strike_B","Strike_B"],"score":371,"play_id":"c4079d32-5c85-41e1-aba2-9076eeb3364c","local_time":"20190616232233","is_ascension_mode":true,"campfire_choices":[{"data":"Streamline","floor":6,"key":"SMITH"},{"data":"Gash","floor":11,"key":"SMITH"},{"data":"Zap","floor":13,"key":"SMITH"},{"data":"Strike_B","floor":15,"key":"SMITH"},{"floor":24,"key":"REST"}],"neow_cost":"NONE","seed_source_timestamp":200037759481528,"circlet_count":0,"master_deck":["AscendersBane","Strike_B+1","Strike_B+1","Defend_B","Defend_B","Defend_B","Defend_B","Zap+1","Dualcast+1","Streamline+1","Gash+1","All For One","Gash+1","FTL","Go for the Eyes"],"relics":["Cracked Core","Bag of Marbles","Unceasing Top","Meat on the Bone","Fusion Hammer"],"potions_floor_usage":[7,19,23,25,25],"damage_taken":[{"damage":14,"enemies":"Jaw Worm","floor":1,"turns":4},{"damage":0,"enemies":"Cultist","floor":3,"turns":2},{"damage":3,"enemies":"Small Slimes","floor":4,"turns":2},{"damage":0,"enemies":"Red Slaver","floor":7,"turns":1},{"damage":8,"enemies":"Exordium Wildlife","floor":10,"turns":3},{"damage":1,"enemies":"Looter","floor":14,"turns":2},{"damage":30,"enemies":"Slime Boss","floor":16,"turns":7},{"damage":31,"enemies":"3 Byrds","floor":18,"turns":4},{"damage":0,"enemies":"Chosen","floor":19,"turns":2},{"damage":27,"enemies":"Centurion and Healer","floor":21,"turns":5},{"damage":9,"enemies":"Snake Plant","floor":23,"turns":2},{"damage":55,"enemies":"Book of Stabbing","floor":25,"turns":4}],"seed_played":"7427151484096508926","potions_obtained":[{"floor":3,"key":"Fire Potion"},{"floor":4,"key":"Energy Potion"},{"floor":10,"key":"SteroidPotion"},{"floor":12,"key":"Energy Potion"},{"floor":18,"key":"Swift Potion"},{"floor":19,"key":"Fire Potion"},{"floor":23,"key":"Weak Potion"}],"is_trial":false,"path_per_floor":["M","?","M","M","?","R","M","$","T","M","R","?","R","M","R","B",null,"M","M","?","M","$","M","R","E"],"character_chosen":"DEFECT","items_purchased":["Go for the Eyes"],"campfire_rested":1,"item_purchase_floors":[22],"current_hp_per_floor":[50,29,29,26,26,26,26,26,26,30,30,30,30,41,41,23,59,40,40,40,25,25,28,49,0],"gold":114,"neow_bonus":"RANDOM_COMMON_RELIC","is_prod":false,"is_daily":false,"chose_seed":false,"campfire_upgraded":4,"win_rate":0,"timestamp":1560720153,"path_taken":["M","?","M","M","?","R","?","$","T","M","R","?","R","M","R","BOSS","M","?","?","M","$","M","R","E"],"build_version":"2019-01-23","purchased_purges":2,"victory":false,"max_hp_per_floor":[71,71,71,71,71,71,71,71,71,71,71,71,71,71,71,71,71,71,71,71,71,71,71,71,71],"card_choices":[{"not_picked":["Redo","Compile Driver","Aggregate"],"picked":"SKIP","floor":1},{"not_picked":["Reprogram","Cold Snap","Hello World"],"picked":"SKIP","floor":3},{"not_picked":["Auto Shields","Go for the Eyes"],"picked":"Streamline","floor":4},{"not_picked":["White Noise","Ball Lightning"],"picked":"Gash","floor":7},{"not_picked":["Ball Lightning","Force Field","Sweeping Beam"],"picked":"SKIP","floor":10},{"not_picked":["Heatsinks","Blizzard","Sweeping Beam"],"picked":"SKIP","floor":14},{"not_picked":["Rainbow","Amplify"],"picked":"All For One","floor":16},{"not_picked":["Redo","Streamline+1","Compile Driver+1"],"picked":"SKIP","floor":18},{"not_picked":["Blizzard","Capacitor","Coolheaded"],"picked":"SKIP","floor":19},{"not_picked":["Redo","Fusion"],"picked":"FTL","floor":21},{"not_picked":["Barrage","Genetic Algorithm+1","Turbo"],"picked":"SKIP","floor":23}],"player_experience":577670,"relics_obtained":[{"floor":9,"key":"Meat on the Bone"}],"event_choices":[{"damage_healed":0,"gold_gain":0,"player_choice":"Entered Light","damage_taken":21,"max_hp_gain":0,"max_hp_loss":0,"event_name":"Shining Light","floor":2,"gold_loss":0,"cards_upgraded":["Dualcast","Strike_B"]},{"damage_healed":0,"gold_gain":0,"player_choice":"Gave Potion","damage_taken":0,"relics_obtained":["Unceasing Top"],"max_hp_gain":0,"max_hp_loss":0,"event_name":"WeMeetAgain","floor":5,"gold_loss":0},{"damage_healed":0,"gold_gain":0,"player_choice":"Got Potions","damage_taken":0,"max_hp_gain":0,"max_hp_loss":0,"event_name":"Lab","floor":12,"gold_loss":0},{"damage_healed":0,"gold_gain":0,"player_choice":"Copied","damage_taken":0,"max_hp_gain":0,"max_hp_loss":0,"event_name":"Duplicator","floor":20,"gold_loss":0,"cards_obtained":["Gash"]}],"is_beta":false,"boss_relics":[{"not_picked":["FrozenCore","White Beast Statue"],"picked":"Fusion Hammer"}],"items_purged_floors":[8,22],"is_endless":false,"potions_floor_spawned":[3,4,10,18,19,23],"killed_by":"Book of Stabbing","ascension_level":18}