{"gold_per_floor":[117,117,130,55,67,67,81,106,184,84,112,130,130,130,130,205,205,205,205,145,145,145],"floor_reached":22,"playtime":732,"items_purged":["Strike_R","Defend_R"],"score":442,"play_id":"4312e88e-bdb1-416a-b772-6e17690ec805","local_time":"20190616223000","is_ascension_mode":true,"campfire_choices":[{"data":"Bash","floor":6.0,"key":"SMITH"},{"data":"Double Tap","floor":13,"key":"SMITH"},{"data":"Spot Weakness","floor":15,"key":"SMITH"}],"neow_cost":"NONE","seed_source_timestamp":196717418271796,"circlet_count":0,"master_deck":["AscendersBane","Strike_R","Strike_R","Strike_R","Strike_R","Defend_R","Defend_R","Defend_R","Bash+1","Offering","Anger","Spot Weakness+1","Rage","Ghostly Armor","Clothesline","Double Tap+1","Demon Form","Sword Boomerang"],"special_seed":0,"relics":["Burning Blood","FossilizedHelix","Red Skull","Meat on the Bone","Paper Frog","Ectoplasm"],"potions_floor_usage":[20,22],"damage_taken":[{"damage":10.0,"enemies":"Jaw Worm","floor":1.0,"turns":3.0},{"damage":2.0,"enemies":"Small Slimes","floor":3.0,"turns":4.0},{"damage":0.0,"enemies":"2 Louse","floor":5.0,"turns":3.0},{"damage":9.0,"enemies":"Red Slaver","floor":7.0,"turns":3.0},{"damage":6.0,"enemies":"Gremlin Nob","floor":8.0,"turns":3.0},{"damage":20,"enemies":"Lagavulin","floor":11,"turns":7},{"damage":0,"enemies":"3 Louse","floor":12,"turns":3},{"damage":33,"enemies":"Hexaghost","floor":16,"turns":6},{"damage":36,"enemies":"Spheric Guardian","floor":18,"turns":6},{"damage":9,"enemies":"2 Thieves","floor":20,"turns":3},{"damage":23,"enemies":"Snake Plant","floor":21,"turns":4},{"damage":50,"enemies":"3 Cultists","floor":22,"turns":5}],"seed_played":"-112536033676853934","potions_obtained":[{"floor":1.0,"key":"EssenceOfSteel"},{"floor":5.0,"key":"SteroidPotion"},{"floor":7.0,"key":"Regen Potion"},{"floor":11,"key":"Strength Potion"},{"floor":18,"key":"FearPotion"},{"floor":19,"key":"Fire Potion"},{"floor":21,"key":"AttackPotion"}],"is_trial":false,"path_per_floor":["M","?","M","$","M","R","M","E","T","$","E","M","R","?","R","B",null,"M","?","M","M","M"],"character_chosen":"IRONCLAD","items_purchased":[],"campfire_rested":0,"item_purchase_floors":[],"current_hp_per_floor":[64,53,57,57,63,63,60,69,69,69,55,61,61,66,66,51,73,55,55,52,47,0],"gold":145,"neow_bonus":"ONE_RANDOM_RARE_CARD","is_prod":false,"is_daily":false,"chose_seed":false,"campfire_upgraded":3,"win_rate":0,"timestamp":1560717000,"path_taken":["M","?","M","$","M","R","M","E","T","?","E","M","R","?","R","BOSS","M","?","?","M","M"],"build_version":"2019-01-23","purchased_purges":2,"victory":false,"max_hp_per_floor":[75,75,75,75,75,75,75,75,75,75,75,75,75,80,80,80,80,80,80,80,80,80],"card_choices":[{"not_picked":["Intimidate","Armaments"],"picked":"Anger","floor":1.0},{"not_picked":["Entrench","Intimidate","Blood for Blood"],"picked":"SKIP","floor":3.0},{"not_picked":["Perfected Strike","Second Wind"],"picked":"Spot Weakness","floor":5.0},{"not_picked":["Dropkick","Heavy Blade"],"picked":"Rage","floor":7.0},{"not_picked":["Searing Blow","Evolve"],"picked":"Ghostly Armor","floor":8.0},{"not_picked":["Heavy Blade","Wild Strike"],"picked":"Clothesline","floor":11},{"not_picked":["Rage","Flex"],"picked":"Double Tap","floor":12},{"not_picked":["Immolate","Bludgeon"],"picked":"Demon Form","floor":16},{"not_picked":["Intimidate","Sever Soul","Combust"],"picked":"SKIP","floor":18},{"not_picked":["Clothesline","Second Wind","Pommel Strike"],"picked":"SKIP","floor":20},{"not_picked":["Flex","Metallicize"],"picked":"Sword Boomerang","floor":21}],"player_experience":574516,"relics_obtained":[{"floor":8.0,"key":"Red Skull"},{"floor":9.0,"key":"Meat on the Bone"},{"floor":11,"key":"Paper Frog"}],"event_choices":[{"damage_healed":0.0,"max_hp_gain":0.0,"max_hp_loss":0.0,"gold_gain":0.0,"event_name":"Scrap Ooze","player_choice":"Success","floor":2.0,"gold_loss":0.0,"damage_taken":11.0,"relics_obtained":["FossilizedHelix"]},{"damage_healed":0,"gold_gain":0,"player_choice":"Donut","damage_taken":0,"max_hp_gain":5,"max_hp_loss":0,"event_name":"Big Fish","floor":14,"gold_loss":0},{"damage_healed":0,"gold_gain":0,"player_choice":"Got Potions","damage_taken":0,"max_hp_gain":0,"max_hp_loss":0,"event_name":"Lab","floor":19,"gold_loss":0}],"is_beta":false,"boss_relics":[{"not_picked":["Eternal Feather","Black Star"],"picked":"Ectoplasm"}],"items_purged_floors":[4,10],"is_endless":false,"potions_floor_spawned":[1,5,7,11,18,21],"killed_by":"3 Cultists","ascension_level":20}