{"gold_per_floor":[115,129,129,33,33,33,63,63,63,83,101,101,114,131,131,233,233,243,243,255,269,281,281,300,300,300,300,314,314,314,314,314,418,418,430,430,1429,1440,1440,1473,1219,1233,1233,1233,1248,1265,1265,1279,1279,1279],"floor_reached":50,"playtime":1340,"items_purged":["Normality"],"score":526,"play_id":"52d12007-16de-40b2-909e-659745837b91","local_time":"20190609170857","is_ascension_mode":false,"campfire_choices":[{"data":"Perfected Strike","floor":6,"key":"SMITH"},{"data":"Trip","floor":8,"key":"SMITH"},{"data":"Pommel Strike","floor":12,"key":"SMITH"},{"data":"Ghostly Armor","floor":15,"key":"SMITH"},{"data":"Perfected Strike","floor":23,"key":"SMITH"},{"data":"Rage","floor":27,"key":"SMITH"},{"floor":32,"key":"REST"},{"floor":44,"key":"REST"},{"floor":49,"key":"REST"}],"neow_cost":"NONE","seed_source_timestamp":11527219892650,"circlet_count":0,"master_deck":["Strike_R","Strike_R","Strike_R","Strike_R","Defend_R","Defend_R","Defend_R","Bash+1","Perfected Strike+1","Pommel Strike+1","Sword Boomerang","Trip+1","Ghostly Armor+1","Twin Strike","Battle Trance","Immolate","Rage+1","Perfected Strike+1","Twin Strike+1","Pommel Strike","Impervious","Perfected Strike+1","Normality","Perfected Strike","Madness","Shrug It Off","Pommel Strike","Evolve+1","Twin Strike+1","Battle Trance+1"],"relics":["Runic Dome"],"potions_floor_usage":[20,33,35,40,40,40,42,42,46,46],"damage_taken":[{"damage":1,"enemies":"Jaw Worm","floor":1,"turns":3},{"damage":1,"enemies":"Cultist","floor":2,"turns":3},{"damage":13,"enemies":"Lagavulin","floor":7,"turns":4},{"damage":2,"enemies":"2 Louse","floor":10,"turns":2},{"damage":2,"enemies":"Blue Slaver","floor":11,"turns":3},{"damage":0,"enemies":"Gremlin Gang","floor":13,"turns":3},{"damage":0,"enemies":"3 Louse","floor":14,"turns":3},{"damage":23,"enemies":"Hexaghost","floor":16,"turns":7},{"damage":5,"enemies":"3 Byrds","floor":18,"turns":3},{"damage":0,"enemies":"Shell Parasite","floor":20,"turns":2},{"damage":7,"enemies":"Cultist and Chosen","floor":21,"turns":4},{"damage":13,"enemies":"Snake Plant","floor":22,"turns":3},{"damage":0,"enemies":"Centurion and Healer","floor":24,"turns":2},{"damage":0,"enemies":"Chosen and Byrds","floor":28,"turns":3},{"damage":66,"enemies":"Champ","floor":33,"turns":8},{"damage":25,"enemies":"3 Shapes","floor":35,"turns":3},{"damage":5,"enemies":"Orb Walker","floor":38,"turns":2},{"damage":18,"enemies":"Reptomancer","floor":40,"turns":4},{"damage":18,"enemies":"3 Darklings","floor":42,"turns":7},{"damage":8,"enemies":"4 Shapes","floor":45,"turns":2},{"damage":20,"enemies":"Jaw Worm Horde","floor":46,"turns":2},{"damage":19,"enemies":"Spire Growth","floor":48,"turns":3},{"damage":44,"enemies":"Donu and Deca","floor":50,"turns":3}],"seed_played":"-2008019591682541331","potions_obtained":[{"floor":2,"key":"Explosive Potion"},{"floor":7,"key":"Fire Potion"},{"floor":14,"key":"Block Potion"},{"floor":16,"key":"Block Potion"},{"floor":38,"key":"EntropicBrew"},{"floor":45,"key":"BloodPotion"}],"is_trial":false,"path_per_floor":["M","M","?","$","?","R","E","R","T","M","M","R","M","M","R","B",null,"M","?","M","M","M","R","M","?","T","R","M","?","?","T","R","B",null,"M","?","?","M","?","E","$","M","T","R","M","M","?","M","R","B"],"character_chosen":"IRONCLAD","items_purchased":["Trip","Regen Potion","Explosive Potion","Pommel Strike"],"campfire_rested":3,"item_purchase_floors":[4,41,41,41],"current_hp_per_floor":[79,78,78,78,62,62,49,49,49,47,45,45,45,45,45,22,80,75,75,75,68,55,55,55,55,55,55,55,55,55,55,79,13,80,55,55,55,50,50,32,32,29,29,53,45,33,33,14,38,0],"gold":1279,"neow_bonus":"BOSS_RELIC","is_prod":false,"is_daily":false,"chose_seed":false,"campfire_upgraded":6,"win_rate":0,"timestamp":1560092937,"path_taken":["M","M","?","?","?","R","E","R","T","M","M","R","M","M","R","BOSS","M","?","M","M","?","R","M","?","T","R","M","?","?","?","R","BOSS","M","?","?","M","?","E","$","?","T","R","M","M","?","M","R","BOSS"],"build_version":"2019-01-23","purchased_purges":1,"victory":false,"max_hp_per_floor":[80,80,80,80,80,80,80,80,80,80,80,80,80,80,80,80,80,80,80,80,80,80,80,80,80,80,80,80,80,80,80,80,80,80,80,80,80,80,80,80,80,80,80,80,80,80,80,80,80,80],"card_choices":[{"not_picked":["Cleave","Iron Wave"],"picked":"Perfected Strike","floor":1},{"not_picked":["Reckless Charge","Headbutt"],"picked":"Pommel Strike","floor":2},{"not_picked":["Combust","Hemokinesis"],"picked":"Ghostly Armor","floor":7},{"not_picked":["Havoc","Sword Boomerang"],"picked":"Twin Strike","floor":10},{"not_picked":["Warcry","Headbutt","Armaments"],"picked":"SKIP","floor":11},{"not_picked":["Headbutt","Rage"],"picked":"Battle Trance","floor":13},{"not_picked":["Iron Wave","Clash","Warcry"],"picked":"SKIP","floor":14},{"not_picked":["Fiend Fire","Dark Embrace"],"picked":"Immolate","floor":16},{"not_picked":["Clash+1","Flex"],"picked":"Rage","floor":18},{"not_picked":["Iron Wave","Armaments","Rampage"],"picked":"SKIP","floor":20},{"not_picked":["Corruption","Hemokinesis","Body Slam"],"picked":"SKIP","floor":21},{"not_picked":["Heavy Blade","Inflame+1"],"picked":"Perfected Strike","floor":22},{"not_picked":["Inflame","Wild Strike"],"picked":"Twin Strike+1","floor":24},{"not_picked":["Headbutt","Wild Strike+1","Iron Wave"],"picked":"SKIP","floor":28},{"not_picked":["Exhume","Offering"],"picked":"Impervious","floor":33},{"not_picked":["Second Wind+1","Shockwave+1"],"picked":"Perfected Strike+1","floor":35},{"not_picked":["Cleave","Headbutt"],"picked":"Perfected Strike","floor":38},{"not_picked":["Dramatic Entrance","Mind Blast"],"picked":"Madness","floor":39},{"not_picked":["Armaments+1","Clothesline"],"picked":"Shrug It Off","floor":40},{"not_picked":["Infernal Blade","Iron Wave+1","Flex"],"picked":"SKIP","floor":42},{"not_picked":["Bloodletting","Offering"],"picked":"Evolve+1","floor":45},{"not_picked":["Warcry","Clash"],"picked":"Twin Strike+1","floor":46},{"not_picked":["Headbutt+1","True Grit+1"],"picked":"Battle Trance+1","floor":48}],"player_experience":547642,"relics_obtained":[],"event_choices":[{"damage_healed":0,"gold_gain":0,"cards_transformed":["Defend_R"],"player_choice":"Transformed","damage_taken":0,"max_hp_gain":0,"max_hp_loss":0,"event_name":"Transmorgrifier","floor":3,"gold_loss":0,"cards_obtained":["Sword Boomerang"]},{"damage_healed":0,"gold_gain":0,"player_choice":"Entered Light","damage_taken":16,"max_hp_gain":0,"max_hp_loss":0,"event_name":"Shining Light","floor":5,"gold_loss":0,"cards_upgraded":["Bash","Strike_R"]},{"damage_healed":0,"gold_gain":0,"player_choice":"Got Potions","damage_taken":0,"max_hp_gain":0,"max_hp_loss":0,"event_name":"Lab","floor":19,"gold_loss":0},{"damage_healed":0,"gold_gain":0,"player_choice":"Ignored","damage_taken":0,"max_hp_gain":0,"max_hp_loss":0,"event_name":"Cursed Tome","floor":25,"gold_loss":0},{"damage_healed":0,"gold_gain":0,"player_choice":"Read","damage_taken":0,"max_hp_gain":0,"max_hp_loss":0,"event_name":"The Library","floor":29,"gold_loss":0,"cards_obtained":["Pommel Strike"]},{"cards_removed":["Strike_R"],"damage_healed":0,"gold_gain":0,"player_choice":"Removed Attack","damage_taken":0,"max_hp_gain":0,"max_hp_loss":0,"event_name":"Falling","floor":36,"gold_loss":0},{"damage_healed":0,"gold_gain":999,"player_choice":"Gold","damage_taken":0,"max_hp_gain":0,"max_hp_loss":0,"event_name":"MindBloom","floor":37,"gold_loss":0,"cards_obtained":["Normality","Normality"]},{"damage_healed":0,"gold_gain":0,"player_choice":"Memory 1","damage_taken":0,"max_hp_gain":0,"max_hp_loss":0,"event_name":"SensoryStone","floor":39,"gold_loss":0},{"damage_healed":0,"gold_gain":0,"player_choice":"Ignored","damage_taken":0,"max_hp_gain":0,"max_hp_loss":0,"event_name":"Mysterious Sphere","floor":47,"gold_loss":0}],"is_beta":false,"boss_relics":[{"not_picked":["Coffee Dripper","Ectoplasm","Velvet Choker"]},{"not_picked":["Calling Bell","Fusion Hammer","Mark of Pain"]}],"items_purged_floors":[41],"is_endless":false,"potions_floor_spawned":[2,7,14,16,18,38,45],"killed_by":"Donu and Deca","ascension_level":0}