{"gold_per_floor":[114,126,141,141,66,92,92,105,105,129,279,279,292,151,151,151],"floor_reached":16,"playtime":347,"items_purged":["Strike_B","Doubt"],"score":190,"play_id":"f4cdceee-d66d-4fa0-81bf-d206d088bdb9","local_time":"20190606235356","is_ascension_mode":true,"campfire_choices":[{"data":"Double Energy","floor":7,"key":"SMITH"},{"data":"Storm","floor":15,"key":"SMITH"}],"neow_cost":"NONE","seed_source_timestamp":174987870797176,"circlet_count":0,"master_deck":["AscendersBane","Strike_B+1","Strike_B+1","Defend_B","Defend_B","Defend_B","Defend_B","Zap","Dualcast","Coolheaded","BootSequence","Storm+1","Double Energy+1","Defragment","Redo","Capacitor"],"relics":["Cracked Core","NeowsBlessing","Bag of Preparation","Darkstone Periapt","Whetstone","CultistMask"],"potions_floor_usage":[8,16],"damage_taken":[{"damage":0,"enemies":"Cultist","floor":1,"turns":1},{"damage":0,"enemies":"Small Slimes","floor":2,"turns":1},{"damage":0,"enemies":"Jaw Worm","floor":3,"turns":1},{"damage":39,"enemies":"Lagavulin","floor":6,"turns":9},{"damage":12,"enemies":"2 Fungi Beasts","floor":8,"turns":4},{"damage":5,"enemies":"Lots of Slimes","floor":13,"turns":4},{"damage":18,"enemies":"Slime Boss","floor":16,"turns":3}],"seed_played":"5560971756385082614","potions_obtained":[{"floor":6,"key":"Swift Potion"},{"floor":8,"key":"SpeedPotion"}],"is_trial":false,"path_per_floor":["M","M","M","?","$","E","R","M","T","T","?","?","M","$","R","B"],"character_chosen":"DEFECT","items_purchased":["Capacitor"],"campfire_rested":0,"item_purchase_floors":[14],"current_hp_per_floor":[64,64,64,57,57,18,18,6,6,6,12,12,7,7,7,0],"gold":151,"neow_bonus":"THREE_ENEMY_KILL","is_prod":false,"is_daily":false,"chose_seed":false,"campfire_upgraded":2,"win_rate":0,"timestamp":1559858036,"path_taken":["M","?","M","?","$","E","R","M","T","?","?","?","?","?","R","BOSS"],"build_version":"2019-01-23","purchased_purges":2,"victory":false,"max_hp_per_floor":[71,71,71,71,71,71,71,71,71,71,77,77,77,77,77,77],"card_choices":[{"not_picked":["Leap","Redo"],"picked":"Coolheaded","floor":1},{"not_picked":["Beam Cell","Hologram"],"picked":"BootSequence","floor":2},{"not_picked":["Redo","Fusion"],"picked":"Storm","floor":3},{"not_picked":["Turbo","Consume"],"picked":"Double Energy","floor":6},{"not_picked":["Beam Cell","Hologram"],"picked":"Defragment","floor":8},{"not_picked":["FTL","Fusion"],"picked":"Redo","floor":13}],"player_experience":531841,"relics_obtained":[{"floor":6,"key":"Bag of Preparation"},{"floor":9,"key":"Darkstone Periapt"},{"floor":10,"key":"Whetstone"}],"event_choices":[{"cards_removed":["Strike_B"],"damage_healed":0,"gold_gain":0,"player_choice":"Card Removal","damage_taken":7,"max_hp_gain":0,"max_hp_loss":0,"event_name":"Golden Wing","floor":4,"gold_loss":0},{"damage_healed":0,"gold_gain":150,"player_choice":"AGREE","damage_taken":0,"max_hp_gain":0,"max_hp_loss":0,"event_name":"Liars Game","floor":11,"gold_loss":0,"cards_obtained":["Doubt"]},{"damage_healed":0,"gold_gain":0,"player_choice":"Trade","damage_taken":0,"relics_obtained":["CultistMask"],"max_hp_gain":0,"max_hp_loss":0,"event_name":"FaceTrader","floor":12,"gold_loss":0}],"is_beta":false,"boss_relics":[],"items_purged_floors":[5,14],"is_endless":false,"potions_floor_spawned":[6,8],"killed_by":"Slime Boss","ascension_level":18}