{"gold_per_floor":[109,109,20,35,53,53,88,88,113,60,76,76,76,76],"floor_reached":14,"playtime":340,"items_purged":[],"score":163,"play_id":"ad00722d-660a-4c52-9050-532fe236f375","local_time":"20190531212812","is_ascension_mode":true,"campfire_choices":[{"data":"Zap","floor":6,"key":"SMITH"},{"floor":8,"key":"REST"},{"data":"Fusion","floor":13,"key":"SMITH"}],"neow_cost":"TEN_PERCENT_HP_LOSS","seed_source_timestamp":1222722560168855,"circlet_count":0,"master_deck":["AscendersBane","Strike_B","Strike_B","Strike_B","Strike_B","Defend_B","Defend_B","Defend_B","Defend_B","Zap+1","Dualcast","Core Surge","White Noise","Capacitor","Static Discharge","Heatsinks","Barrage","Fusion+1"],"relics":["Cracked Core","Golden Idol","DataDisk","Juzu Bracelet"],"potions_floor_usage":[5],"damage_taken":[{"damage":0,"enemies":"Small Slimes","floor":1,"turns":2},{"damage":4,"enemies":"Jaw Worm","floor":4,"turns":3},{"damage":3,"enemies":"2 Louse","floor":5,"turns":3},{"damage":43,"enemies":"Gremlin Nob","floor":7,"turns":5},{"damage":12,"enemies":"2 Fungi Beasts","floor":11,"turns":3},{"damage":15,"enemies":"Lagavulin","floor":14,"turns":4}],"seed_played":"-1034851620251142275","potions_obtained":[{"floor":4,"key":"Block Potion"},{"floor":11,"key":"SpeedPotion"}],"is_trial":false,"path_per_floor":["M","?","$","M","M","R","E","R","T","$","M","?","R","E"],"character_chosen":"DEFECT","items_purchased":["Capacitor","Barrage"],"campfire_rested":1,"item_purchase_floors":[3,10],"current_hp_per_floor":[64,58,58,54,51,51,8,25,25,25,13,13,13,0],"gold":76,"neow_bonus":"THREE_RARE_CARDS","is_prod":false,"is_daily":false,"chose_seed":false,"campfire_upgraded":2,"win_rate":0,"timestamp":1559330892,"path_taken":["M","?","$","M","M","R","E","R","T","$","M","?","R","E"],"build_version":"2019-01-23","purchased_purges":0,"victory":false,"max_hp_per_floor":[64,58,58,58,58,58,58,58,58,58,58,58,58,58],"card_choices":[{"not_picked":["Buffer","Reboot"],"picked":"Core Surge","floor":0},{"not_picked":["Streamline","Turbo"],"picked":"White Noise","floor":1},{"not_picked":["Redo","Gash"],"picked":"Static Discharge","floor":4},{"not_picked":["Gash","Go for the Eyes"],"picked":"Heatsinks","floor":5},{"not_picked":["Compile Driver","Sweeping Beam","Turbo"],"picked":"SKIP","floor":7},{"not_picked":["Aggregate","Gash"],"picked":"Fusion","floor":11}],"player_experience":487294,"relics_obtained":[{"floor":7,"key":"DataDisk"},{"floor":9,"key":"Juzu Bracelet"}],"event_choices":[{"damage_healed":0,"gold_gain":0,"player_choice":"Lose Max HP","damage_taken":0,"relics_obtained":["Golden Idol"],"max_hp_gain":0,"max_hp_loss":6,"event_name":"Golden Idol","floor":2,"gold_loss":0},{"damage_healed":0,"gold_gain":0,"player_choice":"Searched \u00270\u0027 times","damage_taken":0,"max_hp_gain":0,"max_hp_loss":0,"event_name":"Dead Adventurer","floor":12,"gold_loss":0}],"is_beta":false,"boss_relics":[],"items_purged_floors":[],"is_endless":false,"potions_floor_spawned":[4,11],"killed_by":"Lagavulin","ascension_level":17}