{"gold_per_floor":[113,126,140,151,27,27,27,27,27,27,27,27,27,54,54,155,155,155,110,110,110,110,110,110,110,110,110,110,110,110,33,33,33,33,33,33,33,33,33,33,33,33,33,33,33,33,33,33,33,33],"floor_reached":50,"playtime":2855,"items_purged":["Strike_R"],"score":595,"play_id":"5a9cab0f-6c00-4bba-9683-dca6a6105a07","local_time":"20190629191124","is_ascension_mode":true,"campfire_choices":[{"data":"Spot Weakness","floor":6.0,"key":"SMITH"},{"data":"Shrug It Off","floor":8.0,"key":"SMITH"},{"data":"Iron Wave","floor":10.0,"key":"SMITH"},{"floor":15.0,"key":"REST"},{"data":"Havoc","floor":25.0,"key":"SMITH"},{"data":"Demon Form","floor":27.0,"key":"SMITH"},{"data":"Rampage","floor":32.0,"key":"SMITH"},{"data":"Anger","floor":40.0,"key":"SMITH"},{"data":"Bash","floor":46.0,"key":"SMITH"},{"data":"Sword Boomerang","floor":49,"key":"SMITH"}],"neow_cost":"NONE","seed_source_timestamp":1268339502658025,"circlet_count":0,"master_deck":["Strike_R","Strike_R","Defend_R","Defend_R","Defend_R","Defend_R","Bash+1","Demon Form+1","Havoc+1","Iron Wave+1","Anger+1","Spot Weakness+1","Shrug It Off+1","Rampage+1","Reaper","Battle Trance+1","Flame Barrier+1","Sword Boomerang+1","Headbutt","Cleave","True Grit+1","Armaments+1","Ghostly Armor+1","Impervious+1","Feed","Disarm+1","Ghostly Armor+1","Shrug It Off+1","Doubt","Warcry+1"],"special_seed":0,"relics":["Black Blood","Strawberry","Toxic Egg 2","Ectoplasm","Enchiridion","Magic Flower","Bottled Lightning","Red Skull","Kunai"],"potions_floor_usage":[48,48,50,50],"damage_taken":[{"damage":6.0,"enemies":"Cultist","floor":1.0,"turns":4.0},{"damage":4.0,"enemies":"Small Slimes","floor":2.0,"turns":4.0},{"damage":12.0,"enemies":"Jaw Worm","floor":3.0,"turns":4.0},{"damage":33.0,"enemies":"Large Slime","floor":4.0,"turns":7.0},{"damage":17.0,"enemies":"Gremlin Nob","floor":14.0,"turns":4.0},{"damage":37.0,"enemies":"Slime Boss","floor":16.0,"turns":8.0},{"damage":29.0,"enemies":"3 Byrds","floor":18.0,"turns":5.0},{"damage":11.0,"enemies":"2 Thieves","floor":19.0,"turns":3.0},{"damage":11.0,"enemies":"Snecko","floor":21.0,"turns":7.0},{"damage":1.0,"enemies":"Cultist and Chosen","floor":23.0,"turns":4.0},{"damage":53.0,"enemies":"Book of Stabbing","floor":24.0,"turns":5.0},{"damage":6.0,"enemies":"Snake Plant","floor":28.0,"turns":3.0},{"damage":5.0,"enemies":"Sentry and Sphere","floor":29.0,"turns":4.0},{"damage":3.0,"enemies":"Snecko","floor":30.0,"turns":4.0},{"damage":51.0,"enemies":"Collector","floor":33.0,"turns":6.0},{"damage":11.0,"enemies":"3 Darklings","floor":35.0,"turns":6.0},{"damage":0.0,"enemies":"3 Shapes","floor":36.0,"turns":4.0},{"damage":62.0,"enemies":"Jaw Worm Horde","floor":39.0,"turns":6.0},{"damage":46.0,"enemies":"Giant Head","floor":41.0,"turns":9.0},{"damage":19.0,"enemies":"Sphere and 2 Shapes","floor":42.0,"turns":8.0},{"damage":13.0,"enemies":"Spire Growth","floor":44.0,"turns":6.0},{"damage":29.0,"enemies":"Maw","floor":47.0,"turns":7.0},{"damage":17,"enemies":"Writhing Mass","floor":48,"turns":7},{"damage":88,"enemies":"Time Eater","floor":50,"turns":12}],"seed_played":"3573442231287375855","potions_obtained":[{"floor":4.0,"key":"AttackPotion"},{"floor":14.0,"key":"Swift Potion"},{"floor":18.0,"key":"Weak Potion"},{"floor":19.0,"key":"BloodPotion"},{"floor":28.0,"key":"GamblersBrew"},{"floor":30.0,"key":"SkillPotion"},{"floor":33.0,"key":"Dexterity Potion"},{"floor":41.0,"key":"GamblersBrew"},{"floor":42.0,"key":"Block Potion"},{"floor":44.0,"key":"AttackPotion"},{"floor":47.0,"key":"Fire Potion"},{"floor":48,"key":"Fire Potion"}],"is_trial":false,"path_per_floor":["M","M","M","M","$","R","?","R","T","R","?","?","$","E","R","B",null,"M","M","?","M","?","M","E","R","T","R","M","M","M","$","R","B",null,"M","M","$","?","M","R","E","M","T","M","?","R","M","M","R","B"],"character_chosen":"IRONCLAD","items_purchased":["Shrug It Off","Impervious+1"],"campfire_rested":1,"item_purchase_floors":[5,31],"current_hp_per_floor":[80,80,74,47,47,47,40,40,47,47,47,47,47,36,62,31,87,64,71,71,80,64,87,48,48,48,48,51,55,61,61,61,45,87,87,90,90,90,60,60,29,25,25,27,93,93,79,77,77,6],"gold":33,"neow_bonus":"ONE_RANDOM_RARE_CARD","is_prod":false,"is_daily":false,"chose_seed":false,"campfire_upgraded":9,"win_rate":0,"timestamp":1561860684,"path_taken":["M","M","M","M","$","R","?","R","T","R","?","?","?","E","R","BOSS","M","M","?","M","?","M","E","R","T","R","M","M","M","?","R","BOSS","M","M","$","?","M","R","E","M","T","M","?","R","M","M","R","BOSS"],"build_version":"2019-01-23","purchased_purges":1,"victory":false,"max_hp_per_floor":[80,80,80,80,80,80,80,80,87,87,87,87,87,87,87,87,87,87,87,87,87,87,87,87,87,87,87,87,87,87,87,87,87,87,87,90,90,90,93,93,93,93,93,93,93,93,93,93,93,93],"card_choices":[{"not_picked":["Body Slam","True Grit"],"picked":"Havoc","floor":1.0},{"not_picked":["Body Slam","Shrug It Off"],"picked":"Iron Wave","floor":2.0},{"not_picked":["Berserk","Fire Breathing"],"picked":"Anger","floor":3.0},{"not_picked":["Wild Strike","Intimidate"],"picked":"Spot Weakness","floor":4.0},{"not_picked":["Wild Strike","Flex"],"picked":"Rampage","floor":14.0},{"not_picked":["Fiend Fire","Double Tap+1"],"picked":"Reaper","floor":16.0},{"not_picked":["Pommel Strike+1","Headbutt+1"],"picked":"Battle Trance+1","floor":18.0},{"not_picked":["Armaments+1","Pommel Strike"],"picked":"Flame Barrier+1","floor":19.0},{"not_picked":["Fiend Fire","Feel No Pain"],"picked":"Sword Boomerang","floor":21.0},{"not_picked":["Thunderclap+1","Perfected Strike"],"picked":"Headbutt","floor":23.0},{"not_picked":["Second Wind+1","Feel No Pain"],"picked":"Cleave","floor":24.0},{"not_picked":["Havoc+1","Headbutt+1"],"picked":"True Grit+1","floor":28.0},{"not_picked":["Entrench+1","Warcry+1"],"picked":"Armaments+1","floor":29.0},{"not_picked":["Sword Boomerang","Infernal Blade+1"],"picked":"Ghostly Armor+1","floor":30.0},{"not_picked":["Double Tap+1","Offering+1"],"picked":"Feed","floor":33.0},{"not_picked":["Wild Strike","Sword Boomerang+1","Hemokinesis"],"picked":"SKIP","floor":35.0},{"not_picked":["Metallicize","Warcry+1"],"picked":"Disarm+1","floor":36.0},{"not_picked":["Anger+1","Flex+1"],"picked":"Ghostly Armor+1","floor":39.0},{"not_picked":["Dark Embrace","Thunderclap+1","Combust+1"],"picked":"SKIP","floor":41.0},{"not_picked":["Pommel Strike+1","Sword Boomerang+1"],"picked":"Shrug It Off+1","floor":42.0},{"not_picked":["Body Slam","Cleave","Power Through+1"],"picked":"SKIP","floor":44.0},{"not_picked":["Clash","Anger+1","Shrug It Off+1"],"picked":"SKIP","floor":47.0},{"not_picked":["Headbutt","Spot Weakness+1"],"picked":"Warcry+1","floor":48}],"player_experience":515143,"relics_obtained":[{"floor":9.0,"key":"Strawberry"},{"floor":14.0,"key":"Toxic Egg 2"},{"floor":22.0,"key":"Enchiridion"},{"floor":24.0,"key":"Magic Flower"},{"floor":26.0,"key":"Bottled Lightning"},{"floor":41.0,"key":"Red Skull"},{"floor":43.0,"key":"Kunai"}],"event_choices":[{"cards_removed":["Strike_R"],"damage_healed":0.0,"max_hp_gain":0.0,"max_hp_loss":0.0,"gold_gain":0.0,"event_name":"Golden Wing","player_choice":"Card Removal","floor":7.0,"gold_loss":0.0,"damage_taken":7.0},{"damage_healed":0.0,"max_hp_gain":0.0,"max_hp_loss":0.0,"gold_gain":0.0,"event_name":"Liars Game","player_choice":"Ignored","floor":11.0,"gold_loss":0.0,"damage_taken":0.0},{"damage_healed":0.0,"max_hp_gain":0.0,"max_hp_loss":0.0,"gold_gain":0.0,"event_name":"Dead Adventurer","player_choice":"Searched \u00270\u0027 times","floor":12.0,"gold_loss":0.0,"damage_taken":0.0},{"cards_removed":["Strike_R"],"damage_healed":0.0,"max_hp_gain":0.0,"max_hp_loss":0.0,"gold_gain":0.0,"event_name":"Back to Basics","player_choice":"Elegance","floor":20.0,"gold_loss":0.0,"damage_taken":0.0},{"damage_healed":0.0,"max_hp_gain":0.0,"max_hp_loss":0.0,"gold_gain":0.0,"event_name":"Cursed Tome","player_choice":"Obtained Book","floor":22.0,"gold_loss":0.0,"damage_taken":16.0},{"damage_healed":0.0,"max_hp_gain":0.0,"max_hp_loss":0.0,"gold_gain":0.0,"event_name":"Mysterious Sphere","player_choice":"Ignored","floor":38.0,"gold_loss":0.0,"damage_taken":0.0},{"damage_healed":66.0,"max_hp_gain":0.0,"max_hp_loss":0.0,"gold_gain":0.0,"event_name":"MindBloom","player_choice":"Heal","floor":45.0,"gold_loss":0.0,"damage_taken":0.0,"cards_obtained":["Doubt"]}],"is_beta":false,"boss_relics":[{"not_picked":["Runic Dome","Tiny House"],"picked":"Ectoplasm"},{"not_picked":["Philosopher\u0027s Stone","Calling Bell"],"picked":"Black Blood"}],"items_purged_floors":[5],"is_endless":false,"potions_floor_spawned":[4,14,18,19,28,30,33,41,42,44,47,48],"killed_by":"Time Eater","ascension_level":4}