{"gold_per_floor":[369,294,309,324,48,48,111,111,134,148,148,163,163,163,163,237,237,249,249,15,27,27,27,59,59,59,87,99,126,137,150,150,227,227,245,261,35,89,89,89,123,123,123,123,143,178,178,103,103,103],"floor_reached":51,"playtime":7610,"items_purged":["Shame"],"score":1321,"play_id":"ac6e65d5-9ae6-46cd-a59f-3589af7b9291","local_time":"20190629010955","is_ascension_mode":true,"campfire_choices":[{"data":"Neutralize","floor":6.0,"key":"SMITH"},{"floor":11.0,"key":"REST"},{"data":"Backflip","floor":13.0,"key":"SMITH"},{"data":"Survivor","floor":15.0,"key":"SMITH"},{"data":"Corpse Explosion","floor":23.0,"key":"SMITH"},{"data":"Leg Sweep","floor":25.0,"key":"SMITH"},{"data":"Malaise","floor":32.0,"key":"SMITH"},{"data":"Dodge and Roll","floor":40.0,"key":"SMITH"},{"data":"Acrobatics","floor":42.0,"key":"SMITH"},{"data":"Acrobatics","floor":44.0,"key":"SMITH"},{"data":"Leg Sweep","floor":49,"key":"SMITH"}],"neow_cost":"CURSE","seed_source_timestamp":299916408823900,"circlet_count":0,"master_deck":["AscendersBane","Defend_G","Defend_G","Defend_G","Defend_G","Defend_G","Survivor+1","Neutralize+1","Dodge and Roll+1","Escape Plan","Backflip+1","Backflip+1","Caltrops+1","Corpse Explosion+1","Leg Sweep+1","Bite","Bite","Bite","Bite","Acrobatics+1","Backflip","Backflip","Leg Sweep+1","Acrobatics+1","Malaise+1","Footwork+1","Well Laid Plans+1","Dodge and Roll+1","Deadly Poison+1","Dodge and Roll+1","Madness","Madness"],"special_seed":0,"relics":["Ring of the Snake","Frozen Egg 2","Bottled Flame","Cursed Key","Snake Skull","Du-Vu Doll","Sundial","Strawberry","Bird Faced Urn","Velvet Choker","Oddly Smooth Stone","Unceasing Top","PreservedInsect","Shovel"],"potions_floor_usage":[50,50],"damage_taken":[{"damage":4.0,"enemies":"Small Slimes","floor":1.0,"turns":5.0},{"damage":10.0,"enemies":"Jaw Worm","floor":3.0,"turns":7.0},{"damage":9.0,"enemies":"Cultist","floor":4.0,"turns":6.0},{"damage":33.0,"enemies":"3 Sentries","floor":7.0,"turns":16.0},{"damage":1.0,"enemies":"Large Slime","floor":10.0,"turns":10.0},{"damage":0.0,"enemies":"Red Slaver","floor":12.0,"turns":7.0},{"damage":21.0,"enemies":"The Guardian","floor":16.0,"turns":18.0},{"damage":0.0,"enemies":"3 Byrds","floor":18.0,"turns":2.0},{"damage":2.0,"enemies":"2 Thieves","floor":21.0,"turns":4.0},{"damage":16.0,"enemies":"Slavers","floor":24.0,"turns":4.0},{"damage":18.0,"enemies":"Book of Stabbing","floor":27.0,"turns":7.0},{"damage":1.0,"enemies":"Centurion and Healer","floor":28.0,"turns":5.0},{"damage":15.0,"enemies":"Gremlin Leader","floor":29.0,"turns":9.0},{"damage":12.0,"enemies":"Shelled Parasite and Fungi","floor":30.0,"turns":11.0},{"damage":18.0,"enemies":"Sentry and Sphere","floor":31.0,"turns":13.0},{"damage":80.0,"enemies":"Collector","floor":33.0,"turns":20.0},{"damage":1.0,"enemies":"3 Shapes","floor":35.0,"turns":5.0},{"damage":0.0,"enemies":"Orb Walker","floor":36.0,"turns":6.0},{"damage":19.0,"enemies":"2 Orb Walkers","floor":38.0,"turns":4.0},{"damage":2.0,"enemies":"Nemesis","floor":41.0,"turns":13.0},{"damage":0.0,"enemies":"Writhing Mass","floor":45.0,"turns":8.0},{"damage":9.0,"enemies":"Giant Head","floor":46.0,"turns":10.0},{"damage":52,"enemies":"Donu and Deca","floor":50,"turns":10}],"seed_played":"-502453266054177160","potions_obtained":[{"floor":3.0,"key":"Weak Potion"},{"floor":4.0,"key":"GamblersBrew"},{"floor":12.0,"key":"Regen Potion"},{"floor":16.0,"key":"SkillPotion"},{"floor":18.0,"key":"SneckoOil"},{"floor":19.0,"key":"EntropicBrew"},{"floor":19.0,"key":"Dexterity Potion"},{"floor":24.0,"key":"Weak Potion"},{"floor":27.0,"key":"SkillPotion"},{"floor":29.0,"key":"Fire Potion"},{"floor":35.0,"key":"Strength Potion"},{"floor":38.0,"key":"Strength Potion"},{"floor":41.0,"key":"AttackPotion"}],"is_trial":false,"path_per_floor":["M","?","M","M","$","R","?","?","T","M","R","M","R","?","R","B",null,"M","?","$","M","?","R","E","R","T","E","M","E","M","M","R","B",null,"M","M","$","?","?","R","E","R","T","R","M","E","?","$","R","B",null],"character_chosen":"THE_SILENT","items_purchased":["Escape Plan","Frozen Egg 2","Snake Skull","Leg Sweep","Well Laid Plans+1","Oddly Smooth Stone"],"campfire_rested":1,"item_purchase_floors":[5,5,20,20,37,37],"current_hp_per_floor":[55,55,45,36,36,36,3,3,3,4,23,25,25,25,25,21,55,57,57,57,57,57,57,47,47,47,46,55,56,72,73,73,23,61,72,73,73,58,58,58,73,73,73,73,73,70,57,57,57,19],"gold":103,"neow_bonus":"TWO_FIFTY_GOLD","is_prod":false,"is_daily":false,"chose_seed":false,"campfire_upgraded":10,"win_rate":0,"timestamp":1561784995,"path_taken":["M","?","M","M","$","R","?","?","T","?","R","M","R","?","R","BOSS","M","?","?","?","?","R","E","R","T","E","M","E","M","M","R","BOSS","M","M","$","?","?","R","E","R","T","R","M","E","?","$","R","BOSS"],"build_version":"2019-01-23","purchased_purges":1,"victory":true,"max_hp_per_floor":[66,66,66,66,66,66,66,66,66,66,66,66,66,66,66,66,66,66,66,66,66,66,66,66,66,66,73,73,73,73,73,73,73,73,73,73,73,73,73,73,73,73,73,73,73,73,73,73,73,73],"card_choices":[{"not_picked":["Terror","Eviscerate","Deflect"],"picked":"SKIP","floor":1.0},{"not_picked":["Blade Dance","Bane"],"picked":"Dodge and Roll","floor":3.0},{"not_picked":["Endless Agony","Prepared","Predator"],"picked":"SKIP","floor":4.0},{"not_picked":["Dagger Throw","Bane"],"picked":"Backflip","floor":7.0},{"not_picked":["Outmaneuver","Heel Hook"],"picked":"Backflip","floor":10.0},{"not_picked":["Cloak And Dagger","Terror"],"picked":"Caltrops+1","floor":12.0},{"not_picked":["Envenom+1","Glass Knife"],"picked":"Corpse Explosion","floor":16.0},{"not_picked":["Flying Knee","Predator","Slice"],"picked":"SKIP","floor":18.0},{"not_picked":["Sucker Punch","Dash","Deflect"],"picked":"SKIP","floor":21.0},{"not_picked":["Eviscerate","Cloak And Dagger"],"picked":"Acrobatics","floor":24.0},{"not_picked":["Phantasmal Killer","Acrobatics"],"picked":"Backflip","floor":27.0},{"not_picked":["Dagger Throw","Flying Knee"],"picked":"Backflip","floor":28.0},{"not_picked":["Dagger Throw","Reflex"],"picked":"Leg Sweep","floor":29.0},{"not_picked":["Concentrate","Dagger Spray"],"picked":"Acrobatics","floor":30.0},{"not_picked":["Flying Knee+1","PiercingWail"],"picked":"Malaise","floor":31.0},{"not_picked":["Dagger Throw","Bane"],"picked":"Footwork+1","floor":35.0},{"not_picked":["Deadly Poison","Quick Slash","Deflect"],"picked":"SKIP","floor":36.0},{"not_picked":["Setup+1","Expertise+1"],"picked":"Dodge and Roll","floor":38.0},{"not_picked":["Acrobatics","Accuracy+1","Distraction"],"picked":"SKIP","floor":41.0},{"not_picked":["Bane","Sucker Punch+1"],"picked":"Deadly Poison+1","floor":45.0},{"not_picked":["Underhanded Strike+1","Quick Slash+1"],"picked":"Dodge and Roll+1","floor":46.0}],"player_experience":155036,"relics_obtained":[{"floor":7.0,"key":"Bottled Flame"},{"floor":9.0,"key":"Blood Vial"},{"floor":24.0,"key":"Du-Vu Doll"},{"floor":26.0,"key":"Sundial"},{"floor":27.0,"key":"Strawberry"},{"floor":29.0,"key":"Bird Faced Urn"},{"floor":38.0,"key":"Unceasing Top"},{"floor":41.0,"key":"PreservedInsect"},{"floor":46.0,"key":"Shovel"}],"event_choices":[{"cards_removed":["Shame"],"damage_healed":0.0,"max_hp_gain":0.0,"max_hp_loss":0.0,"gold_gain":0.0,"event_name":"The Cleric","player_choice":"Card Removal","floor":2.0,"gold_loss":75.0,"damage_taken":0.0},{"damage_healed":0.0,"max_hp_gain":0.0,"max_hp_loss":0.0,"gold_gain":0.0,"event_name":"Dead Adventurer","player_choice":"Searched \u00272\u0027 times","floor":7.0,"gold_loss":0.0,"damage_taken":0.0},{"damage_healed":0.0,"max_hp_gain":0.0,"max_hp_loss":0.0,"gold_gain":0.0,"event_name":"Accursed Blacksmith","player_choice":"Forge","floor":8.0,"gold_loss":0.0,"damage_taken":0.0,"cards_upgraded":["Dodge and Roll"]},{"damage_healed":0.0,"max_hp_gain":0.0,"max_hp_loss":0.0,"gold_gain":0.0,"event_name":"Upgrade Shrine","player_choice":"Upgraded","floor":14.0,"gold_loss":0.0,"damage_taken":0.0,"cards_upgraded":["Backflip"]},{"damage_healed":0.0,"max_hp_gain":0.0,"max_hp_loss":0.0,"gold_gain":0.0,"event_name":"Lab","player_choice":"Got Potions","floor":19.0,"gold_loss":0.0,"damage_taken":0.0},{"damage_healed":0.0,"max_hp_gain":0.0,"max_hp_loss":0.0,"gold_gain":0.0,"event_name":"Vampires","player_choice":"Became a vampire (Vial)","floor":22.0,"relics_lost":["Blood Vial"],"gold_loss":0.0,"damage_taken":0.0,"cards_obtained":["Bite","Bite","Bite","Bite","Bite"]},{"damage_healed":0.0,"max_hp_gain":0.0,"max_hp_loss":0.0,"gold_gain":0.0,"event_name":"Mysterious Sphere","player_choice":"Fight","floor":38.0,"gold_loss":0.0,"damage_taken":0.0},{"cards_removed":["Bite"],"damage_healed":0.0,"max_hp_gain":0.0,"max_hp_loss":0.0,"gold_gain":0.0,"event_name":"Falling","player_choice":"Removed Attack","floor":39.0,"gold_loss":0.0,"damage_taken":0.0},{"damage_healed":0.0,"max_hp_gain":0.0,"max_hp_loss":0.0,"gold_gain":0.0,"event_name":"Winding Halls","player_choice":"Embrace Madness","floor":47.0,"gold_loss":0.0,"damage_taken":13.0,"cards_obtained":["Madness","Madness"]}],"is_beta":false,"boss_relics":[{"not_picked":["Empty Cage","Calling Bell"],"picked":"Cursed Key"},{"not_picked":["Tiny House","Busted Crown"],"picked":"Velvet Choker"}],"items_purged_floors":[48],"is_endless":false,"potions_floor_spawned":[3,4,12,16,18,24,27,29,35,38,41],"ascension_level":15}