{"gold_per_floor":[115,290,290,304,254,254,179,179,179,179,195,207,207,217,217,321,321,335,335,9,23,23,23,23,23,23,223,223,123,154,171,171,171],"floor_reached":33,"playtime":529,"items_purged":["Strike_R","Strike_R"],"score":251,"play_id":"dc188e91-56e9-4814-864e-22c9b94a19ac","local_time":"20190526132627","is_ascension_mode":false,"campfire_choices":[{"data":"Bash","floor":6,"key":"SMITH"},{"data":"Sword Boomerang","floor":8,"key":"SMITH"},{"data":"Clothesline","floor":10,"key":"SMITH"},{"data":"Searing Blow","floor":15,"key":"SMITH"},{"data":"Searing Blow+1","floor":23,"key":"SMITH"},{"data":"Searing Blow+2","floor":25,"key":"SMITH"},{"data":"Searing Blow+3","floor":28,"key":"SMITH"},{"data":"Searing Blow+4","floor":32,"key":"SMITH"}],"neow_cost":"NONE","seed_source_timestamp":761577426561879,"circlet_count":0,"master_deck":["Strike_R","Strike_R+1","Defend_R","Defend_R","Defend_R+1","Defend_R","Bash+1","Sword Boomerang+1","Clothesline+1","Searing Blow+5","Carnage","Immolate","Immolate","Whirlwind"],"relics":["Coffee Dripper","Champion Belt","Busted Crown","Ice Cream","Peace Pipe","Shuriken"],"potions_floor_usage":[16,16,33],"damage_taken":[{"damage":0,"enemies":"Small Slimes","floor":1,"turns":2},{"damage":2,"enemies":"2 Louse","floor":4,"turns":2},{"damage":3,"enemies":"Jaw Worm","floor":11,"turns":2},{"damage":8,"enemies":"Exordium Thugs","floor":12,"turns":4},{"damage":2,"enemies":"3 Louse","floor":14,"turns":4},{"damage":28,"enemies":"The Guardian","floor":16,"turns":8},{"damage":17,"enemies":"2 Thieves","floor":18,"turns":3},{"damage":0,"enemies":"Spheric Guardian","floor":21,"turns":2},{"damage":26,"enemies":"Book of Stabbing","floor":30,"turns":4},{"damage":12,"enemies":"Centurion and Healer","floor":31,"turns":3},{"damage":51,"enemies":"Collector","floor":33,"turns":5}],"seed_played":"6474726936746456140","potions_obtained":[{"floor":1,"key":"Poison Potion"},{"floor":12,"key":"FairyPotion"},{"floor":14,"key":"Regen Potion"},{"floor":30,"key":"Strength Potion"}],"is_trial":false,"path_per_floor":["M","?","?","M","?","R","$","R","T","R","M","M","?","M","R","B",null,"M","?","$","M","$","R","?","R","T","?","R","$","E","M","R","B"],"character_chosen":"IRONCLAD","items_purchased":["Ice Cream","Whirlwind"],"campfire_rested":0,"item_purchase_floors":[20,20],"current_hp_per_floor":[80,80,73,71,71,71,71,71,71,71,68,60,44,42,42,29,80,63,63,63,63,63,63,63,63,63,63,63,63,37,25,25,0],"gold":171,"neow_bonus":"BOSS_RELIC","is_prod":false,"is_daily":false,"chose_seed":false,"campfire_upgraded":8,"win_rate":0,"timestamp":1558869987,"path_taken":["M","?","?","M","?","R","?","R","T","R","M","?","?","M","R","BOSS","M","?","?","M","$","R","?","R","T","?","R","$","E","?","R","BOSS"],"build_version":"2019-01-23","purchased_purges":2,"victory":false,"max_hp_per_floor":[80,80,80,80,80,80,80,80,80,80,80,80,80,80,80,80,80,80,80,80,80,80,80,80,80,80,80,80,80,80,80,80,80],"card_choices":[{"not_picked":["Infernal Blade","Heavy Blade"],"picked":"Sword Boomerang","floor":1},{"not_picked":["Bloodletting","Anger"],"picked":"Clothesline","floor":4},{"not_picked":["Intimidate","Sword Boomerang","Armaments"],"picked":"SKIP","floor":11},{"not_picked":["Armaments","True Grit"],"picked":"Searing Blow","floor":12},{"not_picked":["Fire Breathing","Second Wind"],"picked":"Carnage","floor":14},{"not_picked":["Offering","Demon Form"],"picked":"Immolate","floor":16},{"not_picked":["Sentinel"],"picked":"SKIP","floor":18},{"not_picked":["Cleave"],"picked":"SKIP","floor":21},{"not_picked":["Evolve"],"picked":"SKIP","floor":30},{"not_picked":["Body Slam+1"],"picked":"SKIP","floor":31}],"player_experience":418703,"relics_obtained":[{"floor":9,"key":"Champion Belt"},{"floor":26,"key":"Peace Pipe"},{"floor":30,"key":"Shuriken"}],"event_choices":[{"damage_healed":0,"gold_gain":175,"player_choice":"AGREE","damage_taken":0,"max_hp_gain":0,"max_hp_loss":0,"event_name":"Liars Game","floor":2,"gold_loss":0,"cards_obtained":["Doubt"]},{"cards_removed":["Doubt"],"damage_healed":0,"gold_gain":0,"player_choice":"Card Removal","damage_taken":7,"max_hp_gain":0,"max_hp_loss":0,"event_name":"Golden Wing","floor":3,"gold_loss":0},{"cards_removed":["Strike_R"],"damage_healed":0,"gold_gain":0,"player_choice":"Card Removal","damage_taken":0,"max_hp_gain":0,"max_hp_loss":0,"event_name":"The Cleric","floor":5,"gold_loss":50},{"damage_healed":0,"gold_gain":0,"player_choice":"Entered Light","damage_taken":16,"max_hp_gain":0,"max_hp_loss":0,"event_name":"Shining Light","floor":13,"gold_loss":0,"cards_upgraded":["Strike_R","Defend_R"]},{"damage_healed":0,"gold_gain":0,"player_choice":"Copied","damage_taken":0,"max_hp_gain":0,"max_hp_loss":0,"event_name":"Duplicator","floor":19,"gold_loss":0,"cards_obtained":["Immolate"]},{"damage_healed":0,"gold_gain":200,"player_choice":"Gold","damage_taken":0,"max_hp_gain":0,"max_hp_loss":0,"event_name":"Wheel of Change","floor":27,"gold_loss":0}],"is_beta":false,"boss_relics":[{"not_picked":["Sozu","Runic Cube"],"picked":"Busted Crown"}],"items_purged_floors":[7,29],"is_endless":false,"potions_floor_spawned":[1,12,14,30],"killed_by":"Collector","ascension_level":0}