{"gold_per_floor":[117,130,73,93,113,148,148,179,202,234,234,234,234,250,250,327,327,344,361,32,51,64,64,77,77,77,107,107,124,149,149,149,227,227,241,256,272,272],"floor_reached":38,"playtime":1544,"items_purged":["Parasite"],"score":876,"play_id":"3dd57c11-d0e7-45f4-8838-8d00c6cd59c8","local_time":"20190517193557","is_ascension_mode":true,"campfire_choices":[{"data":"Defragment","floor":7.0,"key":"SMITH"},{"floor":13.0,"key":"REST"},{"data":"Coolheaded","floor":15.0,"key":"SMITH"},{"data":"Fission","floor":23,"key":"SMITH"},{"floor":28,"key":"DIG"},{"floor":32,"key":"REST"}],"neow_cost":"NONE","seed_source_timestamp":5159244474636,"circlet_count":0,"master_deck":["AscendersBane","Strike_B+1","Defend_B","Defend_B","Defend_B","Defend_B","Zap","Dualcast","Compile Driver","Defragment+1","Sweeping Beam","Streamline+1","Core Surge","Coolheaded+1","Darkness","Cold Snap","Cold Snap","Compile Driver","Hyperbeam","Biased Cognition+1","White Noise+1","Sunder+1","Coolheaded+1","Self Repair","Capacitor","Fission+1","Hologram","Glacier","Glacier","Fission","Loop","Coolheaded"],"special_seed":0,"relics":["FrozenCore","Whetstone","Orichalcum","Dream Catcher","Centennial Puzzle","Astrolabe","Shovel","Ice Cream","Blue Candle","Meat on the Bone"],"potions_floor_usage":[21,24,27,30,33],"damage_taken":[{"damage":1.0,"enemies":"2 Louse","floor":1.0,"turns":3.0},{"damage":0.0,"enemies":"Small Slimes","floor":2.0,"turns":3.0},{"damage":2.0,"enemies":"Jaw Worm","floor":4.0,"turns":3.0},{"damage":0.0,"enemies":"Gremlin Gang","floor":5.0,"turns":2.0},{"damage":40.0,"enemies":"3 Sentries","floor":6.0,"turns":6.0},{"damage":16.0,"enemies":"Lagavulin","floor":8.0,"turns":8.0},{"damage":18.0,"enemies":"3 Sentries","floor":10.0,"turns":6.0},{"damage":1.0,"enemies":"Looter","floor":14.0,"turns":2.0},{"damage":14.0,"enemies":"The Guardian","floor":16.0,"turns":10.0},{"damage":11.0,"enemies":"Spheric Guardian","floor":18.0,"turns":5.0},{"damage":0.0,"enemies":"Chosen","floor":19.0,"turns":6.0},{"damage":8,"enemies":"Snake Plant","floor":21,"turns":4},{"damage":4,"enemies":"Sentry and Sphere","floor":22,"turns":6},{"damage":9,"enemies":"Centurion and Healer","floor":24,"turns":11},{"damage":31,"enemies":"Slavers","floor":27,"turns":4},{"damage":11,"enemies":"Snake Plant","floor":29,"turns":6},{"damage":22,"enemies":"Gremlin Leader","floor":30,"turns":7},{"damage":22,"enemies":"Collector","floor":33,"turns":18},{"damage":6,"enemies":"3 Darklings","floor":35,"turns":7},{"damage":10,"enemies":"3 Shapes","floor":36,"turns":3},{"damage":33,"enemies":"Jaw Worm Horde","floor":37,"turns":4},{"damage":37,"enemies":"Transient","floor":38,"turns":3}],"seed_played":"-3949594244795697851","potions_obtained":[{"floor":0.0,"key":"Weak Potion"},{"floor":0.0,"key":"GamblersBrew"},{"floor":2.0,"key":"Explosive Potion"},{"floor":5.0,"key":"Regen Potion"},{"floor":14.0,"key":"SkillPotion"},{"floor":22,"key":"Regen Potion"},{"floor":24,"key":"EssenceOfSteel"},{"floor":27,"key":"Poison Potion"},{"floor":30,"key":"Ancient Potion"},{"floor":33,"key":"EssenceOfSteel"}],"is_trial":false,"path_per_floor":["M","M","$","M","M","E","R","E","T","E","?","?","R","M","R","B",null,"M","M","$","M","M","R","M","?","T","E","R","M","E","?","R","B",null,"M","M","M","M"],"character_chosen":"DEFECT","items_purchased":["Sweeping Beam","Capacitor","Fission"],"campfire_rested":2,"item_purchase_floors":[3,20,20],"current_hp_per_floor":[63,63,63,61,61,36,36,20,20,2,2,19,40,39,39,25,60,49,49,49,48,51,51,64,64,64,40,40,36,14,14,34,31,59,60,50,36,0],"gold":272,"neow_bonus":"THREE_SMALL_POTIONS","is_prod":false,"is_daily":false,"chose_seed":false,"campfire_upgraded":3,"win_rate":0,"timestamp":1558114557,"path_taken":["M","M","$","M","M","E","R","E","T","E","?","?","R","M","R","BOSS","M","M","$","M","M","R","M","?","T","E","R","?","E","?","R","BOSS","M","M","M","M"],"build_version":"2019-05-07","purchased_purges":1,"victory":false,"max_hp_per_floor":[71,71,71,71,71,71,71,71,71,71,71,71,71,71,71,71,71,71,71,68,68,68,68,68,68,68,68,68,68,68,68,68,68,68,68,68,68,68],"card_choices":[{"not_picked":["Redo","Fusion"],"picked":"Compile Driver","floor":1.0},{"not_picked":["Beam Cell","Auto Shields"],"picked":"Defragment","floor":2.0},{"not_picked":["Barrage","Rebound"],"picked":"Streamline","floor":4.0},{"not_picked":["Cold Snap","Auto Shields"],"picked":"Core Surge","floor":5.0},{"not_picked":["Steam","Go for the Eyes"],"picked":"Coolheaded","floor":6.0},{"not_picked":["Buffer","Compile Driver"],"picked":"Darkness","floor":8.0},{"not_picked":["Multi-Cast","Fission"],"picked":"Cold Snap","floor":10.0},{"not_picked":["Leap","Hologram"],"picked":"Cold Snap","floor":13.0},{"not_picked":["Hello World","Ball Lightning"],"picked":"Compile Driver","floor":14.0},{"not_picked":["All For One","Buffer"],"picked":"Hyperbeam","floor":16.0},{"not_picked":["Leap","Gash"],"picked":"Coolheaded","floor":18.0},{"not_picked":["Hello World","Darkness"],"picked":"Self Repair","floor":19.0},{"not_picked":["Leap","Static Discharge+1"],"picked":"Hologram","floor":21},{"not_picked":["Steam","Auto Shields"],"picked":"Glacier","floor":22},{"not_picked":["Recycle","Barrage","Leap"],"picked":"SKIP","floor":24},{"not_picked":["Coolheaded","Heatsinks"],"picked":"Glacier","floor":27},{"not_picked":["Ball Lightning","Steam Power","Gash"],"picked":"SKIP","floor":29},{"not_picked":["Steam Power","Multi-Cast","Tempest"],"picked":"SKIP","floor":30},{"not_picked":["Biased Cognition","Rainbow"],"picked":"Fission","floor":33},{"not_picked":["Rebound","Hologram","Gash+1"],"picked":"SKIP","floor":35},{"not_picked":["FTL","Compile Driver"],"picked":"Loop","floor":36},{"not_picked":["Ball Lightning","Hologram"],"picked":"Coolheaded","floor":37}],"player_experience":1551983,"relics_obtained":[{"floor":6.0,"key":"Whetstone"},{"floor":8.0,"key":"Orichalcum"},{"floor":9.0,"key":"Dream Catcher"},{"floor":10.0,"key":"Centennial Puzzle"},{"floor":26,"key":"Shovel"},{"floor":27,"key":"Ice Cream"},{"floor":28,"key":"Blue Candle"},{"floor":30,"key":"Meat on the Bone"}],"event_choices":[{"damage_healed":0.0,"max_hp_gain":0.0,"max_hp_loss":0.0,"gold_gain":0.0,"event_name":"Shining Light","player_choice":"Ignored","floor":11.0,"gold_loss":0.0,"damage_taken":0.0},{"damage_healed":17.0,"max_hp_gain":0.0,"max_hp_loss":0.0,"gold_gain":0.0,"event_name":"Mushrooms","player_choice":"Healed and dodged fight","floor":12.0,"gold_loss":0.0,"damage_taken":0.0,"cards_obtained":["Parasite"]},{"damage_healed":0,"gold_gain":0,"player_choice":"Upgraded","damage_taken":0,"max_hp_gain":0,"max_hp_loss":0,"event_name":"Upgrade Shrine","floor":25,"gold_loss":0,"cards_upgraded":["Coolheaded"]},{"damage_healed":0,"gold_gain":0,"player_choice":"Ignored","damage_taken":0,"max_hp_gain":0,"max_hp_loss":0,"event_name":"Cursed Tome","floor":31,"gold_loss":0}],"is_beta":true,"boss_relics":[{"not_picked":["Coffee Dripper","Lizard Tail"],"picked":"Astrolabe"},{"not_picked":["Black Star","Empty Cage"],"picked":"FrozenCore"}],"items_purged_floors":[20],"is_endless":false,"potions_floor_spawned":[2,5,14,16,22,24,27,30,33,35],"killed_by":"Transient","ascension_level":20}