{"gold_per_floor":[114,189,201,201,43,43,78,91,118,118,128,163,163,163,163,237,237,250,268,183,194,226,226,289,289,289,289],"floor_reached":27,"playtime":1321,"items_purged":["Defend_B"],"score":394,"play_id":"c0604b4f-ed34-47d9-93de-d8b119966d11","local_time":"20190510230521","is_ascension_mode":true,"campfire_choices":[{"data":"Storm","floor":6.0,"key":"SMITH"},{"data":"Coolheaded","floor":10,"key":"SMITH"},{"data":"Tempest","floor":13,"key":"SMITH"},{"floor":15,"key":"REST"},{"floor":23,"key":"REST"},{"data":"Self Repair","floor":25,"key":"SMITH"}],"neow_cost":"NONE","seed_source_timestamp":2031419837254643,"circlet_count":0,"master_deck":["AscendersBane","Strike_B","Strike_B","Strike_B","Defend_B","Defend_B","Defend_B","Zap","Dualcast","Cold Snap","Chill","Storm+1","Heatsinks","Glacier","Coolheaded+1","Cold Snap","Tempest+1","Hologram","Echo Form","Reinforced Body","Force Field+1","Tempest","Self Repair+1"],"special_seed":0,"relics":["Runic Dome","Dream Catcher","Happy Flower","Omamori","Dead Branch","Inserter","Potion Belt","Red Mask","Tiny Chest","Gremlin Horn"],"potions_floor_usage":[11,22,24],"damage_taken":[{"damage":9.0,"enemies":"Small Slimes","floor":1.0,"turns":4.0},{"damage":7.0,"enemies":"Jaw Worm","floor":3.0,"turns":3.0},{"damage":5.0,"enemies":"3 Sentries","floor":7.0,"turns":2.0},{"damage":0.0,"enemies":"2 Louse","floor":8.0,"turns":3.0},{"damage":0,"enemies":"Gremlin Gang","floor":11,"turns":4},{"damage":19,"enemies":"Lagavulin","floor":12,"turns":8},{"damage":11,"enemies":"The Guardian","floor":16,"turns":10},{"damage":1,"enemies":"Chosen","floor":18,"turns":5},{"damage":18,"enemies":"3 Byrds","floor":19,"turns":5},{"damage":14,"enemies":"Shelled Parasite and Fungi","floor":21,"turns":6},{"damage":9,"enemies":"Masked Bandits","floor":22,"turns":4},{"damage":31,"enemies":"Book of Stabbing","floor":24,"turns":10},{"damage":13,"enemies":"Snake Plant","floor":27,"turns":1}],"seed_played":"-5535049673797709945","potions_obtained":[{"floor":1.0,"key":"Strength Potion"},{"floor":8,"key":"PowerPotion"},{"floor":12,"key":"LiquidBronze"},{"floor":18,"key":"Explosive Potion"}],"is_trial":false,"path_per_floor":["M","?","M","?","$","R","E","M","T","R","M","E","R","?","R","B",null,"M","M","?","M","?","R","E","R","T","M"],"character_chosen":"DEFECT","items_purchased":["Heatsinks","PowerPotion"],"campfire_rested":2,"item_purchase_floors":[5,5],"current_hp_per_floor":[59,48,41,41,41,41,36,36,36,36,36,17,17,17,39,28,63,62,44,44,30,21,43,12,12,12,0],"gold":289,"neow_bonus":"BOSS_RELIC","is_prod":false,"is_daily":false,"chose_seed":false,"campfire_upgraded":4,"win_rate":0,"timestamp":1557522321,"path_taken":["M","?","M","?","?","R","E","M","T","R","M","E","R","?","R","BOSS","M","?","?","M","?","R","E","R","T","?"],"build_version":"2019-01-23","purchased_purges":1,"victory":false,"max_hp_per_floor":[75,75,75,75,75,75,75,75,75,75,75,75,75,75,75,75,75,75,75,75,75,75,75,75,75,75,75],"card_choices":[{"not_picked":["Scrape","Steam"],"picked":"Cold Snap","floor":1.0},{"not_picked":["Compile Driver","Beam Cell"],"picked":"Chill","floor":3.0},{"not_picked":["Leap","Streamline"],"picked":"Glacier","floor":7.0},{"not_picked":["Barrage","Heatsinks"],"picked":"Coolheaded","floor":8},{"not_picked":["Redo","Barrage"],"picked":"Cold Snap","floor":11},{"not_picked":["Heatsinks","Reinforced Body"],"picked":"Tempest","floor":12},{"not_picked":["Scrape","Undo"],"picked":"Hologram","floor":15},{"not_picked":["Seek","Rainbow"],"picked":"Echo Form","floor":16},{"not_picked":["Gash","Cold Snap","Streamline+1"],"picked":"SKIP","floor":18},{"not_picked":["FTL","Rip and Tear"],"picked":"Reinforced Body","floor":19},{"not_picked":["Coolheaded","Genetic Algorithm"],"picked":"Force Field+1","floor":21},{"not_picked":["Beam Cell","Conserve Battery"],"picked":"Tempest","floor":23},{"not_picked":["Cold Snap","Go for the Eyes"],"picked":"Self Repair","floor":24}],"player_experience":313992,"relics_obtained":[{"floor":7.0,"key":"Dream Catcher"},{"floor":9,"key":"Happy Flower"},{"floor":12,"key":"Omamori"},{"floor":22,"key":"Red Mask"},{"floor":24,"key":"Tiny Chest"},{"floor":26,"key":"Gremlin Horn"}],"event_choices":[{"damage_healed":0.0,"max_hp_gain":0.0,"max_hp_loss":0.0,"gold_gain":75.0,"event_name":"World of Goop","player_choice":"Gather Gold","floor":2.0,"gold_loss":0.0,"damage_taken":11.0},{"damage_healed":0.0,"max_hp_gain":0.0,"max_hp_loss":0.0,"gold_gain":0.0,"cards_transformed":["Strike_B"],"event_name":"Living Wall","player_choice":"Change","floor":4.0,"gold_loss":0.0,"damage_taken":0.0,"cards_obtained":["Storm"]},{"damage_healed":0,"gold_gain":0,"player_choice":"Gave Potion","damage_taken":0,"relics_obtained":["Dead Branch"],"max_hp_gain":0,"max_hp_loss":0,"event_name":"WeMeetAgain","floor":14,"gold_loss":0},{"damage_healed":0,"gold_gain":0,"player_choice":"Obtained Relic","damage_taken":0,"relics_obtained":["Potion Belt"],"max_hp_gain":0,"max_hp_loss":0,"event_name":"Addict","floor":20,"gold_loss":85},{"damage_healed":0,"gold_gain":0,"player_choice":"Fought Bandits","damage_taken":0,"max_hp_gain":0,"max_hp_loss":0,"event_name":"Masked Bandits","floor":22,"gold_loss":0}],"is_beta":false,"boss_relics":[{"not_picked":["Tiny House","Velvet Choker"],"picked":"Inserter"}],"items_purged_floors":[5],"is_endless":false,"potions_floor_spawned":[1,8,12,18,19],"killed_by":"Snake Plant","ascension_level":13}