{"gold_per_floor":[110,260,272,272,284,284,310,159,159,192,192,209,209,242,242,314,314,329,341,341,351,367,401,421,446,446,464,464,497,49,82,82,159,159,172,172,7,55,55,89,89,115,115,149,161,171,171,191,191,191,191,191,191,34,64,64],"floor_reached":57,"playtime":3857,"items_purged":["Strike_R","Strike_R"],"score":3376,"play_id":"30b75c51-ea6e-449a-8ee7-f104a9ff8a2b","local_time":"20190604003942","is_ascension_mode":true,"campfire_choices":[{"data":"Bash","floor":6,"key":"SMITH"},{"data":"Shockwave","floor":11,"key":"SMITH"},{"data":"Corruption","floor":13,"key":"SMITH"},{"data":"Warcry","floor":15,"key":"SMITH"},{"data":"Offering","floor":32,"key":"SMITH"},{"floor":41,"key":"RECALL"},{"floor":49,"key":"DIG"},{"floor":53,"key":"DIG"}],"neow_cost":"CURSE","seed_source_timestamp":6705962135911,"circlet_count":0,"master_deck":["AscendersBane","Strike_R","Strike_R","Defend_R","Defend_R","Defend_R","Defend_R+1","Bash+1","True Grit","Ghostly Armor","Sever Soul","Shockwave+1","Spot Weakness","Reckless Charge","Corruption+1","Warcry+1","Offering+1","Armaments+1","Feel No Pain","Intimidate","Burning Pact","Pain","Flame Barrier","Offering","Impervious","Warcry+1","Flame Barrier","Panache","Panache","Shrug It Off"],"relics":["Burning Blood","Dead Branch","Calipers","StoneCalendar","Regal Pillow","Ornamental Fan","Cursed Key","Blue Candle","Self Forming Clay","Shuriken","Juzu Bracelet","Singing Bowl","War Paint","Fusion Hammer","Omamori","Gambling Chip","Centennial Puzzle","Shovel","Orichalcum","Sundial","Letter Opener","Dodecahedron"],"potions_floor_usage":[14,22,29,29,38,51,51,56],"damage_taken":[{"damage":5,"enemies":"2 Louse","floor":1,"turns":4},{"damage":1,"enemies":"Cultist","floor":3,"turns":3},{"damage":0,"enemies":"Small Slimes","floor":5,"turns":4},{"damage":21,"enemies":"Gremlin Nob","floor":7,"turns":4},{"damage":24,"enemies":"Lagavulin","floor":10,"turns":10},{"damage":9,"enemies":"2 Fungi Beasts","floor":12,"turns":3},{"damage":0,"enemies":"3 Sentries","floor":14,"turns":2},{"damage":12,"enemies":"Hexaghost","floor":16,"turns":6},{"damage":17,"enemies":"3 Byrds","floor":18,"turns":3},{"damage":1,"enemies":"Spheric Guardian","floor":19,"turns":4},{"damage":0,"enemies":"Snecko","floor":21,"turns":2},{"damage":8,"enemies":"Snake Plant","floor":22,"turns":3},{"damage":20,"enemies":"Book of Stabbing","floor":23,"turns":2},{"damage":0,"enemies":"Centurion and Healer","floor":24,"turns":5},{"damage":30,"enemies":"Gremlin Leader","floor":25,"turns":3},{"damage":7,"enemies":"3 Cultists","floor":27,"turns":4},{"damage":8,"enemies":"Slavers","floor":29,"turns":6},{"damage":2,"enemies":"Gremlin Leader","floor":31,"turns":4},{"damage":13,"enemies":"Collector","floor":33,"turns":5},{"damage":0,"enemies":"Orb Walker","floor":35,"turns":3},{"damage":26,"enemies":"2 Orb Walkers","floor":38,"turns":3},{"damage":1,"enemies":"Nemesis","floor":40,"turns":5},{"damage":1,"enemies":"Giant Head","floor":42,"turns":4},{"damage":7,"enemies":"Nemesis","floor":44,"turns":5},{"damage":12,"enemies":"3 Darklings","floor":45,"turns":2},{"damage":2,"enemies":"4 Shapes","floor":46,"turns":3},{"damage":0,"enemies":"Transient","floor":48,"turns":6},{"damage":7,"enemies":"Donu and Deca","floor":50,"turns":5},{"damage":12,"enemies":"Awakened One","floor":51,"turns":7},{"damage":14,"enemies":"Shield and Spear","floor":55,"turns":4},{"damage":17,"enemies":"The Heart","floor":56,"turns":7}],"seed_played":"-2535722393657954147","potions_obtained":[{"floor":5,"key":"PowerPotion"},{"floor":12,"key":"Explosive Potion"},{"floor":14,"key":"SneckoOil"},{"floor":24,"key":"EssenceOfSteel"},{"floor":27,"key":"Swift Potion"},{"floor":31,"key":"AttackPotion"},{"floor":33,"key":"EssenceOfSteel"},{"floor":38,"key":"Block Potion"}],"is_trial":false,"path_per_floor":["M","?","M","?","M","R","E","$","T","E","R","M","R","E","R","B",null,"M","M","?","M","M","E","M","E","T","M","?","E","$","E","R","B",null,"M","?","$","?","?","E","R","E","T","E","M","M","?","M","R","B","B",null,"R","$","E","B",null],"character_chosen":"IRONCLAD","items_purchased":["Spot Weakness","Singing Bowl","Offering","Omamori","Block Potion"],"campfire_rested":0,"item_purchase_floors":[8,30,30,37,54],"current_hp_per_floor":[69,69,74,74,75,75,60,60,60,42,42,39,39,45,45,39,66,55,60,60,66,64,50,56,32,32,31,31,29,29,35,35,28,65,73,73,73,55,55,62,62,67,67,68,64,68,60,68,68,67,61,84,84,84,76,65],"gold":64,"neow_bonus":"ONE_RARE_RELIC","is_prod":false,"is_daily":false,"chose_seed":false,"campfire_upgraded":5,"win_rate":0,"timestamp":1559601582,"path_taken":["M","?","M","?","M","R","E","$","T","E","R","?","R","E","R","BOSS","M","M","?","?","M","E","M","E","T","M","?","E","$","E","R","BOSS","M","?","$","?","?","E","R","E","T","E","M","M","?","M","R","BOSS","BOSS","R","$","E","BOSS"],"build_version":"2019-01-23","purchased_purges":2,"victory":true,"max_hp_per_floor":[75,75,75,75,75,75,75,75,75,75,75,75,75,75,75,75,75,75,75,75,75,75,75,75,75,75,75,75,75,75,77,77,77,77,79,79,79,81,81,83,83,83,83,85,87,87,89,91,91,91,91,91,91,91,91,91],"card_choices":[{"not_picked":["Inflame","Flex"],"picked":"True Grit","floor":1},{"not_picked":["Heavy Blade","Intimidate"],"picked":"Ghostly Armor","floor":3},{"not_picked":["Pommel Strike","Evolve"],"picked":"Sever Soul","floor":5},{"not_picked":["Limit Break","Fire Breathing"],"picked":"Shockwave","floor":7},{"not_picked":["Headbutt","Wild Strike"],"picked":"Reckless Charge","floor":10},{"not_picked":["Headbutt","Berserk"],"picked":"Corruption","floor":12},{"not_picked":["Heavy Blade","Body Slam"],"picked":"Warcry","floor":14},{"not_picked":["Reaper","Exhume"],"picked":"Offering","floor":16},{"not_picked":["Dropkick","Perfected Strike","Sever Soul"],"picked":"SKIP","floor":18},{"not_picked":["Pommel Strike","Body Slam"],"picked":"Armaments","floor":19},{"not_picked":["Iron Wave+1","Bloodletting"],"picked":"Feel No Pain","floor":21},{"not_picked":["Perfected Strike","Wild Strike"],"picked":"Intimidate","floor":22},{"not_picked":["Spot Weakness","Searing Blow","Sever Soul"],"picked":"SKIP","floor":23},{"not_picked":["Uppercut+1","Cleave"],"picked":"Burning Pact","floor":24},{"not_picked":["True Grit","Combust","Havoc"],"picked":"SKIP","floor":25},{"not_picked":["Wild Strike","Flex"],"picked":"Flame Barrier","floor":27},{"not_picked":["Shrug It Off","Wild Strike","Bludgeon"],"picked":"SKIP","floor":29},{"not_picked":["Rage","Rampage","Sever Soul"],"picked":"Singing Bowl","floor":31},{"not_picked":["Barricade","Juggernaut"],"picked":"Impervious","floor":33},{"not_picked":["Rupture","Pommel Strike+1","Twin Strike+1"],"picked":"Singing Bowl","floor":35},{"not_picked":["Reckless Charge+1","Clothesline","Hemokinesis"],"picked":"Singing Bowl","floor":38},{"not_picked":["Clothesline","Rupture","Rage+1"],"picked":"Singing Bowl","floor":40},{"not_picked":["Clash","Spot Weakness"],"picked":"Warcry+1","floor":42},{"not_picked":["Armaments","Double Tap","Shrug It Off+1"],"picked":"Singing Bowl","floor":44},{"not_picked":["Sever Soul","Clash+1","Burning Pact"],"picked":"Singing Bowl","floor":45},{"not_picked":["Flex+1","Sword Boomerang+1"],"picked":"Flame Barrier","floor":46},{"not_picked":["Bandage Up","Thinking Ahead"],"picked":"Panache","floor":47},{"not_picked":["Mind Blast","Blind"],"picked":"Panache","floor":47},{"not_picked":["Dramatic Entrance","Secret Weapon","Forethought"],"picked":"Singing Bowl","floor":47},{"not_picked":["Anger+1","Shrug It Off+1","Heavy Blade"],"picked":"Singing Bowl","floor":48},{"not_picked":["Anger","Warcry"],"picked":"Shrug It Off","floor":55}],"player_experience":518352,"relics_obtained":[{"floor":7,"key":"Calipers"},{"floor":9,"key":"StoneCalendar"},{"floor":10,"key":"Regal Pillow"},{"floor":14,"key":"Ornamental Fan"},{"floor":23,"key":"Blue Candle"},{"floor":25,"key":"Self Forming Clay"},{"floor":26,"key":"Shuriken"},{"floor":29,"key":"Juzu Bracelet"},{"floor":31,"key":"War Paint"},{"floor":38,"key":"Gambling Chip"},{"floor":40,"key":"Centennial Puzzle"},{"floor":42,"key":"Shovel"},{"floor":44,"key":"Orichalcum"},{"floor":49,"key":"Sundial"},{"floor":53,"key":"Letter Opener"},{"floor":55,"key":"Dodecahedron"}],"event_choices":[{"damage_healed":0,"gold_gain":150,"player_choice":"AGREE","damage_taken":0,"max_hp_gain":0,"max_hp_loss":0,"event_name":"Liars Game","floor":2,"gold_loss":0,"cards_obtained":["Doubt"]},{"cards_removed":["Doubt","Regret"],"damage_healed":0,"gold_gain":0,"player_choice":"Removed Curses","damage_taken":0,"max_hp_gain":0,"max_hp_loss":0,"event_name":"Fountain of Cleansing","floor":4,"gold_loss":0},{"damage_healed":0,"gold_gain":0,"cards_transformed":["Strike_R"],"player_choice":"Transformed","damage_taken":0,"max_hp_gain":0,"max_hp_loss":0,"event_name":"Transmorgrifier","floor":20,"gold_loss":0,"cards_obtained":["Juggernaut"]},{"damage_healed":0,"gold_gain":0,"player_choice":"Ignored","damage_taken":0,"max_hp_gain":0,"max_hp_loss":0,"event_name":"Cursed Tome","floor":28,"gold_loss":0},{"damage_healed":0,"gold_gain":0,"player_choice":"0 cards matched","damage_taken":0,"max_hp_gain":0,"max_hp_loss":0,"event_name":"Match and Keep!","floor":36,"gold_loss":0,"cards_obtained":[]},{"damage_healed":0,"gold_gain":0,"player_choice":"Fight","damage_taken":0,"max_hp_gain":0,"max_hp_loss":0,"event_name":"Mysterious Sphere","floor":38,"gold_loss":0},{"cards_removed":["Juggernaut"],"damage_healed":0,"gold_gain":0,"player_choice":"Removed Power","damage_taken":0,"max_hp_gain":0,"max_hp_loss":0,"event_name":"Falling","floor":39,"gold_loss":0},{"damage_healed":0,"gold_gain":0,"player_choice":"Memory 3","damage_taken":10,"max_hp_gain":0,"max_hp_loss":0,"event_name":"SensoryStone","floor":47,"gold_loss":0}],"is_beta":false,"boss_relics":[{"not_picked":["Ectoplasm","Empty Cage"],"picked":"Cursed Key"},{"not_picked":["Black Star","Coffee Dripper"],"picked":"Fusion Hammer"}],"items_purged_floors":[8,54],"is_endless":false,"potions_floor_spawned":[5,12,14,18,24,27,31,33,38,42,48],"ascension_level":20}