{"gold_per_floor":[14,14,29,29,44,44,55,86,86,100,100,125,138,151,151,223,223,237,287,299,332,7,7,34,50,105,105,119,119,119,152,152,231,231,245,345,362,362,362,390,402,432,496,530,542],"floor_reached":45,"playtime":2068,"items_purged":[],"score":1065,"play_id":"2532d219-60fe-4e5c-b5b7-383c520e9c9e","local_time":"20190608202313","is_ascension_mode":true,"campfire_choices":[{"floor":6.0,"key":"REST"},{"floor":11.0,"key":"REST"},{"data":"Consume","floor":15.0,"key":"SMITH"},{"floor":23.0,"key":"REST"},{"floor":27.0,"key":"REST"},{"floor":30.0,"key":"REST"},{"data":"Sweeping Beam","floor":32.0,"key":"SMITH"},{"floor":41.0,"key":"REST"}],"neow_cost":"NO_GOLD","seed_source_timestamp":0,"circlet_count":0,"master_deck":["AscendersBane","Strike_B+1","Defend_B","Defend_B","Defend_B","Zap","Dualcast","Sweeping Beam+1","White Noise","Sweeping Beam+1","Seek","Static Discharge+1","Go for the Eyes","Leap","Consume+1","All For One","Ball Lightning+1","BootSequence","Glacier","Defragment+1","Sweeping Beam","Undo","Electrodynamics+1","All For One+1","Steam+1","Amplify+1","Enlightenment","Leap+1","Compile Driver+1"],"special_seed":0,"relics":["Cracked Core","Frozen Egg 2","Pear","Ornamental Fan","Oddly Smooth Stone","Snecko Eye","Red Mask","PreservedInsect","Vajra","Smiling Mask","Art of War","Nilry\u0027s Codex","Strawberry","Astrolabe","Pocketwatch","MawBank","Pen Nib"],"potions_floor_usage":[],"damage_taken":[{"damage":5.0,"enemies":"2 Louse","floor":1.0,"turns":3.0},{"damage":0.0,"enemies":"Cultist","floor":3.0,"turns":3.0},{"damage":2.0,"enemies":"Jaw Worm","floor":5.0,"turns":3.0},{"damage":0.0,"enemies":"2 Fungi Beasts","floor":7.0,"turns":2.0},{"damage":39.0,"enemies":"Gremlin Nob","floor":8.0,"turns":4.0},{"damage":24.0,"enemies":"3 Louse","floor":10.0,"turns":3.0},{"damage":20.0,"enemies":"3 Sentries","floor":12.0,"turns":3.0},{"damage":2.0,"enemies":"Looter","floor":13.0,"turns":3.0},{"damage":0.0,"enemies":"2 Fungi Beasts","floor":14.0,"turns":2.0},{"damage":16.0,"enemies":"Hexaghost","floor":16.0,"turns":7.0},{"damage":21.0,"enemies":"Chosen","floor":18.0,"turns":5.0},{"damage":12.0,"enemies":"2 Thieves","floor":20.0,"turns":3.0},{"damage":31.0,"enemies":"Masked Bandits","floor":21.0,"turns":4.0},{"damage":0.0,"enemies":"Slavers","floor":24.0,"turns":2.0},{"damage":0.0,"enemies":"Centurion and Healer","floor":25.0,"turns":7.0},{"damage":6.0,"enemies":"Cultist and Chosen","floor":28.0,"turns":5.0},{"damage":16.0,"enemies":"Book of Stabbing","floor":31.0,"turns":4.0},{"damage":29.0,"enemies":"Collector","floor":33.0,"turns":7.0},{"damage":20.0,"enemies":"3 Darklings","floor":35.0,"turns":4.0},{"damage":0.0,"enemies":"Mind Bloom Boss Battle","floor":36.0,"turns":7.0},{"damage":0.0,"enemies":"3 Shapes","floor":37.0,"turns":5.0},{"damage":49.0,"enemies":"Giant Head","floor":40.0,"turns":6.0},{"damage":43.0,"enemies":"Maw","floor":42.0,"turns":7.0},{"damage":0.0,"enemies":"3 Darklings","floor":44.0,"turns":2.0},{"damage":30,"enemies":"Nemesis","floor":45,"turns":2}],"seed_played":"-8148622366930373756","potions_obtained":[{"floor":3.0,"key":"Swift Potion"},{"floor":10.0,"key":"Weak Potion"},{"floor":13.0,"key":"SteroidPotion"},{"floor":18.0,"key":"Fire Potion"},{"floor":25.0,"key":"Block Potion"},{"floor":36.0,"key":"Regen Potion"}],"is_trial":false,"path_per_floor":["M","?","M","?","M","R","M","E","T","M","R","E","M","M","R","B",null,"M","?","M","?","$","R","E","M","T","R","M","?","R","E","R","B",null,"M","?","M","?","?","E","R","M","T","M","E"],"character_chosen":"DEFECT","items_purchased":["PreservedInsect","Vajra"],"campfire_rested":6,"item_purchase_floors":[22,22],"current_hp_per_floor":[73,73,73,47,45,70,70,41,41,17,45,25,23,23,23,7,73,52,52,40,9,9,37,37,37,37,65,59,38,66,57,57,28,84,64,64,64,64,64,30,60,17,17,17,0],"gold":542,"neow_bonus":"TWENTY_PERCENT_HP_BONUS","is_prod":false,"is_daily":false,"chose_seed":false,"campfire_upgraded":2,"win_rate":0,"timestamp":1560018193,"path_taken":["M","?","?","?","M","R","M","E","T","M","R","E","M","M","R","BOSS","M","?","M","?","$","R","E","M","T","R","M","?","R","E","R","BOSS","M","?","M","?","?","E","R","M","T","M","E"],"build_version":"2019-06-07","purchased_purges":0,"victory":false,"max_hp_per_floor":[85,85,85,85,85,85,85,95,95,95,95,95,95,95,95,95,95,95,95,95,95,95,95,95,95,95,95,95,95,95,102,102,102,102,102,102,102,102,102,102,102,102,102,102,102],"card_choices":[{"not_picked":["Darkness","Stack"],"picked":"Sweeping Beam","floor":1.0},{"not_picked":["Coolheaded","Heatsinks+1"],"picked":"White Noise","floor":3.0},{"not_picked":["Streamline","Barrage"],"picked":"Sweeping Beam","floor":5.0},{"not_picked":["Barrage","Redo","Streamline"],"picked":"SKIP","floor":7.0},{"not_picked":["Chaos","Turbo"],"picked":"Seek","floor":8.0},{"not_picked":["Beam Cell","Skim"],"picked":"Static Discharge+1","floor":10.0},{"not_picked":["Hologram","Consume"],"picked":"Go for the Eyes","floor":12.0},{"not_picked":["Barrage","Reprogram"],"picked":"Leap","floor":13.0},{"not_picked":["Go for the Eyes","Stack"],"picked":"Consume","floor":14.0},{"not_picked":["Multi-Cast","Machine Learning+1"],"picked":"All For One","floor":16.0},{"not_picked":["Aggregate","Streamline+1"],"picked":"Ball Lightning+1","floor":18.0},{"not_picked":["Turbo","Barrage"],"picked":"BootSequence","floor":20.0},{"not_picked":["Stack","Compile Driver+1"],"picked":"Glacier","floor":21.0},{"not_picked":["Sunder","Self Repair+1"],"picked":"Defragment+1","floor":24.0},{"not_picked":["Gash","Redo","Steam"],"picked":"SKIP","floor":25.0},{"not_picked":["Rainbow","Cold Snap"],"picked":"Sweeping Beam","floor":28.0},{"not_picked":["Melter","Ball Lightning"],"picked":"Undo","floor":31.0},{"not_picked":["All For One","Machine Learning+1"],"picked":"Electrodynamics+1","floor":33.0},{"not_picked":["Gash","Redo+1","Consume"],"picked":"SKIP","floor":35.0},{"not_picked":["Aggregate","Consume","Storm+1"],"picked":"SKIP","floor":37.0},{"not_picked":["Forethought","Deep Breath"],"picked":"Enlightenment","floor":39.0},{"not_picked":["Gash","Rainbow"],"picked":"Leap+1","floor":40.0},{"not_picked":["Stack","Gash+1","Leap"],"picked":"SKIP","floor":42.0},{"not_picked":["Cold Snap","Go for the Eyes"],"picked":"Compile Driver+1","floor":44.0}],"player_experience":1689683,"relics_obtained":[{"floor":2.0,"key":"Frozen Egg 2"},{"floor":8.0,"key":"Pear"},{"floor":9.0,"key":"Ornamental Fan"},{"floor":12.0,"key":"Oddly Smooth Stone"},{"floor":21.0,"key":"Red Mask"},{"floor":24.0,"key":"Smiling Mask"},{"floor":26.0,"key":"Art of War"},{"floor":29.0,"key":"Nilry\u0027s Codex"},{"floor":31.0,"key":"Strawberry"},{"floor":36.0,"key":"Pocketwatch"},{"floor":40.0,"key":"MawBank"},{"floor":43.0,"key":"Pen Nib"}],"event_choices":[{"damage_healed":0.0,"max_hp_gain":0.0,"max_hp_loss":0.0,"gold_gain":0.0,"event_name":"Wheel of Change","player_choice":"Relic","floor":2.0,"gold_loss":0.0,"damage_taken":0.0},{"damage_healed":0.0,"max_hp_gain":0.0,"max_hp_loss":0.0,"gold_gain":0.0,"event_name":"Shining Light","player_choice":"Entered Light","floor":4.0,"gold_loss":0.0,"damage_taken":26.0,"cards_upgraded":["Strike_B","Sweeping Beam"]},{"damage_healed":0.0,"max_hp_gain":0.0,"max_hp_loss":0.0,"gold_gain":50.0,"event_name":"Nest","player_choice":"Stole From Cult","floor":19.0,"gold_loss":0.0,"damage_taken":0.0},{"damage_healed":0.0,"max_hp_gain":0.0,"max_hp_loss":0.0,"gold_gain":0.0,"event_name":"Masked Bandits","player_choice":"Fought Bandits","floor":21.0,"gold_loss":0.0,"damage_taken":0.0},{"damage_healed":0.0,"max_hp_gain":0.0,"max_hp_loss":0.0,"gold_gain":0.0,"event_name":"Cursed Tome","player_choice":"Obtained Book","floor":29.0,"gold_loss":0.0,"damage_taken":21.0},{"damage_healed":0.0,"max_hp_gain":0.0,"max_hp_loss":0.0,"gold_gain":0.0,"event_name":"MindBloom","player_choice":"Fight","floor":36.0,"gold_loss":0.0,"damage_taken":0.0},{"cards_removed":["Defend_B"],"damage_healed":0.0,"max_hp_gain":0.0,"max_hp_loss":0.0,"gold_gain":0.0,"event_name":"Falling","player_choice":"Removed Skill","floor":38.0,"gold_loss":0.0,"damage_taken":0.0},{"damage_healed":0.0,"max_hp_gain":0.0,"max_hp_loss":0.0,"gold_gain":0.0,"event_name":"SensoryStone","player_choice":"Memory 1","floor":39.0,"gold_loss":0.0,"damage_taken":0.0}],"is_beta":true,"boss_relics":[{"not_picked":["Sozu","Lizard Tail"],"picked":"Snecko Eye"},{"not_picked":["White Beast Statue","FrozenCore"],"picked":"Astrolabe"}],"items_purged_floors":[],"is_endless":false,"potions_floor_spawned":[3,10,12,13,14,18,25,28,31,36],"killed_by":"Nemesis","ascension_level":20}