{"gold_per_floor":[18,18,36,36,55,55,89,89,158,158,158,158,158],"floor_reached":13,"playtime":357,"items_purged":[],"score":166,"play_id":"7d9385de-0d9d-4998-b22b-861a8c781611","local_time":"20190616163506","is_ascension_mode":true,"campfire_choices":[{"data":"Rampage","floor":6,"key":"SMITH"},{"data":"Bash","floor":10,"key":"SMITH"},{"data":"1","floor":12,"key":"LIFT"}],"neow_cost":"NO_GOLD","seed_source_timestamp":175851510693929,"circlet_count":0,"master_deck":["AscendersBane","Strike_R","Strike_R","Strike_R","Defend_R","Defend_R","Defend_R","Defend_R","Bash+1","Combust","Rampage+1","True Grit","Fiend Fire","Rage"],"relics":["Burning Blood","Golden Idol","Girya","Bottled Flame","Ornamental Fan"],"potions_floor_usage":[7,8],"damage_taken":[{"damage":2,"enemies":"Cultist","floor":1,"turns":4},{"damage":3,"enemies":"2 Louse","floor":3,"turns":5},{"damage":2,"enemies":"Jaw Worm","floor":5,"turns":4},{"damage":35,"enemies":"3 Sentries","floor":7,"turns":7},{"damage":0,"enemies":"Exordium Wildlife","floor":8,"turns":1},{"damage":30,"enemies":"Lagavulin","floor":13,"turns":7}],"seed_played":"-4181156674892871874","potions_obtained":[{"floor":1,"key":"SmokeBomb"},{"floor":3,"key":"PowerPotion"}],"is_trial":false,"path_per_floor":["M","?","M","?","M","R","E","M","T","R","T","R","E"],"character_chosen":"IRONCLAD","items_purchased":[],"campfire_rested":0,"item_purchase_floors":[],"current_hp_per_floor":[72,72,75,49,53,53,24,30,30,30,30,30,0],"gold":158,"neow_bonus":"TRANSFORM_TWO_CARDS","is_prod":false,"is_daily":false,"chose_seed":false,"campfire_upgraded":2,"win_rate":0,"timestamp":1560695706,"path_taken":["M","?","M","?","M","R","E","M","T","R","?","R","E"],"build_version":"2019-01-23","purchased_purges":0,"victory":false,"max_hp_per_floor":[75,75,75,75,75,75,75,75,75,75,75,75,75],"card_choices":[{"not_picked":["Fire Breathing","Perfected Strike"],"picked":"True Grit","floor":1},{"not_picked":["Perfected Strike","Clothesline"],"picked":"Fiend Fire","floor":3},{"not_picked":["Anger","Body Slam","Inflame"],"picked":"SKIP","floor":5},{"not_picked":["Heavy Blade","Hemokinesis"],"picked":"Rage","floor":7}],"player_experience":570437,"relics_obtained":[{"floor":7,"key":"Girya"},{"floor":9,"key":"Bottled Flame"},{"floor":11,"key":"Ornamental Fan"}],"event_choices":[{"damage_healed":0,"gold_gain":0,"player_choice":"Ignored","damage_taken":0,"max_hp_gain":0,"max_hp_loss":0,"event_name":"Liars Game","floor":2,"gold_loss":0},{"damage_healed":0,"gold_gain":0,"player_choice":"Take Damage","damage_taken":26,"relics_obtained":["Golden Idol"],"max_hp_gain":0,"max_hp_loss":0,"event_name":"Golden Idol","floor":4,"gold_loss":0}],"is_beta":false,"boss_relics":[],"items_purged_floors":[],"is_endless":false,"potions_floor_spawned":[1,3],"killed_by":"Lagavulin","ascension_level":20}