{"gold_per_floor":[219,294,52,64,81,116,116,142,142,142,171,186,196,215,215,215],"floor_reached":16,"playtime":725,"items_purged":[],"score":195,"play_id":"058ba222-212b-4728-b43d-e25d0cd9d0ba","local_time":"20190508162628","is_ascension_mode":true,"campfire_choices":[{"data":"Metamorphosis","floor":7,"key":"SMITH"},{"floor":10,"key":"REST"},{"floor":15,"key":"REST"}],"neow_cost":"NONE","seed_source_timestamp":1835293388913217,"circlet_count":0,"master_deck":["AscendersBane","Strike_R","Strike_R","Strike_R","Strike_R","Strike_R","Defend_R","Defend_R","Defend_R","Defend_R","Bash","Feel No Pain","Metamorphosis+1","Burning Pact","Perfected Strike","Wild Strike","Second Wind","Iron Wave+1","Perfected Strike+1"],"relics":["Burning Blood","Oddly Smooth Stone","Molten Egg 2","Smiling Mask","Bag of Preparation"],"potions_floor_usage":[6,11,14,16,16],"damage_taken":[{"damage":5,"enemies":"Small Slimes","floor":1,"turns":3},{"damage":13,"enemies":"2 Louse","floor":4,"turns":3},{"damage":13,"enemies":"Jaw Worm","floor":5,"turns":4},{"damage":24,"enemies":"Gremlin Nob","floor":6,"turns":5},{"damage":14,"enemies":"Lagavulin","floor":8,"turns":5},{"damage":20,"enemies":"3 Sentries","floor":11,"turns":4},{"damage":13,"enemies":"Blue Slaver","floor":12,"turns":4},{"damage":0,"enemies":"3 Louse","floor":13,"turns":3},{"damage":23,"enemies":"Exordium Thugs","floor":14,"turns":4},{"damage":57,"enemies":"The Guardian","floor":16,"turns":10}],"seed_played":"-5837455189646086859","potions_obtained":[{"floor":4,"key":"Weak Potion"},{"floor":8,"key":"Swift Potion"},{"floor":11,"key":"GamblersBrew"},{"floor":13,"key":"Regen Potion"},{"floor":14,"key":"SteroidPotion"}],"is_trial":false,"path_per_floor":["M","?","$","M","M","E","R","E","T","R","E","M","M","M","R","B"],"character_chosen":"IRONCLAD","items_purchased":["Metamorphosis","Burning Pact"],"campfire_rested":2,"item_purchase_floors":[3,3],"current_hp_per_floor":[73,62,62,55,48,30,30,22,22,46,32,25,31,14,38,0],"gold":215,"neow_bonus":"HUNDRED_GOLD","is_prod":false,"is_daily":false,"chose_seed":false,"campfire_upgraded":1,"win_rate":0,"timestamp":1557325588,"path_taken":["M","?","$","M","M","E","R","E","T","R","E","M","M","M","R","BOSS"],"build_version":"2019-01-23","purchased_purges":0,"victory":false,"max_hp_per_floor":[80,80,80,80,80,80,80,80,80,80,80,80,80,80,80,80],"card_choices":[{"not_picked":["Sword Boomerang","Battle Trance"],"picked":"Feel No Pain","floor":1},{"not_picked":["Intimidate","Searing Blow"],"picked":"Perfected Strike","floor":4},{"not_picked":["Sword Boomerang","Clothesline"],"picked":"Wild Strike","floor":5},{"not_picked":["Searing Blow","Rampage"],"picked":"Second Wind","floor":6},{"not_picked":["Clash","Thunderclap","Hemokinesis"],"picked":"SKIP","floor":8},{"not_picked":["Pummel+1","Cleave+1","Barricade"],"picked":"SKIP","floor":11},{"not_picked":["Armaments","Pummel+1"],"picked":"Iron Wave+1","floor":12},{"not_picked":["Body Slam+1","Armaments"],"picked":"Perfected Strike+1","floor":13},{"not_picked":["Sever Soul+1","Flex","Clothesline+1"],"picked":"SKIP","floor":14}],"player_experience":272546,"relics_obtained":[{"floor":6,"key":"Oddly Smooth Stone"},{"floor":8,"key":"Molten Egg 2"},{"floor":9,"key":"Smiling Mask"},{"floor":11,"key":"Bag of Preparation"}],"event_choices":[{"damage_healed":0,"gold_gain":75,"player_choice":"Gather Gold","damage_taken":11,"max_hp_gain":0,"max_hp_loss":0,"event_name":"World of Goop","floor":2,"gold_loss":0}],"is_beta":false,"boss_relics":[],"items_purged_floors":[],"is_endless":false,"potions_floor_spawned":[4,8,11,13,14],"killed_by":"The Guardian","ascension_level":12}