{"gold_per_floor":[114,92,92,102,118,118,153,118,118,118,135,147,166,185,185,282,282,302,321,15,33,33,33,33,33,88,88,12,12,12,12,12,12],"floor_reached":33,"playtime":2115,"items_purged":[],"score":282,"play_id":"7ea256a0-ea13-4597-879e-c01b6ae825c8","local_time":"20190624184857","is_ascension_mode":true,"campfire_choices":[{"data":"Thunderclap","floor":6,"key":"SMITH"},{"data":"Flex","floor":10,"key":"SMITH"},{"floor":15,"key":"REST"},{"floor":23,"key":"REST"},{"data":"Bite","floor":25,"key":"SMITH"},{"data":"Barricade","floor":32,"key":"SMITH"}],"neow_cost":"NONE","seed_source_timestamp":1382546083918986,"circlet_count":0,"master_deck":["Bash","Anger","Regret","Flex+1","Thunderclap+1","Combust","Second Wind","Twin Strike","Heavy Blade","Armaments","Bludgeon","Sever Soul","Infernal Blade","Whirlwind","Battle Trance","Fire Breathing","Infernal Blade","Barricade+1","Thunderclap","Ghostly Armor","Shrug It Off+1","Seeing Red","Inflame","Sword Boomerang","Bite","Bite+1","Bite","Bite","Bite","Rampage","Writhe"],"relics":["Burning Blood","Ice Cream","Ornamental Fan","Nunchaku","Pandora\u0027s Box","Blood Vial","Juzu Bracelet","MutagenicStrength","Question Card"],"potions_floor_usage":[16,19,33,33,33],"damage_taken":[{"damage":11,"enemies":"Jaw Worm","floor":1,"turns":5},{"damage":7,"enemies":"2 Louse","floor":4,"turns":3},{"damage":8,"enemies":"Small Slimes","floor":5,"turns":3},{"damage":48,"enemies":"Lagavulin","floor":7,"turns":7},{"damage":16,"enemies":"Exordium Thugs","floor":11,"turns":4},{"damage":2,"enemies":"Gremlin Gang","floor":12,"turns":3},{"damage":17,"enemies":"Blue Slaver","floor":13,"turns":3},{"damage":6,"enemies":"Looter","floor":14,"turns":2},{"damage":55,"enemies":"Slime Boss","floor":16,"turns":10},{"damage":11,"enemies":"3 Byrds","floor":18,"turns":5},{"damage":16,"enemies":"Spheric Guardian","floor":19,"turns":4},{"damage":35,"enemies":"Snecko","floor":21,"turns":5},{"damage":79,"enemies":"Collector","floor":33,"turns":6}],"seed_played":"-1680367234705545950","potions_obtained":[{"floor":7,"key":"Ancient Potion"},{"floor":11,"key":"Swift Potion"},{"floor":12,"key":"Weak Potion"},{"floor":19,"key":"SpeedPotion"}],"is_trial":false,"path_per_floor":["M","?","?","M","M","R","E","?","T","R","M","M","M","M","R","B",null,"M","M","$","M","?","R","$","R","T","?","$","?","?","$","R","B"],"character_chosen":"IRONCLAD","items_purchased":["Blood Vial","Seeing Red","Inflame","Strength Potion","Rampage"],"campfire_rested":2,"item_purchase_floors":[20,20,20,20,28],"current_hp_per_floor":[75,75,75,74,72,72,30,50,50,50,40,44,33,33,57,8,80,75,65,65,38,38,54,54,54,54,54,54,54,54,54,54,0],"gold":12,"neow_bonus":"REMOVE_CARD","is_prod":false,"is_daily":false,"chose_seed":false,"campfire_upgraded":4,"win_rate":0,"timestamp":1561416537,"path_taken":["M","?","?","M","M","R","E","?","T","R","M","M","?","?","R","BOSS","M","M","$","M","?","R","$","R","T","?","?","?","?","$","R","BOSS"],"build_version":"2019-01-23","purchased_purges":0,"victory":false,"max_hp_per_floor":[80,80,80,80,80,80,80,80,80,80,80,80,80,80,80,80,80,80,80,80,80,56,56,56,56,56,56,56,56,56,56,56,56],"card_choices":[{"not_picked":["Sword Boomerang","Headbutt"],"picked":"Anger","floor":1},{"not_picked":["Sentinel","Combust"],"picked":"Flex","floor":4},{"not_picked":["Sentinel","Iron Wave"],"picked":"Thunderclap","floor":5},{"not_picked":["Sword Boomerang","Offering"],"picked":"Combust","floor":7},{"not_picked":["Warcry","Sentinel"],"picked":"Second Wind","floor":11},{"not_picked":["Headbutt","Clash"],"picked":"Twin Strike","floor":12},{"not_picked":["Searing Blow","Headbutt"],"picked":"Heavy Blade","floor":13},{"not_picked":["Clash","Shrug It Off"],"picked":"Armaments","floor":14},{"not_picked":["Offering","Immolate"],"picked":"Bludgeon","floor":16},{"not_picked":["Evolve","Armaments"],"picked":"Ghostly Armor","floor":18},{"not_picked":["Clothesline+1","Whirlwind"],"picked":"Shrug It Off+1","floor":19},{"not_picked":["Clash","Thunderclap"],"picked":"Sword Boomerang","floor":21}],"player_experience":1205119,"relics_obtained":[{"floor":7,"key":"Ornamental Fan"},{"floor":9,"key":"Nunchaku"},{"floor":26,"key":"Juzu Bracelet"}],"event_choices":[{"damage_healed":0,"gold_gain":0,"player_choice":"Left Gold","damage_taken":0,"max_hp_gain":0,"max_hp_loss":0,"event_name":"World of Goop","floor":2,"gold_loss":22},{"damage_healed":0,"gold_gain":0,"player_choice":"Box","damage_taken":0,"relics_obtained":["Ice Cream"],"max_hp_gain":0,"max_hp_loss":0,"event_name":"Big Fish","floor":3,"gold_loss":0,"cards_obtained":["Regret"]},{"damage_healed":20,"gold_gain":0,"player_choice":"Healed","damage_taken":0,"max_hp_gain":0,"max_hp_loss":0,"event_name":"The Cleric","floor":8,"gold_loss":35},{"damage_healed":0,"gold_gain":0,"player_choice":"Became a vampire","damage_taken":0,"max_hp_gain":0,"max_hp_loss":24,"event_name":"Vampires","floor":22,"gold_loss":0,"cards_obtained":["Bite","Bite","Bite","Bite","Bite"]},{"damage_healed":0,"gold_gain":0,"player_choice":"Inject Mutagens","damage_taken":0,"relics_obtained":["MutagenicStrength"],"max_hp_gain":0,"max_hp_loss":0,"event_name":"Drug Dealer","floor":27,"gold_loss":0},{"damage_healed":0,"gold_gain":0,"player_choice":"Opened","damage_taken":0,"relics_obtained":["Question Card"],"max_hp_gain":0,"max_hp_loss":0,"event_name":"The Mausoleum","floor":29,"gold_loss":0,"cards_obtained":["Writhe"]},{"damage_healed":0,"gold_gain":0,"player_choice":"Ignored","damage_taken":0,"max_hp_gain":0,"max_hp_loss":0,"event_name":"Ghosts","floor":30,"gold_loss":0}],"is_beta":false,"boss_relics":[{"not_picked":["Tiny House","Runic Dome"],"picked":"Pandora\u0027s Box"}],"items_purged_floors":[],"is_endless":false,"potions_floor_spawned":[7,11,12,13,19,21],"killed_by":"Collector","ascension_level":1}