{"gold_per_floor":[114,126,144,69,69,69,100,100,179,179,210,230,241,255,255,326,326,343,343],"floor_reached":19,"playtime":570,"items_purged":[],"score":358,"play_id":"7b969c85-a7d0-41c7-83bd-3585558e71f7","local_time":"20190606200839","is_ascension_mode":true,"campfire_choices":[{"floor":6.0,"key":"REST"},{"data":"Zap","floor":8.0,"key":"SMITH"},{"floor":10.0,"key":"REST"},{"data":"Defragment","floor":15,"key":"SMITH"}],"neow_cost":"NONE","seed_source_timestamp":1818364616298,"circlet_count":0,"master_deck":["AscendersBane","Strike_B+1","Strike_B","Strike_B+1","Defend_B","Defend_B","Defend_B","Defend_B","Zap+1","Dualcast","Capacitor","Genetic Algorithm","Ball Lightning","Sweeping Beam","Redo","BootSequence","Defragment+1","Hyperbeam","Chaos"],"special_seed":0,"relics":["FrozenCore","Potion Belt","Symbiotic Virus","Blood Vial"],"potions_floor_usage":[16,18,19,19],"damage_taken":[{"damage":4.0,"enemies":"Small Slimes","floor":1.0,"turns":3.0},{"damage":7.0,"enemies":"Jaw Worm","floor":2.0,"turns":3.0},{"damage":12.0,"enemies":"2 Louse","floor":3.0,"turns":3.0},{"damage":25.0,"enemies":"Lagavulin","floor":7.0,"turns":7.0},{"damage":10.0,"enemies":"3 Sentries","floor":11.0,"turns":6.0},{"damage":1.0,"enemies":"Looter","floor":12.0,"turns":3.0},{"damage":0,"enemies":"3 Louse","floor":13,"turns":2},{"damage":2,"enemies":"Large Slime","floor":14,"turns":4},{"damage":19,"enemies":"The Guardian","floor":16,"turns":9},{"damage":23,"enemies":"3 Byrds","floor":18,"turns":4},{"damage":33,"enemies":"Colosseum Slavers","floor":19,"turns":4},{"damage":39,"enemies":"Colosseum Nobs","floor":19,"turns":3}],"seed_played":"-9145149036327873410","potions_obtained":[{"floor":1.0,"key":"PowerPotion"},{"floor":7.0,"key":"FearPotion"},{"floor":12,"key":"AttackPotion"},{"floor":13,"key":"Dexterity Potion"},{"floor":18,"key":"Strength Potion"}],"is_trial":false,"path_per_floor":["M","M","M","?","?","R","E","R","T","R","E","M","M","M","R","B",null,"M","?"],"character_chosen":"DEFECT","items_purchased":[],"campfire_rested":2,"item_purchase_floors":[],"current_hp_per_floor":[67,60,48,48,25,48,23,23,23,46,36,37,39,39,39,22,64,43,0],"gold":343,"neow_bonus":"TEN_PERCENT_HP_BONUS","is_prod":false,"is_daily":false,"chose_seed":false,"campfire_upgraded":2,"win_rate":0,"timestamp":1559844519,"path_taken":["M","M","M","?","?","R","E","R","T","R","E","M","M","M","R","BOSS","M","?"],"build_version":"2019-06-05","purchased_purges":0,"victory":false,"max_hp_per_floor":[78,78,78,78,78,78,78,78,78,78,78,78,78,78,78,78,78,78,78],"card_choices":[{"not_picked":["Hello World","Beam Cell"],"picked":"Capacitor","floor":1.0},{"not_picked":["Hologram","Rebound"],"picked":"Genetic Algorithm","floor":2.0},{"not_picked":["Beam Cell","Turbo"],"picked":"Ball Lightning","floor":3.0},{"not_picked":["Beam Cell","Heatsinks","Steam Power"],"picked":"SKIP","floor":7.0},{"not_picked":["Go for the Eyes","Lockon"],"picked":"Sweeping Beam","floor":11.0},{"not_picked":["Streamline","Turbo"],"picked":"Redo","floor":12},{"not_picked":["Hologram","Turbo"],"picked":"BootSequence","floor":13},{"not_picked":["Gash","Melter"],"picked":"Defragment","floor":14},{"not_picked":["Meteor Strike","Fission"],"picked":"Hyperbeam","floor":16},{"not_picked":["Leap","Redo"],"picked":"Chaos","floor":18}],"player_experience":1680021,"relics_obtained":[{"floor":7.0,"key":"Potion Belt"},{"floor":9.0,"key":"Symbiotic Virus"},{"floor":11.0,"key":"Blood Vial"}],"event_choices":[{"cards_removed":["Strike_B"],"damage_healed":0.0,"max_hp_gain":0.0,"max_hp_loss":0.0,"gold_gain":0.0,"event_name":"The Cleric","player_choice":"Card Removal","floor":4.0,"gold_loss":75.0,"damage_taken":0.0},{"damage_healed":0.0,"max_hp_gain":0.0,"max_hp_loss":0.0,"gold_gain":0.0,"event_name":"Shining Light","player_choice":"Entered Light","floor":5.0,"gold_loss":0.0,"damage_taken":23.0,"cards_upgraded":["Strike_B","Strike_B"]},{"damage_healed":0,"gold_gain":0,"player_choice":"Fight","damage_taken":0,"max_hp_gain":0,"max_hp_loss":0,"event_name":"Colosseum","floor":19,"gold_loss":0},{"damage_healed":0,"gold_gain":0,"player_choice":"Fought Nobs","damage_taken":0,"max_hp_gain":0,"max_hp_loss":0,"event_name":"Colosseum","floor":19,"gold_loss":0}],"is_beta":true,"boss_relics":[{"not_picked":["Black Star","Inserter"],"picked":"FrozenCore"}],"items_purged_floors":[],"is_endless":false,"potions_floor_spawned":[1,7,12,13,18],"killed_by":"Colosseum Nobs","ascension_level":20}