{"gold_per_floor":[113,113,128,45,45,45,79,79,79,123,36,36,57,75,75,171,171,171,171,171,171,171,171,171,171,171,171,171,171,171,171,171,171,171,171,5,5,5,5,5,5,5,5,5,5,5,5,5,5,5],"floor_reached":51,"playtime":1445,"items_purged":[],"score":1826,"play_id":"8c48e667-3970-4209-88ad-d260104d7600","local_time":"20190523232535","is_ascension_mode":true,"campfire_choices":[{"data":"Carnage","floor":6.0,"key":"SMITH"},{"data":"Bash","floor":8.0,"key":"SMITH"},{"data":"Demon Form","floor":12.0,"key":"SMITH"},{"data":"Defend_R","floor":15.0,"key":"SMITH"},{"data":"Double Tap","floor":27.0,"key":"SMITH"},{"data":"Battle Trance","floor":32.0,"key":"SMITH"},{"floor":49,"key":"REST"}],"neow_cost":"NONE","seed_source_timestamp":537359570811038,"circlet_count":0,"master_deck":["AscendersBane","Strike_R","Strike_R+1","Strike_R","Strike_R+1","Strike_R","Defend_R+1","Defend_R+1","Defend_R","Defend_R","Bash+1","Cleave","Battle Trance+1","Carnage+1","Demon Form+1","Heavy Blade+1","Whirlwind+1","Double Tap+1","Whirlwind+1"],"special_seed":0,"relics":["Burning Blood","Omamori","Golden Idol","Molten Egg 2","FossilizedHelix","Strawberry","Ectoplasm","Necronomicon","Vajra","MutagenicStrength","Singing Bowl","Pear","Happy Flower","Lizard Tail","Ancient Tea Set","Blood Vial","Du-Vu Doll","Potion Belt","Orichalcum","Art of War"],"potions_floor_usage":[44,50,50,50,50],"damage_taken":[{"damage":6.0,"enemies":"Jaw Worm","floor":1.0,"turns":5.0},{"damage":6.0,"enemies":"2 Louse","floor":3.0,"turns":3.0},{"damage":8.0,"enemies":"Gremlin Nob","floor":7.0,"turns":3.0},{"damage":0.0,"enemies":"Lagavulin","floor":10.0,"turns":5.0},{"damage":0.0,"enemies":"Small Slimes","floor":13.0,"turns":2.0},{"damage":13.0,"enemies":"Exordium Thugs","floor":14.0,"turns":4.0},{"damage":28.0,"enemies":"The Guardian","floor":16.0,"turns":7.0},{"damage":0.0,"enemies":"Spheric Guardian","floor":18.0,"turns":3.0},{"damage":0.0,"enemies":"3 Byrds","floor":21.0,"turns":3.0},{"damage":0.0,"enemies":"Cultist and Chosen","floor":22.0,"turns":3.0},{"damage":14.0,"enemies":"Slavers","floor":23.0,"turns":2.0},{"damage":0.0,"enemies":"Gremlin Leader","floor":25.0,"turns":3.0},{"damage":0.0,"enemies":"Snake Plant","floor":28.0,"turns":1.0},{"damage":0.0,"enemies":"Slavers","floor":29.0,"turns":1.0},{"damage":0.0,"enemies":"Centurion and Healer","floor":30.0,"turns":1.0},{"damage":21.0,"enemies":"Champ","floor":33.0,"turns":7.0},{"damage":21.0,"enemies":"3 Shapes","floor":35.0,"turns":1.0},{"damage":0.0,"enemies":"3 Darklings","floor":39.0,"turns":2.0},{"damage":9.0,"enemies":"Reptomancer","floor":40.0,"turns":4.0},{"damage":0.0,"enemies":"Maw","floor":41.0,"turns":4.0},{"damage":30.0,"enemies":"Giant Head","floor":42.0,"turns":5.0},{"damage":14,"enemies":"Nemesis","floor":44,"turns":3},{"damage":18,"enemies":"Writhing Mass","floor":45,"turns":2},{"damage":0,"enemies":"Jaw Worm Horde","floor":46,"turns":2},{"damage":18,"enemies":"Reptomancer","floor":47,"turns":3},{"damage":0,"enemies":"Maw","floor":48,"turns":4},{"damage":78,"enemies":"Time Eater","floor":50,"turns":5}],"seed_played":"-8288148546726960381","potions_obtained":[{"floor":3.0,"key":"Poison Potion"},{"floor":7.0,"key":"Block Potion"},{"floor":13.0,"key":"Explosive Potion"},{"floor":18.0,"key":"Energy Potion"},{"floor":22.0,"key":"PowerPotion"},{"floor":28.0,"key":"PowerPotion"},{"floor":41.0,"key":"FearPotion"},{"floor":42.0,"key":"LiquidBronze"},{"floor":44,"key":"Poison Potion"},{"floor":46,"key":"Energy Potion"},{"floor":48,"key":"Explosive Potion"}],"is_trial":false,"path_per_floor":["M","?","M","$","?","R","E","R","T","E","$","R","M","M","R","B",null,"M","?","?","M","M","E","?","E","T","R","M","E","M","T","R","B",null,"M","$","?","?","M","E","M","E","T","E","M","M","E","M","R","B",null],"character_chosen":"IRONCLAD","items_purchased":["Carnage","Whirlwind+1","Ancient Tea Set"],"campfire_rested":1,"item_purchase_floors":[4,11,36],"current_hp_per_floor":[68,45,45,45,45,45,43,43,43,56,56,56,62,55,55,33,70,76,55,55,61,67,59,59,67,67,67,73,91,98,98,98,85,96,83,83,83,83,91,90,100,80,80,76,68,78,70,80,116,46],"gold":5,"neow_bonus":"RANDOM_COMMON_RELIC","is_prod":false,"is_daily":false,"chose_seed":false,"campfire_upgraded":6,"win_rate":0,"timestamp":1558646735,"path_taken":["M","?","M","$","?","R","E","R","T","E","?","R","M","M","R","BOSS","M","?","?","?","M","E","?","E","T","R","M","E","M","?","R","BOSS","M","$","?","?","M","E","M","E","T","E","M","M","E","M","R","BOSS"],"build_version":"2019-01-23","purchased_purges":0,"victory":true,"max_hp_per_floor":[75,75,75,75,75,75,75,75,75,82,82,82,82,82,82,82,82,82,82,82,82,82,82,82,84,84,84,84,96,98,98,98,100,100,102,102,102,102,104,106,108,110,110,112,114,116,118,120,120,120],"card_choices":[{"not_picked":["Rage","Heavy Blade"],"picked":"Cleave","floor":1.0},{"not_picked":["True Grit","Warcry"],"picked":"Battle Trance","floor":3.0},{"not_picked":["Reaper","Corruption"],"picked":"Demon Form","floor":7.0},{"not_picked":["Twin Strike+1","Burning Pact"],"picked":"Heavy Blade+1","floor":10.0},{"not_picked":["Flex","Pommel Strike+1","Anger+1"],"picked":"SKIP","floor":13.0},{"not_picked":["Wild Strike+1","Sever Soul+1","Anger+1"],"picked":"SKIP","floor":14.0},{"not_picked":["Bludgeon+1","Juggernaut"],"picked":"Double Tap","floor":16.0},{"not_picked":["Spot Weakness","Anger+1","Rupture"],"picked":"SKIP","floor":18.0},{"not_picked":["Anger+1","Clash+1","Perfected Strike+1"],"picked":"SKIP","floor":21.0},{"not_picked":["Pommel Strike+1","Blood for Blood+1","Second Wind"],"picked":"SKIP","floor":22.0},{"not_picked":["Flex","Infernal Blade","Cleave+1"],"picked":"SKIP","floor":23.0},{"not_picked":["Anger+1","Warcry","Shockwave"],"picked":"Singing Bowl","floor":25.0},{"not_picked":["Evolve","Clash+1"],"picked":"Whirlwind+1","floor":28.0},{"not_picked":["Barricade","Hemokinesis+1","Shockwave"],"picked":"Singing Bowl","floor":29.0},{"not_picked":["Twin Strike+1","Thunderclap+1","Heavy Blade+1"],"picked":"Singing Bowl","floor":30.0},{"not_picked":["Offering","Double Tap","Feed+1"],"picked":"Singing Bowl","floor":33.0},{"not_picked":["Flex","Iron Wave+1","Thunderclap+1"],"picked":"Singing Bowl","floor":35.0},{"not_picked":["Clash+1","Perfected Strike+1","Pommel Strike+1"],"picked":"Singing Bowl","floor":39.0},{"not_picked":["Twin Strike+1","Clash+1","Second Wind"],"picked":"Singing Bowl","floor":40.0},{"not_picked":["Feel No Pain+1","Cleave+1","Spot Weakness"],"picked":"Singing Bowl","floor":41.0},{"not_picked":["Seeing Red","Dropkick+1","Ghostly Armor"],"picked":"Singing Bowl","floor":42.0},{"not_picked":["Offering","Entrench","Headbutt+1"],"picked":"Singing Bowl","floor":44},{"not_picked":["Battle Trance","Havoc+1","Inflame"],"picked":"Singing Bowl","floor":45},{"not_picked":["Fire Breathing","Feel No Pain","Flex"],"picked":"Singing Bowl","floor":46},{"not_picked":["Carnage+1","Corruption+1","Flex+1"],"picked":"Singing Bowl","floor":47},{"not_picked":["Combust","Wild Strike+1","Battle Trance"],"picked":"Singing Bowl","floor":48}],"player_experience":375444,"relics_obtained":[{"floor":7.0,"key":"Molten Egg 2"},{"floor":9.0,"key":"FossilizedHelix"},{"floor":10.0,"key":"Strawberry"},{"floor":19.0,"key":"Necronomicon"},{"floor":23.0,"key":"Vajra"},{"floor":25.0,"key":"Singing Bowl"},{"floor":29.0,"key":"Pear"},{"floor":31.0,"key":"Happy Flower"},{"floor":40.0,"key":"Blood Vial"},{"floor":42.0,"key":"Du-Vu Doll"},{"floor":43.0,"key":"Potion Belt"},{"floor":44,"key":"Orichalcum"},{"floor":47,"key":"Art of War"}],"event_choices":[{"damage_healed":0.0,"max_hp_gain":0.0,"max_hp_loss":0.0,"gold_gain":0.0,"event_name":"Shining Light","player_choice":"Entered Light","floor":2.0,"gold_loss":0.0,"damage_taken":23.0,"cards_upgraded":["Strike_R","Strike_R"]},{"damage_healed":0.0,"max_hp_gain":0.0,"max_hp_loss":0.0,"gold_gain":0.0,"event_name":"Golden Idol","player_choice":"Take Wound","floor":5.0,"gold_loss":0.0,"damage_taken":0.0,"relics_obtained":["Golden Idol"],"cards_obtained":["Injury"]},{"damage_healed":0.0,"max_hp_gain":0.0,"max_hp_loss":0.0,"gold_gain":0.0,"event_name":"Cursed Tome","player_choice":"Obtained Book","floor":19.0,"gold_loss":0.0,"damage_taken":21.0},{"damage_healed":0.0,"max_hp_gain":0.0,"max_hp_loss":0.0,"gold_gain":50.0,"event_name":"Golden Shrine","player_choice":"Pray","floor":20.0,"gold_loss":0.0,"damage_taken":0.0},{"damage_healed":0.0,"max_hp_gain":0.0,"max_hp_loss":0.0,"gold_gain":0.0,"event_name":"Drug Dealer","player_choice":"Inject Mutagens","floor":24.0,"gold_loss":0.0,"damage_taken":0.0,"relics_obtained":["MutagenicStrength"]},{"damage_healed":0.0,"max_hp_gain":0.0,"max_hp_loss":0.0,"gold_gain":0.0,"event_name":"The Moai Head","player_choice":"Ignored","floor":37.0,"gold_loss":0.0,"damage_taken":0.0},{"damage_healed":0.0,"max_hp_gain":0.0,"max_hp_loss":0.0,"gold_gain":0.0,"event_name":"Accursed Blacksmith","player_choice":"Forge","floor":38.0,"gold_loss":0.0,"damage_taken":0.0,"cards_upgraded":["Defend_R"]}],"is_beta":false,"boss_relics":[{"not_picked":["Velvet Choker","Busted Crown"],"picked":"Ectoplasm"},{"not_picked":["Orrery","Eternal Feather"],"picked":"Lizard Tail"}],"items_purged_floors":[],"is_endless":false,"potions_floor_spawned":[3,7,13,18,22,28,29,30,41,42,44,46,48],"ascension_level":19}