{"gold_per_floor":[16,16,30,46,0,40,40,115,115,129,211,211,225,250,250,375,375,389,403,175,175,198,234,234,254,301,301,325,325],"floor_reached":29,"playtime":1986,"items_purged":["Strike_G"],"score":294,"play_id":"1622e9ee-ef62-46d0-bfa4-678b7ffbaa3d","local_time":"20190430182242","is_ascension_mode":true,"campfire_choices":[{"floor":7.0,"key":"REST"},{"data":"Cloak And Dagger","floor":12.0,"key":"SMITH"},{"floor":15.0,"key":"REST"},{"floor":24,"key":"REST"},{"data":"Cloak And Dagger","floor":27,"key":"SMITH"}],"neow_cost":"NO_GOLD","seed_source_timestamp":0,"circlet_count":0,"master_deck":["Defend_G","Defend_G","Defend_G","Defend_G","Strike_G","Survivor","Neutralize","Cloak And Dagger+1","Dagger Throw","Dagger Throw","Backflip","After Image","Flying Knee","Cloak And Dagger+1","Tools of the Trade","All Out Attack","Blade Dance","Phantasmal Killer+1","Backflip+1"],"special_seed":0,"relics":["Ring of the Snake","Golden Idol","WingedGreaves","Bird Faced Urn","Bottled Lightning","Empty Cage","Oddly Smooth Stone","Bronze Scales","Toxic Egg 2","Ancient Tea Set"],"potions_floor_usage":[23,25,28],"damage_taken":[{"damage":2.0,"enemies":"Cultist","floor":1.0,"turns":5.0},{"damage":4.0,"enemies":"Small Slimes","floor":3.0,"turns":4.0},{"damage":3.0,"enemies":"Jaw Worm","floor":4.0,"turns":3.0},{"damage":22.0,"enemies":"Gremlin Nob","floor":6.0,"turns":5.0},{"damage":1.0,"enemies":"Red Slaver","floor":10.0,"turns":6.0},{"damage":0.0,"enemies":"Looter","floor":13.0,"turns":4.0},{"damage":5.0,"enemies":"Exordium Wildlife","floor":14.0,"turns":6.0},{"damage":43.0,"enemies":"Slime Boss","floor":16.0,"turns":18.0},{"damage":0.0,"enemies":"Shell Parasite","floor":18.0,"turns":9.0},{"damage":16,"enemies":"Spheric Guardian","floor":19,"turns":12},{"damage":32,"enemies":"Slavers","floor":23,"turns":8},{"damage":13,"enemies":"Snake Plant","floor":25,"turns":5},{"damage":10,"enemies":"Cultist and Chosen","floor":28,"turns":8},{"damage":41,"enemies":"Gremlin Leader","floor":29,"turns":5}],"seed_played":"5053364504828826939","potions_obtained":[{"floor":10.0,"key":"EssenceOfSteel"},{"floor":13.0,"key":"Ancient Potion"},{"floor":14.0,"key":"Ancient Potion"},{"floor":16.0,"key":"FearPotion"},{"floor":18,"key":"Energy Potion"},{"floor":23,"key":"Weak Potion"}],"is_trial":false,"path_per_floor":["M","?","M","M","$","E","R","?","T","M","T","R","M","M","R","B",null,"M","M","$","?","T","E","R","M","T","R","M","E"],"character_chosen":"THE_SILENT","items_purchased":["Backflip","Oddly Smooth Stone"],"campfire_rested":3,"item_purchase_floors":[5,20],"current_hp_per_floor":[68,51,47,44,44,22,43,32,32,33,33,33,35,32,53,12,70,70,54,54,54,54,26,47,38,38,38,32,0],"gold":325,"neow_bonus":"REMOVE_TWO","is_prod":false,"is_daily":false,"chose_seed":false,"campfire_upgraded":2,"win_rate":0,"timestamp":1556673762,"path_taken":["M","?","M","M","$","E","R","?","T","M","?","R","?","M","R","BOSS","M","M","$","?","?","E","R","M","T","R","M","E"],"build_version":"2019-01-23","purchased_purges":1,"victory":false,"max_hp_per_floor":[70,70,70,70,70,70,70,70,70,70,70,70,70,70,70,70,70,70,70,70,70,70,70,70,70,70,70,70,70],"card_choices":[{"not_picked":["Dagger Throw","Underhanded Strike"],"picked":"Cloak And Dagger","floor":1.0},{"not_picked":["Calculated Gamble","Deadly Poison"],"picked":"Dagger Throw","floor":3.0},{"not_picked":["PiercingWail","Catalyst"],"picked":"Dagger Throw","floor":4.0},{"not_picked":["Leg Sweep","Finisher"],"picked":"After Image","floor":6.0},{"not_picked":["Sucker Punch","Predator"],"picked":"Flying Knee","floor":10.0},{"not_picked":["Catalyst","Prepared"],"picked":"Cloak And Dagger","floor":13.0},{"not_picked":["PiercingWail","Tactician","Cloak And Dagger"],"picked":"SKIP","floor":14.0},{"not_picked":["Corpse Explosion","Grand Finale"],"picked":"Tools of the Trade","floor":16.0},{"not_picked":["Dagger Throw","Backflip"],"picked":"All Out Attack","floor":18},{"not_picked":["Expertise+1","Bane"],"picked":"Blade Dance","floor":19},{"not_picked":["Sucker Punch","Slice"],"picked":"Phantasmal Killer","floor":23},{"not_picked":["Blade Dance+1","Dodge and Roll+1"],"picked":"Backflip+1","floor":25},{"not_picked":["Dodge and Roll+1","Flechettes+1","Distraction+1"],"picked":"SKIP","floor":28}],"player_experience":274403,"relics_obtained":[{"floor":6.0,"key":"WingedGreaves"},{"floor":9.0,"key":"Bird Faced Urn"},{"floor":11.0,"key":"Bottled Lightning"},{"floor":22,"key":"Bronze Scales"},{"floor":23,"key":"Toxic Egg 2"},{"floor":26,"key":"Ancient Tea Set"}],"event_choices":[{"damage_healed":0.0,"max_hp_gain":0.0,"max_hp_loss":0.0,"gold_gain":0.0,"event_name":"Golden Idol","player_choice":"Take Damage","floor":2.0,"gold_loss":0.0,"damage_taken":17.0,"relics_obtained":["Golden Idol"]},{"damage_healed":0.0,"max_hp_gain":0.0,"max_hp_loss":0.0,"gold_gain":75.0,"event_name":"World of Goop","player_choice":"Gather Gold","floor":8.0,"gold_loss":0.0,"damage_taken":11.0},{"damage_healed":0,"gold_gain":0,"player_choice":"Ignored","damage_taken":0,"max_hp_gain":0,"max_hp_loss":0,"event_name":"Ghosts","floor":21,"gold_loss":0}],"is_beta":false,"boss_relics":[{"not_picked":["Ring of the Serpent","Tiny House"],"picked":"Empty Cage"}],"items_purged_floors":[20],"is_endless":false,"potions_floor_spawned":[10,13,14,16,18,23],"killed_by":"Gremlin Leader","ascension_level":4}