{"gold_per_floor":[110,110,125,142,162,162,180,207,252,263,297,307,39,50,50,149,149,161,180,198,198,198,198,216,131,131,131,164,179,206,220,220,220],"floor_reached":33,"playtime":5095,"items_purged":["Strike_G"],"score":298,"play_id":"273a7b81-4b84-443f-ba58-dcf73188118b","local_time":"20190510233828","is_ascension_mode":false,"campfire_choices":[{"data":"PiercingWail","floor":6,"key":"SMITH"},{"floor":15,"key":"REST"},{"floor":23,"key":"REST"},{"floor":27,"key":"REST"},{"floor":32,"key":"REST"}],"neow_cost":"NONE","seed_source_timestamp":1148763542668122,"circlet_count":0,"master_deck":["Defend_G","Defend_G+1","Defend_G","Defend_G","Defend_G","Strike_G","Survivor","Neutralize","Deadly Poison","Eviscerate","PiercingWail+1","Slice","Finisher","Clumsy","Corpse Explosion+1","Caltrops","Blur","All Out Attack","Bullet Time","Blade Dance+1","Riddle With Holes+1","Masterful Stab+1","Expertise","Dagger Spray+1","Terror","RitualDagger","Flying Knee","Endless Agony+1","Underhanded Strike","Crippling Poison+1"],"relics":["Cursed Key","CultistMask","Omamori","Bronze Scales","War Paint","TwistedFunnel","Astrolabe","Happy Flower","Strawberry","Toxic Egg 2","Red Mask"],"potions_floor_usage":[7,11,16,18,24,28,29,33,33],"damage_taken":[{"damage":0,"enemies":"Small Slimes","floor":1,"turns":4},{"damage":0,"enemies":"Cultist","floor":3,"turns":4},{"damage":0,"enemies":"Jaw Worm","floor":4,"turns":3},{"damage":0,"enemies":"3 Louse","floor":5,"turns":3},{"damage":6,"enemies":"Exordium Wildlife","floor":7,"turns":5},{"damage":6,"enemies":"Lots of Slimes","floor":10,"turns":4},{"damage":21,"enemies":"Lagavulin","floor":11,"turns":6},{"damage":11,"enemies":"Gremlin Gang","floor":12,"turns":4},{"damage":0,"enemies":"3 Louse","floor":14,"turns":3},{"damage":24,"enemies":"Slime Boss","floor":16,"turns":12},{"damage":0,"enemies":"Shell Parasite","floor":18,"turns":3},{"damage":0,"enemies":"Chosen","floor":19,"turns":3},{"damage":28,"enemies":"Snake Plant","floor":20,"turns":3},{"damage":15,"enemies":"Snecko","floor":24,"turns":3},{"damage":10,"enemies":"Gremlin Leader","floor":28,"turns":5},{"damage":31,"enemies":"Shelled Parasite and Fungi","floor":29,"turns":3},{"damage":0,"enemies":"Masked Bandits","floor":30,"turns":2},{"damage":3,"enemies":"Sentry and Sphere","floor":31,"turns":4},{"damage":52,"enemies":"Champ","floor":33,"turns":8}],"seed_played":"-4838398517355460836","potions_obtained":[{"floor":3,"key":"GhostInAJar"},{"floor":5,"key":"Strength Potion"},{"floor":10,"key":"GhostInAJar"},{"floor":11,"key":"SpeedPotion"},{"floor":14,"key":"Energy Potion"},{"floor":16,"key":"AttackPotion"},{"floor":19,"key":"Weak Potion"},{"floor":20,"key":"Explosive Potion"},{"floor":28,"key":"Strength Potion"},{"floor":30,"key":"Swift Potion"}],"is_trial":false,"path_per_floor":["M","?","M","M","M","R","M","T","T","M","E","M","$","M","R","B",null,"M","M","M","?","?","R","M","?","T","R","E","M","?","M","R","B"],"character_chosen":"THE_SILENT","items_purchased":["TwistedFunnel"],"campfire_rested":4,"item_purchase_floors":[13],"current_hp_per_floor":[70,70,70,70,70,70,64,64,64,58,37,26,26,26,47,23,70,70,70,42,29,23,45,30,30,37,61,51,20,20,17,41,0],"gold":220,"neow_bonus":"BOSS_RELIC","is_prod":false,"is_daily":false,"chose_seed":false,"campfire_upgraded":1,"win_rate":0.0,"timestamp":1557545908,"path_taken":["M","?","M","?","M","R","M","?","T","M","E","M","?","M","R","BOSS","M","M","M","?","?","R","M","?","T","R","E","M","?","M","R","BOSS"],"build_version":"2019-01-23","purchased_purges":1,"victory":false,"max_hp_per_floor":[70,70,70,70,70,70,70,70,70,70,70,70,70,70,70,70,70,70,70,70,75,75,75,75,75,82,82,82,82,82,82,82,82],"card_choices":[{"not_picked":["Slice","Acrobatics"],"picked":"Deadly Poison","floor":1},{"not_picked":["Deflect","Blade Dance"],"picked":"Eviscerate","floor":3},{"not_picked":["Backflip","Prepared"],"picked":"PiercingWail","floor":4},{"not_picked":["Blade Dance","Deflect"],"picked":"Slice","floor":5},{"not_picked":["Acrobatics","Bouncing Flask"],"picked":"Finisher","floor":7},{"not_picked":["Flying Knee","Dodge and Roll"],"picked":"Corpse Explosion","floor":10},{"not_picked":["Poisoned Stab","Deflect"],"picked":"Caltrops","floor":11},{"not_picked":["Predator","Dodge and Roll"],"picked":"Blur","floor":12},{"not_picked":["Skewer","Prepared"],"picked":"All Out Attack","floor":14},{"not_picked":["After Image","Envenom"],"picked":"Bullet Time","floor":16},{"not_picked":["PiercingWail","Poisoned Stab"],"picked":"Expertise","floor":18},{"not_picked":["Dagger Throw","Deadly Poison"],"picked":"Dagger Spray+1","floor":19},{"not_picked":["Flechettes+1","Acrobatics"],"picked":"Terror","floor":20},{"not_picked":["Dodge and Roll","Terror"],"picked":"Flying Knee","floor":24},{"not_picked":["Phantasmal Killer","Slice"],"picked":"Endless Agony+1","floor":28},{"not_picked":["Poisoned Stab","Prepared+1","Riddle With Holes"],"picked":"SKIP","floor":29},{"not_picked":["Leg Sweep+1","Acrobatics+1"],"picked":"Underhanded Strike","floor":30},{"not_picked":["Underhanded Strike","Tactician+1"],"picked":"Crippling Poison+1","floor":31}],"player_experience":553858,"relics_obtained":[{"floor":8,"key":"Omamori"},{"floor":9,"key":"Bronze Scales"},{"floor":11,"key":"War Paint"},{"floor":26,"key":"Strawberry"},{"floor":28,"key":"Toxic Egg 2"},{"floor":30,"key":"Red Mask"}],"event_choices":[{"damage_healed":0,"gold_gain":0,"player_choice":"Trade","damage_taken":0,"relics_obtained":["CultistMask"],"max_hp_gain":0,"max_hp_loss":0,"event_name":"FaceTrader","floor":2,"gold_loss":0},{"damage_healed":0,"gold_gain":0,"player_choice":"Shed Blood","damage_taken":18,"max_hp_gain":5,"max_hp_loss":0,"event_name":"Forgotten Altar","floor":21,"gold_loss":0},{"damage_healed":0,"gold_gain":0,"player_choice":"Joined the Cult","damage_taken":6,"max_hp_gain":0,"max_hp_loss":0,"event_name":"Nest","floor":22,"gold_loss":0,"cards_obtained":["RitualDagger"]},{"damage_healed":0,"gold_gain":0,"player_choice":"Obtained Relic","damage_taken":0,"relics_obtained":["Happy Flower"],"max_hp_gain":0,"max_hp_loss":0,"event_name":"Addict","floor":25,"gold_loss":85},{"damage_healed":0,"gold_gain":0,"player_choice":"Fought Bandits","damage_taken":0,"max_hp_gain":0,"max_hp_loss":0,"event_name":"Masked Bandits","floor":30,"gold_loss":0}],"is_beta":false,"boss_relics":[{"not_picked":["WristBlade","Philosopher\u0027s Stone"],"picked":"Astrolabe"}],"items_purged_floors":[13],"is_endless":false,"potions_floor_spawned":[3,5,10,11,14,16,19,20,28,30],"killed_by":"Champ","ascension_level":0}