{"gold_per_floor":[116,116,116,14,35,35,51,70,93,105,138,175,187,212,224,236],"floor_reached":16,"playtime":75656,"items_purged":[],"score":97,"play_id":"0e2fb0cc-38dc-488f-a68d-201d3402624a","local_time":"20190630194429","is_ascension_mode":true,"campfire_choices":[{"floor":6,"key":"REST"},{"floor":10,"key":"REST"},{"floor":13,"key":"REST"},{"floor":15,"key":"REST"}],"neow_cost":"NONE","seed_source_timestamp":1828413850251961,"circlet_count":0,"master_deck":["Defend_G","Defend_G","Defend_G","Defend_G","Defend_G","Strike_G","Strike_G","Strike_G","Strike_G","Survivor","Neutralize","Wraith Form v2","Deadly Poison","Deadly Poison","Outmaneuver","Caltrops","Poisoned Stab","Bane","Poisoned Stab","Deadly Poison"],"relics":["Ring of the Snake","Golden Idol","Ancient Tea Set","MawBank","Odd Mushroom"],"potions_floor_usage":[16],"damage_taken":[{"damage":2,"enemies":"2 Louse","floor":1,"turns":4},{"damage":10,"enemies":"Jaw Worm","floor":5,"turns":4},{"damage":2,"enemies":"Small Slimes","floor":7,"turns":3},{"damage":4,"enemies":"Blue Slaver","floor":8,"turns":4},{"damage":6,"enemies":"Large Slime","floor":11,"turns":5},{"damage":39,"enemies":"The Mushroom Lair","floor":12,"turns":4},{"damage":3,"enemies":"Lots of Slimes","floor":14,"turns":4},{"damage":70,"enemies":"Slime Boss","floor":16,"turns":11}],"seed_played":"202310458438666479","potions_obtained":[{"floor":7,"key":"Weak Potion"},{"floor":8,"key":"SteroidPotion"},{"floor":12,"key":"Fire Potion"}],"is_trial":false,"path_per_floor":["M","?","?","$","M","R","M","M","T","R","M","?","R","M","R","B"],"character_chosen":"THE_SILENT","items_purchased":["Deadly Poison","Outmaneuver"],"campfire_rested":4,"item_purchase_floors":[4,4],"current_hp_per_floor":[68,51,48,48,38,59,57,53,53,70,64,25,46,43,64,0],"gold":236,"neow_bonus":"TRANSFORM_CARD","is_prod":false,"is_daily":false,"chose_seed":false,"campfire_upgraded":0,"win_rate":0,"timestamp":1561938269,"path_taken":["M","?","?","?","M","R","M","M","T","R","M","?","R","M","R","BOSS"],"build_version":"2019-01-23","purchased_purges":0,"victory":false,"max_hp_per_floor":[70,70,70,70,70,70,70,70,70,70,70,70,70,70,70,70],"card_choices":[{"not_picked":["Backflip","Infinite Blades"],"picked":"Deadly Poison","floor":1},{"not_picked":["Flying Knee","Dodge and Roll"],"picked":"Caltrops","floor":5},{"not_picked":["Masterful Stab","Calculated Gamble"],"picked":"Poisoned Stab","floor":7},{"not_picked":["PiercingWail","Reflex"],"picked":"Bane","floor":8},{"not_picked":["Finisher","Sucker Punch"],"picked":"Poisoned Stab","floor":11},{"not_picked":["Backflip","Slice"],"picked":"Deadly Poison","floor":12},{"not_picked":["Dash","Choke","Predator"],"picked":"SKIP","floor":14}],"player_experience":1310738,"relics_obtained":[{"floor":9,"key":"MawBank"},{"floor":12,"key":"Odd Mushroom"}],"event_choices":[{"damage_healed":0,"gold_gain":0,"player_choice":"Take Damage","damage_taken":17,"relics_obtained":["Golden Idol"],"max_hp_gain":0,"max_hp_loss":0,"event_name":"Golden Idol","floor":2,"gold_loss":0},{"damage_healed":0,"gold_gain":0,"player_choice":"Success","damage_taken":3,"relics_obtained":["Ancient Tea Set"],"max_hp_gain":0,"max_hp_loss":0,"event_name":"Scrap Ooze","floor":3,"gold_loss":0},{"damage_healed":0,"gold_gain":0,"player_choice":"Fought Mushrooms","damage_taken":0,"max_hp_gain":0,"max_hp_loss":0,"event_name":"Mushrooms","floor":12,"gold_loss":0}],"is_beta":false,"boss_relics":[],"items_purged_floors":[],"is_endless":false,"potions_floor_spawned":[7,8,12,14],"killed_by":"Slime Boss","ascension_level":1}