{"gold_per_floor":[113,127,127,127,11,11,37,37,101,127,192,214,226,238,250,355,367,392,65,65,79,79],"floor_reached":22,"playtime":832,"items_purged":[],"score":393,"play_id":"40bebf8c-74ea-4d42-a05b-f72e8dbbb00c","local_time":"20190531221220","is_ascension_mode":true,"campfire_choices":[{"data":"Cloak And Dagger","floor":6,"key":"SMITH"},{"data":"Finisher","floor":15,"key":"SMITH"}],"neow_cost":"NONE","seed_source_timestamp":1224876938232999,"circlet_count":0,"master_deck":["AscendersBane","Defend_G","Defend_G","Defend_G","Defend_G","Defend_G","Strike_G","Strike_G","Strike_G","Strike_G","Strike_G","Survivor","Neutralize","Cloak And Dagger+1","Skewer+1","Well Laid Plans","Finisher+1","Glass Knife","Dagger Spray","Envenom","Backflip"],"relics":["Ring of the Snake","NeowsBlessing","Orichalcum","MawBank","Bag of Preparation","Tiny Chest","Golden Idol","Sozu","Singing Bowl"],"potions_floor_usage":[16],"damage_taken":[{"damage":0,"enemies":"2 Louse","floor":1,"turns":1},{"damage":0,"enemies":"Small Slimes","floor":2,"turns":1},{"damage":0,"enemies":"Lagavulin","floor":7,"turns":1},{"damage":0,"enemies":"Cultist","floor":10,"turns":2},{"damage":21,"enemies":"Large Slime","floor":12,"turns":5},{"damage":41,"enemies":"Slime Boss","floor":16,"turns":10},{"damage":0,"enemies":"Chosen","floor":18,"turns":2},{"damage":12,"enemies":"Colosseum Slavers","floor":20,"turns":5},{"damage":22,"enemies":"Shell Parasite","floor":21,"turns":6},{"damage":35,"enemies":"Snecko","floor":22,"turns":6}],"seed_played":"3430223812097047305","potions_obtained":[{"floor":12,"key":"Regen Potion"}],"is_trial":false,"path_per_floor":["M","M","?","?","$","R","E","?","T","M","T","M","?","?","R","B",null,"M","$","?","M","M"],"character_chosen":"THE_SILENT","items_purchased":["Well Laid Plans","Finisher","Backflip","Singing Bowl"],"campfire_rested":0,"item_purchase_floors":[5,5,19,19],"current_hp_per_floor":[59,59,64,64,64,64,64,53,53,53,53,32,32,32,32,6,50,50,50,38,18,0],"gold":79,"neow_bonus":"THREE_ENEMY_KILL","is_prod":false,"is_daily":false,"chose_seed":false,"campfire_upgraded":2,"win_rate":0,"timestamp":1559333540,"path_taken":["M","M","?","?","$","R","E","?","T","M","?","?","?","?","R","BOSS","M","$","?","M","M"],"build_version":"2019-01-23","purchased_purges":0,"victory":false,"max_hp_per_floor":[66,66,71,71,71,71,71,71,71,71,71,71,71,64,64,64,64,64,64,64,66,66],"card_choices":[{"not_picked":["Deflect","Backflip"],"picked":"Cloak And Dagger","floor":1},{"not_picked":["Bane","Quick Slash"],"picked":"Skewer","floor":2},{"not_picked":["Poisoned Stab","Quick Slash"],"picked":"Glass Knife","floor":7},{"not_picked":["Deflect","Poisoned Stab","Bane"],"picked":"SKIP","floor":10},{"not_picked":["Prepared","Dagger Throw"],"picked":"Dagger Spray","floor":12},{"not_picked":["Unload","Tools of the Trade"],"picked":"Envenom","floor":16},{"not_picked":["Dash","Flying Knee","Slice"],"picked":"SKIP","floor":18},{"not_picked":["Dash","Deflect","Prepared"],"picked":"Singing Bowl","floor":21}],"player_experience":489365,"relics_obtained":[{"floor":7,"key":"Orichalcum"},{"floor":9,"key":"Bag of Preparation"},{"floor":11,"key":"Tiny Chest"}],"event_choices":[{"damage_healed":0,"gold_gain":0,"player_choice":"Donut","damage_taken":0,"max_hp_gain":5,"max_hp_loss":0,"event_name":"Big Fish","floor":3,"gold_loss":0},{"damage_healed":0,"gold_gain":0,"player_choice":"Grow","damage_taken":0,"max_hp_gain":0,"max_hp_loss":0,"event_name":"Living Wall","floor":4,"gold_loss":0,"cards_upgraded":["Skewer"]},{"damage_healed":0,"gold_gain":0,"player_choice":"Success","damage_taken":11,"relics_obtained":["MawBank"],"max_hp_gain":0,"max_hp_loss":0,"event_name":"Scrap Ooze","floor":8,"gold_loss":0},{"damage_healed":0,"gold_gain":0,"player_choice":"Ignored","damage_taken":0,"max_hp_gain":0,"max_hp_loss":0,"event_name":"Liars Game","floor":13,"gold_loss":0},{"damage_healed":0,"gold_gain":0,"player_choice":"Lose Max HP","damage_taken":0,"relics_obtained":["Golden Idol"],"max_hp_gain":0,"max_hp_loss":7,"event_name":"Golden Idol","floor":14,"gold_loss":0},{"damage_healed":0,"gold_gain":0,"player_choice":"Fight","damage_taken":0,"max_hp_gain":0,"max_hp_loss":0,"event_name":"Colosseum","floor":20,"gold_loss":0},{"damage_healed":0,"gold_gain":0,"player_choice":"Fled From Nobs","damage_taken":0,"max_hp_gain":0,"max_hp_loss":0,"event_name":"Colosseum","floor":20,"gold_loss":0}],"is_beta":false,"boss_relics":[{"not_picked":["Tiny House","Ring of the Serpent"],"picked":"Sozu"}],"items_purged_floors":[],"is_endless":false,"potions_floor_spawned":[12],"killed_by":"Snecko","ascension_level":18}