{"gold_per_floor":[114,126,136,156,174,201,201,235,262,290,290,306,318,12,12,114,114,134,134,144,158,176,203,203,236,236,236,39,39,49,80,80,80],"floor_reached":33,"playtime":1021,"items_purged":["Strike_B"],"score":345,"play_id":"7fb0d052-9b2b-4a0e-8225-0da633599e40","local_time":"20190530205115","is_ascension_mode":true,"campfire_choices":[{"data":"Defragment","floor":7,"key":"SMITH"},{"floor":11,"key":"REST"},{"data":"Defragment","floor":15,"key":"SMITH"},{"data":"Fusion","floor":24,"key":"SMITH"},{"data":"Biased Cognition","floor":27,"key":"SMITH"},{"floor":32,"key":"REST"}],"neow_cost":"NONE","seed_source_timestamp":14827164828141,"circlet_count":0,"master_deck":["Strike_B","Defend_B","Defend_B","Defend_B","Defend_B","Zap+1","Dualcast","Steam","Coolheaded","Hologram","Static Discharge","Defragment+1","Meteor Strike","Compile Driver","BootSequence","Electrodynamics","Defragment+1","Biased Cognition+1","White Noise","BootSequence","Loop","All For One","Fusion+1","FTL+1","Fusion+1","Sweeping Beam","Gash","Defragment+1"],"special_seed":0,"relics":["Cracked Core","Blood Vial","Torii","PreservedInsect","Bag of Preparation","Omamori","Inserter","Orichalcum","Calipers","Bottled Flame","Frozen Egg 2","DollysMirror","Juzu Bracelet"],"potions_floor_usage":[6,6,8,10,21,33,33],"damage_taken":[{"damage":0.0,"enemies":"2 Louse","floor":1.0,"turns":2.0},{"damage":1,"enemies":"Jaw Worm","floor":2,"turns":4},{"damage":5,"enemies":"Small Slimes","floor":3,"turns":4},{"damage":5,"enemies":"Blue Slaver","floor":4,"turns":4},{"damage":13,"enemies":"Exordium Wildlife","floor":5,"turns":3},{"damage":13,"enemies":"Lagavulin","floor":6,"turns":5},{"damage":32,"enemies":"Gremlin Nob","floor":8,"turns":4},{"damage":2,"enemies":"Lagavulin","floor":10,"turns":6},{"damage":0,"enemies":"Large Slime","floor":12,"turns":5},{"damage":1,"enemies":"3 Louse","floor":13,"turns":4},{"damage":10,"enemies":"Hexaghost","floor":16,"turns":8},{"damage":11,"enemies":"Chosen","floor":18,"turns":5},{"damage":2,"enemies":"Spheric Guardian","floor":20,"turns":4},{"damage":0,"enemies":"Cultist and Chosen","floor":21,"turns":6},{"damage":2,"enemies":"Snecko","floor":22,"turns":5},{"damage":15,"enemies":"Gremlin Leader","floor":23,"turns":4},{"damage":14,"enemies":"Book of Stabbing","floor":25,"turns":4},{"damage":6,"enemies":"Centurion and Healer","floor":30,"turns":5},{"damage":17,"enemies":"Slavers","floor":31,"turns":4},{"damage":59,"enemies":"Champ","floor":33,"turns":9}],"seed_played":"3769369113027874823","potions_obtained":[{"floor":2,"key":"EntropicBrew"},{"floor":3,"key":"Ancient Potion"},{"floor":5,"key":"SteroidPotion"},{"floor":12,"key":"Fire Potion"},{"floor":18,"key":"FocusPotion"},{"floor":21,"key":"Fruit Juice"},{"floor":25,"key":"SteroidPotion"}],"is_trial":false,"path_per_floor":["M","M","M","M","M","E","R","E","T","E","R","M","M","$","R","B",null,"M","?","M","M","M","E","R","E","T","R","$","?","M","E","R","B"],"character_chosen":"DEFECT","items_purchased":["Defragment","Omamori","DollysMirror"],"campfire_rested":2,"item_purchase_floors":[14,14,28],"current_hp_per_floor":[75,74,69,64,51,38,38,8,8,8,30,32,33,33,33,25,75,64,64,64,71,71,58,58,46,46,46,46,46,42,27,51,0],"gold":80,"neow_bonus":"UPGRADE_CARD","is_prod":false,"is_daily":false,"chose_seed":false,"campfire_upgraded":4,"win_rate":0,"timestamp":1559242275,"path_taken":["M","M","M","M","M","E","R","E","T","E","R","M","M","$","R","BOSS","M","?","M","M","M","E","R","E","T","R","$","?","M","E","R","BOSS"],"build_version":"2019-05-28","purchased_purges":1,"victory":false,"max_hp_per_floor":[75,75,75,75,75,75,75,75,75,75,75,75,75,75,75,75,75,75,75,75,80,80,80,80,80,80,80,80,80,80,80,80,80],"card_choices":[{"not_picked":["Compile Driver","Stack"],"picked":"Steam","floor":1},{"not_picked":["Barrage","Tempest"],"picked":"Coolheaded","floor":2},{"not_picked":["Steam","Go for the Eyes"],"picked":"Hologram","floor":3},{"not_picked":["Chaos","Leap"],"picked":"Static Discharge","floor":4},{"not_picked":["Turbo","Compile Driver"],"picked":"Defragment","floor":5},{"not_picked":["Lockon","Rebound","Reprogram"],"picked":"SKIP","floor":6},{"not_picked":["Hologram","Leap"],"picked":"Meteor Strike","floor":8},{"not_picked":["Gash","Sweeping Beam"],"picked":"Compile Driver","floor":10},{"not_picked":["Static Discharge","Streamline"],"picked":"BootSequence","floor":12},{"not_picked":["Barrage","Go for the Eyes"],"picked":"Electrodynamics","floor":13},{"not_picked":["Multi-Cast","Amplify"],"picked":"Biased Cognition","floor":16},{"not_picked":["Gash+1","Redo"],"picked":"White Noise","floor":18},{"not_picked":["Steam","Stack"],"picked":"BootSequence","floor":20},{"not_picked":["Darkness","Chill+1"],"picked":"Loop","floor":21},{"not_picked":["Rebound","Hologram"],"picked":"All For One","floor":22},{"not_picked":["Leap","Hello World"],"picked":"Fusion","floor":23},{"not_picked":["Reinforced Body","Force Field"],"picked":"FTL+1","floor":25},{"not_picked":["Conserve Battery","Ball Lightning"],"picked":"Defragment+1","floor":30},{"not_picked":["Tempest","Beam Cell","Rebound"],"picked":"SKIP","floor":31}],"player_experience":1626889,"relics_obtained":[{"floor":6,"key":"Blood Vial"},{"floor":8,"key":"Torii"},{"floor":9,"key":"PreservedInsect"},{"floor":10,"key":"Bag of Preparation"},{"floor":23,"key":"Calipers"},{"floor":25,"key":"Bottled Flame"},{"floor":26,"key":"Frozen Egg 2"},{"floor":31,"key":"Juzu Bracelet"}],"event_choices":[{"damage_healed":0,"gold_gain":0,"player_choice":"Opened","damage_taken":0,"relics_obtained":["Orichalcum"],"max_hp_gain":0,"max_hp_loss":0,"event_name":"The Mausoleum","floor":19,"gold_loss":0},{"damage_healed":0,"gold_gain":0,"cards_transformed":["Strike_B","Strike_B"],"player_choice":"Became Test Subject","damage_taken":0,"max_hp_gain":0,"max_hp_loss":0,"event_name":"Drug Dealer","floor":29,"gold_loss":0,"cards_obtained":["Sweeping Beam","Gash"]}],"is_beta":true,"boss_relics":[{"not_picked":["Fusion Hammer","Runic Pyramid"],"picked":"Inserter"}],"items_purged_floors":[14],"is_endless":false,"potions_floor_spawned":[2,3,5,12,18,21,25],"killed_by":"Champ","ascension_level":1}