{"gold_per_floor":[114,45,115,42,59,59,78,78,78,95,95,108,108,33,33,110,110,122,122,37,55,55,55,55],"floor_reached":24,"playtime":698,"items_purged":["Zap"],"score":313,"play_id":"68bbcbe6-cabe-4dfd-86ac-26ba17764122","local_time":"20190527234337","is_ascension_mode":true,"campfire_choices":[{"data":"Doom and Gloom","floor":6,"key":"SMITH"},{"data":"Loop","floor":8,"key":"SMITH"},{"data":"Redo","floor":11,"key":"SMITH"},{"data":"Darkness","floor":15,"key":"SMITH"},{"floor":23,"key":"REST"}],"neow_cost":"NONE","seed_source_timestamp":884849245297510,"circlet_count":0,"master_deck":["AscendersBane","Strike_B","Strike_B","Strike_B","Strike_B","Defend_B","Defend_B","Defend_B","Defend_B","Dualcast","Conserve Battery","Sweeping Beam","Doom and Gloom+1","Genetic Algorithm","Loop+1","BootSequence","Redo+1","Darkness+1","Seek","Defragment","Chaos"],"relics":["Cracked Core","Ornamental Fan","Cursed Key","FossilizedHelix"],"potions_floor_usage":[18,18],"damage_taken":[{"damage":0,"enemies":"Cultist","floor":1,"turns":3},{"damage":0,"enemies":"Small Slimes","floor":5,"turns":3},{"damage":3,"enemies":"2 Louse","floor":7,"turns":2},{"damage":1,"enemies":"Looter","floor":10,"turns":3},{"damage":0,"enemies":"Blue Slaver","floor":12,"turns":3},{"damage":31,"enemies":"Slime Boss","floor":16,"turns":8},{"damage":0,"enemies":"Shell Parasite","floor":18,"turns":5},{"damage":23,"enemies":"3 Byrds","floor":21,"turns":5},{"damage":29,"enemies":"Colosseum Slavers","floor":22,"turns":4},{"damage":40,"enemies":"Snecko","floor":24,"turns":6}],"seed_played":"1159774111796882924","potions_obtained":[{"floor":1,"key":"SpeedPotion"},{"floor":10,"key":"SkillPotion"},{"floor":16,"key":"Weak Potion"}],"is_trial":false,"path_per_floor":["M","$","?","$","M","R","M","R","T","M","R","M","?","$","R","B",null,"M","?","?","M","?","R","M"],"character_chosen":"DEFECT","items_purchased":["Doom and Gloom","Genetic Algorithm"],"campfire_rested":1,"item_purchase_floors":[2,4],"current_hp_per_floor":[64,64,64,64,64,64,61,61,61,60,60,60,60,60,60,29,61,61,61,61,38,9,30,0],"gold":55,"neow_bonus":"THREE_CARDS","is_prod":false,"is_daily":false,"chose_seed":false,"campfire_upgraded":4,"win_rate":0,"timestamp":1558993417,"path_taken":["M","?","?","$","M","R","M","R","T","M","R","M","?","$","R","BOSS","M","?","?","M","?","R","?"],"build_version":"2019-01-23","purchased_purges":1,"victory":false,"max_hp_per_floor":[71,71,71,71,71,71,71,71,71,71,71,71,71,71,71,71,71,71,71,71,71,71,71,71],"card_choices":[{"not_picked":["Stack","Barrage"],"picked":"Conserve Battery","floor":0},{"not_picked":["Scrape","Hello World"],"picked":"Sweeping Beam","floor":1},{"not_picked":["Ball Lightning","Beam Cell"],"picked":"Loop","floor":5},{"not_picked":["Glacier","Go for the Eyes"],"picked":"BootSequence","floor":7},{"not_picked":["Coolheaded","Barrage"],"picked":"Redo","floor":10},{"not_picked":["White Noise","Capacitor"],"picked":"Darkness","floor":12},{"not_picked":["Reboot","Meteor Strike"],"picked":"Seek","floor":16},{"not_picked":["Beam Cell","Glacier"],"picked":"Defragment","floor":18},{"not_picked":["Recycle","Conserve Battery"],"picked":"Chaos","floor":21}],"player_experience":446611,"relics_obtained":[{"floor":9,"key":"Ornamental Fan"}],"event_choices":[{"damage_healed":0,"gold_gain":70,"player_choice":"Gained Gold","damage_taken":0,"max_hp_gain":0,"max_hp_loss":0,"event_name":"Golden Wing","floor":3,"gold_loss":0},{"damage_healed":0,"gold_gain":0,"player_choice":"Ignored","damage_taken":0,"max_hp_gain":0,"max_hp_loss":0,"event_name":"Liars Game","floor":13,"gold_loss":0},{"damage_healed":0,"gold_gain":0,"player_choice":"Ignored","damage_taken":0,"max_hp_gain":0,"max_hp_loss":0,"event_name":"Vampires","floor":19,"gold_loss":0},{"damage_healed":0,"gold_gain":0,"player_choice":"Obtained Relic","damage_taken":0,"relics_obtained":["FossilizedHelix"],"max_hp_gain":0,"max_hp_loss":0,"event_name":"Addict","floor":20,"gold_loss":85},{"damage_healed":0,"gold_gain":0,"player_choice":"Fight","damage_taken":0,"max_hp_gain":0,"max_hp_loss":0,"event_name":"Colosseum","floor":22,"gold_loss":0},{"damage_healed":0,"gold_gain":0,"player_choice":"Fled From Nobs","damage_taken":0,"max_hp_gain":0,"max_hp_loss":0,"event_name":"Colosseum","floor":22,"gold_loss":0}],"is_beta":false,"boss_relics":[{"not_picked":["Empty Cage","Runic Pyramid"],"picked":"Cursed Key"}],"items_purged_floors":[14],"is_endless":false,"potions_floor_spawned":[1,10,16,22],"killed_by":"Snecko","ascension_level":14}