{"gold_per_floor":[111,127,127,52,62,95,114,132,206,239,250,276,276,290,290,385,385,398,16,16,16,16,29,29,56,79,79,113,130,141,173,173,277,277,296,307,325,370,370,50,77,89,101,113,136,148,175,198,210,222],"floor_reached":51,"playtime":3482,"items_purged":["Strike_R"],"score":915,"play_id":"b31a2fd3-9bbe-4d41-8c7a-ec23ae51df80","local_time":"20190425163917","is_ascension_mode":true,"campfire_choices":[{"data":"Body Slam","floor":13.0,"key":"SMITH"},{"data":"Uppercut","floor":15.0,"key":"SMITH"},{"data":"Warcry","floor":27.0,"key":"SMITH"},{"floor":32.0,"key":"REST"},{"floor":44,"key":"REST"},{"data":"Writhe","floor":46,"key":"PURGE"},{"data":"Doubt","floor":49,"key":"PURGE"}],"neow_cost":"PERCENT_DAMAGE","seed_source_timestamp":0,"circlet_count":0,"master_deck":["Strike_R","Strike_R","Strike_R","Defend_R","Defend_R","Defend_R","Defend_R","Bash","Metallicize","Uppercut+1","Shrug It Off","Inflame","Evolve","Body Slam+1","Offering","Shrug It Off","Thunderclap","Warcry+1","Immolate","Pummel","True Grit","Reckless Charge","J.A.X.","Twin Strike","Iron Wave+1","Shrug It Off","Reaper","Clumsy","Regret","Dual Wield+1","Reaper","Battle Trance","Reaper","Injury","Shrug It Off","Parasite"],"special_seed":0,"relics":["Burning Blood","Magic Flower","Centennial Puzzle","Champion Belt","Juzu Bracelet","Cursed Key","Shuriken","Nloth\u0027s Gift","Mercury Hourglass","Strawberry","Boot","Blue Candle","Calling Bell","Pen Nib","Frozen Egg 2","Peace Pipe","Gambling Chip","Darkstone Periapt","MawBank","Calipers"],"potions_floor_usage":[35,37,37,38,47],"damage_taken":[{"damage":8.0,"enemies":"Jaw Worm","floor":1.0,"turns":5.0},{"damage":2.0,"enemies":"Cultist","floor":2.0,"turns":4.0},{"damage":2.0,"enemies":"2 Louse","floor":5.0,"turns":3.0},{"damage":26.0,"enemies":"3 Sentries","floor":6.0,"turns":13.0},{"damage":3.0,"enemies":"2 Fungi Beasts","floor":7.0,"turns":5.0},{"damage":6.0,"enemies":"Looter","floor":8.0,"turns":3.0},{"damage":11.0,"enemies":"Lagavulin","floor":10.0,"turns":7.0},{"damage":7.0,"enemies":"Blue Slaver","floor":11.0,"turns":4.0},{"damage":8.0,"enemies":"Gremlin Nob","floor":12.0,"turns":4.0},{"damage":6.0,"enemies":"2 Fungi Beasts","floor":14.0,"turns":2.0},{"damage":29.0,"enemies":"The Guardian","floor":16.0,"turns":14.0},{"damage":6.0,"enemies":"Chosen","floor":18.0,"turns":3.0},{"damage":5.0,"enemies":"Shell Parasite","floor":23.0,"turns":4.0},{"damage":11.0,"enemies":"Gremlin Leader","floor":25.0,"turns":4.0},{"damage":25.0,"enemies":"Slavers","floor":28.0,"turns":2.0},{"damage":26.0,"enemies":"Snake Plant","floor":29.0,"turns":3.0},{"damage":15.0,"enemies":"Sentry and Sphere","floor":30.0,"turns":4.0},{"damage":19.0,"enemies":"Gremlin Leader","floor":31.0,"turns":4.0},{"damage":40.0,"enemies":"Collector","floor":33.0,"turns":8.0},{"damage":61,"enemies":"3 Darklings","floor":35,"turns":5},{"damage":0,"enemies":"3 Shapes","floor":36,"turns":3},{"damage":35,"enemies":"Transient","floor":37,"turns":5},{"damage":42,"enemies":"2 Orb Walkers","floor":38,"turns":4},{"damage":37,"enemies":"Nemesis","floor":41,"turns":5},{"damage":86,"enemies":"Spire Growth","floor":45,"turns":6},{"damage":21,"enemies":"Writhing Mass","floor":47,"turns":6},{"damage":21,"enemies":"4 Shapes","floor":48,"turns":3},{"damage":158,"enemies":"Donu and Deca","floor":50,"turns":13}],"seed_played":"3714816138176787013","potions_obtained":[{"floor":1.0,"key":"Energy Potion"},{"floor":6.0,"key":"Weak Potion"},{"floor":7.0,"key":"Poison Potion"},{"floor":10.0,"key":"PowerPotion"},{"floor":16.0,"key":"EssenceOfSteel"},{"floor":28.0,"key":"SkillPotion"},{"floor":33.0,"key":"SkillPotion"},{"floor":35,"key":"Weak Potion"},{"floor":37,"key":"BloodPotion"},{"floor":45,"key":"AttackPotion"}],"is_trial":false,"path_per_floor":["M","M","?","$","M","E","M","M","T","E","M","E","R","M","R","B",null,"M","$","?","$","?","M","?","E","T","R","E","M","M","E","R","B",null,"M","M","M","?","?","$","E","$","T","R","M","R","M","M","R","B",null],"character_chosen":"IRONCLAD","items_purchased":["Shuriken","True Grit","Reckless Charge","Darkstone Periapt","Battle Trance"],"campfire_rested":2,"item_purchase_floors":[19,19,19,40,40],"current_hp_per_floor":[57,64,64,64,71,54,60,63,73,71,73,74,74,77,77,57,90,90,90,90,90,90,90,90,88,95,95,79,62,56,46,75,44,97,52,61,50,43,43,43,30,30,36,66,65,65,84,107,107,32],"gold":234,"neow_bonus":"ONE_RARE_RELIC","is_prod":false,"is_daily":false,"chose_seed":false,"campfire_upgraded":3,"win_rate":0,"timestamp":1556235557,"path_taken":["M","M","?","$","M","E","M","M","T","E","?","E","R","M","R","BOSS","M","$","?","?","?","M","?","E","T","R","E","M","M","E","R","BOSS","M","M","M","?","?","$","E","$","T","R","M","R","M","M","R","BOSS"],"build_version":"2019-01-23","purchased_purges":1,"victory":true,"max_hp_per_floor":[80,80,80,80,80,80,80,80,90,90,90,90,90,90,90,90,90,90,90,90,90,90,90,90,90,97,97,97,97,97,97,97,97,97,97,97,97,97,97,97,97,97,103,103,103,103,109,109,109,109],"card_choices":[{"not_picked":["Bloodletting","Battle Trance"],"picked":"Metallicize","floor":1.0},{"not_picked":["Reckless Charge","Thunderclap"],"picked":"Uppercut","floor":2.0},{"not_picked":["Body Slam","Clash"],"picked":"Shrug It Off","floor":5.0},{"not_picked":["Fire Breathing","Heavy Blade"],"picked":"Inflame","floor":6.0},{"not_picked":["Perfected Strike","Flex"],"picked":"Evolve","floor":7.0},{"not_picked":["Clothesline","Spot Weakness"],"picked":"Body Slam","floor":8.0},{"not_picked":["Inflame","Berserk"],"picked":"Offering","floor":10.0},{"not_picked":["Cleave","Havoc"],"picked":"Shrug It Off","floor":11.0},{"not_picked":["Flex","Disarm"],"picked":"Thunderclap","floor":12.0},{"not_picked":["Clash","Evolve"],"picked":"Warcry","floor":14.0},{"not_picked":["Dark Embrace","Brutality"],"picked":"Immolate","floor":16.0},{"not_picked":["Thunderclap+1","Fire Breathing"],"picked":"Pummel","floor":18.0},{"not_picked":["Havoc","Armaments+1","Thunderclap+1"],"picked":"SKIP","floor":23.0},{"not_picked":["Sever Soul","Wild Strike"],"picked":"Twin Strike","floor":25.0},{"not_picked":["Warcry","Body Slam"],"picked":"Iron Wave+1","floor":28.0},{"not_picked":["Sword Boomerang","Fire Breathing","Body Slam"],"picked":"SKIP","floor":29.0},{"not_picked":["Clothesline","Anger"],"picked":"Shrug It Off","floor":30.0},{"not_picked":["Offering","Bludgeon","Fiend Fire"],"picked":"SKIP","floor":31.0},{"not_picked":["Exhume","Double Tap"],"picked":"Reaper","floor":33.0},{"not_picked":["Flex+1","Armaments"],"picked":"Dual Wield+1","floor":35},{"not_picked":["Armaments","Dropkick","Reckless Charge+1"],"picked":"SKIP","floor":36},{"not_picked":["Sword Boomerang+1","True Grit+1"],"picked":"Headbutt+1","floor":37},{"not_picked":["Rage+1","Anger"],"picked":"Reaper","floor":38},{"not_picked":["Dual Wield","True Grit"],"picked":"Reaper","floor":41},{"not_picked":["Armaments+1","Rampage+1"],"picked":"Shrug It Off","floor":45},{"not_picked":["Pommel Strike+1","Heavy Blade","True Grit"],"picked":"SKIP","floor":47},{"not_picked":["Dark Embrace+1","Thunderclap","Body Slam+1"],"picked":"SKIP","floor":48}],"player_experience":233827,"relics_obtained":[{"floor":6.0,"key":"Centennial Puzzle"},{"floor":9.0,"key":"Pear"},{"floor":10.0,"key":"Champion Belt"},{"floor":12.0,"key":"Juzu Bracelet"},{"floor":25.0,"key":"Mercury Hourglass"},{"floor":26.0,"key":"Strawberry"},{"floor":28.0,"key":"Boot"},{"floor":31.0,"key":"Blue Candle"},{"floor":34,"key":"Pen Nib"},{"floor":34,"key":"Frozen Egg 2"},{"floor":34,"key":"Peace Pipe"},{"floor":38,"key":"Gambling Chip"},{"floor":41,"key":"MawBank"},{"floor":43,"key":"Calipers"}],"event_choices":[{"cards_removed":["Strike_R"],"damage_healed":0.0,"max_hp_gain":0.0,"max_hp_loss":0.0,"gold_gain":0.0,"event_name":"Purifier","player_choice":"Purged","floor":3.0,"gold_loss":0.0,"damage_taken":0.0},{"damage_healed":0.0,"max_hp_gain":0.0,"max_hp_loss":0.0,"gold_gain":0.0,"event_name":"N\u0027loth","player_choice":"Traded Relic","floor":20.0,"relics_lost":["Pear"],"gold_loss":0.0,"damage_taken":0.0,"relics_obtained":["Nloth\u0027s Gift"]},{"damage_healed":0.0,"max_hp_gain":0.0,"max_hp_loss":0.0,"gold_gain":0.0,"event_name":"Drug Dealer","player_choice":"Obtain J.A.X.","floor":22.0,"gold_loss":0.0,"damage_taken":0.0,"cards_obtained":["J.A.X."]},{"damage_healed":0.0,"max_hp_gain":0.0,"max_hp_loss":0.0,"gold_gain":0.0,"event_name":"Ghosts","player_choice":"Ignored","floor":24.0,"gold_loss":0.0,"damage_taken":0.0},{"damage_healed":0,"gold_gain":0,"player_choice":"Fight","damage_taken":0,"max_hp_gain":0,"max_hp_loss":0,"event_name":"Mysterious Sphere","floor":38,"gold_loss":0},{"cards_removed":["Headbutt"],"damage_healed":0,"gold_gain":0,"player_choice":"Removed Attack","damage_taken":0,"max_hp_gain":0,"max_hp_loss":0,"event_name":"Falling","floor":39,"gold_loss":0}],"is_beta":false,"boss_relics":[{"not_picked":["Runic Cube","Astrolabe"],"picked":"Cursed Key"},{"not_picked":["Coffee Dripper","Lizard Tail"],"picked":"Calling Bell"}],"items_purged_floors":[4],"is_endless":false,"potions_floor_spawned":[1,6,7,10,16,28,33,35,37,45],"ascension_level":3}