{"gold_per_floor":[109,34,34,47,66,66,66,66,66,91,91,129,129,152,152,245,245,269,13,26,26,26,26,26],"floor_reached":24,"playtime":707,"items_purged":["Pain"],"score":428,"play_id":"b24189a1-da97-4721-b5bc-8b4095d39b6a","local_time":"20190527212400","is_ascension_mode":true,"campfire_choices":[{"data":"Zap","floor":6.0,"key":"SMITH"},{"data":"Coolheaded","floor":13,"key":"SMITH"},{"floor":15,"key":"REST"},{"data":"Defend_B","floor":23,"key":"SMITH"}],"neow_cost":"CURSE","seed_source_timestamp":876433902662833,"circlet_count":0,"master_deck":["AscendersBane","Strike_B","Strike_B+1","Defend_B+1","Defend_B+1","Defend_B","Defend_B","Zap+1","Dualcast+1","Gash","Go for the Eyes","Coolheaded+1","Parasite","Sweeping Beam+1","Ball Lightning","Go for the Eyes","Reboot","Gash","Steam","Shame","Aggregate","Go for the Eyes"],"special_seed":0,"relics":["Cracked Core","Turnip","Question Card","Pear","Golden Idol","Whetstone","Sozu","Ornamental Fan","Potion Belt"],"potions_floor_usage":[10,10,12,16],"damage_taken":[{"damage":12.0,"enemies":"2 Louse","floor":1.0,"turns":3.0},{"damage":0.0,"enemies":"Jaw Worm","floor":4.0,"turns":3.0},{"damage":7.0,"enemies":"Small Slimes","floor":5.0,"turns":3.0},{"damage":12,"enemies":"3 Sentries","floor":10,"turns":6},{"damage":19,"enemies":"Lagavulin","floor":12,"turns":8},{"damage":3,"enemies":"Blue Slaver","floor":14,"turns":2},{"damage":0,"enemies":"Slime Boss","floor":16,"turns":7},{"damage":1,"enemies":"Chosen","floor":18,"turns":4},{"damage":27,"enemies":"2 Thieves","floor":20,"turns":4},{"damage":44,"enemies":"Gremlin Leader","floor":24,"turns":8}],"seed_played":"-7356194304905281966","potions_obtained":[{"floor":1.0,"key":"AttackPotion"},{"floor":5.0,"key":"FocusPotion"},{"floor":10,"key":"Weak Potion"},{"floor":14,"key":"FocusPotion"}],"is_trial":false,"path_per_floor":["M","$","?","M","M","R","?","?","T","E","?","E","R","M","R","B",null,"M","$","M","?","?","R","E"],"character_chosen":"DEFECT","items_purchased":["Ornamental Fan"],"campfire_rested":1,"item_purchase_floors":[19],"current_hp_per_floor":[52,52,38,38,31,31,48,48,48,46,46,27,27,24,46,46,68,67,67,40,40,40,40,0],"gold":26,"neow_bonus":"ONE_RARE_RELIC","is_prod":false,"is_daily":false,"chose_seed":false,"campfire_upgraded":3,"win_rate":0,"timestamp":1558985040,"path_taken":["M","$","?","M","M","R","?","?","T","E","?","E","R","M","R","BOSS","M","$","M","?","?","R","E"],"build_version":"2019-01-23","purchased_purges":1,"victory":false,"max_hp_per_floor":[71,71,71,71,71,71,71,71,71,81,75,75,75,75,75,75,75,75,75,75,75,75,75,75],"card_choices":[{"not_picked":["Scrape","Coolheaded"],"picked":"Gash","floor":1.0},{"not_picked":["Darkness","Steam"],"picked":"Go for the Eyes","floor":4.0},{"not_picked":["Compile Driver","Ball Lightning"],"picked":"Coolheaded","floor":5.0},{"not_picked":["Sweeping Beam","Thunder Strike","Leap","Rebound"],"picked":"SKIP","floor":10},{"not_picked":["Thunder Strike","Leap","Rebound"],"picked":"Sweeping Beam","floor":10},{"not_picked":["Consume","Leap","Redo"],"picked":"Ball Lightning","floor":12},{"not_picked":["Turbo","Compile Driver","BootSequence"],"picked":"Go for the Eyes","floor":14},{"not_picked":["Multi-Cast","Hyperbeam","Biased Cognition"],"picked":"Reboot","floor":16},{"not_picked":["Double Energy","Conserve Battery","Streamline"],"picked":"Gash","floor":18},{"not_picked":["Ball Lightning+1","Loop","Sweeping Beam"],"picked":"Steam","floor":20}],"player_experience":438830,"relics_obtained":[{"floor":9,"key":"Question Card"},{"floor":10,"key":"Pear"},{"floor":12,"key":"Whetstone"}],"event_choices":[{"damage_healed":0.0,"max_hp_gain":0.0,"max_hp_loss":0.0,"gold_gain":0.0,"event_name":"Shining Light","player_choice":"Entered Light","floor":3.0,"gold_loss":0.0,"damage_taken":14.0,"cards_upgraded":["Dualcast","Defend_B"]},{"damage_healed":17.0,"max_hp_gain":0.0,"max_hp_loss":0.0,"gold_gain":0.0,"event_name":"Mushrooms","player_choice":"Healed and dodged fight","floor":7.0,"gold_loss":0.0,"damage_taken":0.0,"cards_obtained":["Parasite"]},{"damage_healed":0,"gold_gain":0,"player_choice":"Searched \u00270\u0027 times","damage_taken":0,"max_hp_gain":0,"max_hp_loss":0,"event_name":"Dead Adventurer","floor":8,"gold_loss":0},{"damage_healed":0,"gold_gain":0,"player_choice":"Lose Max HP","damage_taken":0,"relics_obtained":["Golden Idol"],"max_hp_gain":0,"max_hp_loss":6,"event_name":"Golden Idol","floor":11,"gold_loss":0},{"damage_healed":0,"gold_gain":0,"player_choice":"Stole Relic","damage_taken":0,"relics_obtained":["Potion Belt"],"max_hp_gain":0,"max_hp_loss":0,"event_name":"Addict","floor":21,"gold_loss":0,"cards_obtained":["Shame"]},{"damage_healed":0,"gold_gain":0,"cards_transformed":["Strike_B","Strike_B"],"player_choice":"Became Test Subject","damage_taken":0,"max_hp_gain":0,"max_hp_loss":0,"event_name":"Drug Dealer","floor":22,"gold_loss":0,"cards_obtained":["Aggregate","Go for the Eyes"]}],"is_beta":false,"boss_relics":[{"not_picked":["Busted Crown","Philosopher\u0027s Stone"],"picked":"Sozu"}],"items_purged_floors":[2],"is_endless":false,"potions_floor_spawned":[1,5,10,14,18],"killed_by":"Gremlin Leader","ascension_level":14}