{"gold_per_floor":[367,381,82,82,92,92,123,123,123,123,198,198,26,51,51,130,130,130,130,30,30,30,30,30,30,30,30,30,30,30,30,30,30,30,30,30,30],"floor_reached":37,"playtime":1854,"items_purged":["Strike_G","Strike_G"],"score":786,"play_id":"f8ed9ec8-6122-43d3-90ae-bf31b2714e7c","local_time":"20190625125258","is_ascension_mode":true,"campfire_choices":[{"data":"Cloak And Dagger","floor":6,"key":"SMITH"},{"data":"Predator","floor":10,"key":"SMITH"},{"floor":12,"key":"REST"},{"data":"Well Laid Plans","floor":15,"key":"SMITH"},{"floor":23,"key":"REST"},{"data":"Panache","floor":28,"key":"SMITH"},{"data":"Noxious Fumes","floor":30,"key":"SMITH"},{"data":"Leg Sweep","floor":32,"key":"SMITH"}],"neow_cost":"TEN_PERCENT_HP_LOSS","seed_source_timestamp":265108598309480,"circlet_count":0,"master_deck":["AscendersBane","Defend_G","Defend_G","Defend_G","Defend_G","Defend_G","Strike_G","Strike_G","Survivor","Neutralize","Cloak And Dagger+1","Dagger Spray","Panache+1","Dash","Predator+1","Well Laid Plans+1","Dark Shackles","Leg Sweep+1","Noxious Fumes+1","Infinite Blades","Backflip","Backflip"],"relics":["Ring of the Snake","Bottled Lightning","The Specimen","Bronze Scales","Ectoplasm","Red Mask","Meat on the Bone","Omamori","Coffee Dripper"],"potions_floor_usage":[7,16,19,27,33,33,37],"damage_taken":[{"damage":3,"enemies":"Small Slimes","floor":1,"turns":5},{"damage":7,"enemies":"Jaw Worm","floor":2,"turns":9},{"damage":0,"enemies":"Cultist","floor":5,"turns":3},{"damage":5,"enemies":"3 Sentries","floor":7,"turns":6},{"damage":8,"enemies":"Lagavulin","floor":14,"turns":7},{"damage":21,"enemies":"Hexaghost","floor":16,"turns":10},{"damage":8,"enemies":"Chosen","floor":18,"turns":5},{"damage":8,"enemies":"Masked Bandits","floor":19,"turns":3},{"damage":0,"enemies":"Colosseum Slavers","floor":22,"turns":4},{"damage":2,"enemies":"Spheric Guardian","floor":25,"turns":4},{"damage":7,"enemies":"Slavers","floor":27,"turns":4},{"damage":0,"enemies":"Centurion and Healer","floor":29,"turns":5},{"damage":10,"enemies":"Cultist and Chosen","floor":31,"turns":5},{"damage":35,"enemies":"Collector","floor":33,"turns":8},{"damage":28,"enemies":"3 Darklings","floor":35,"turns":5},{"damage":0,"enemies":"3 Shapes","floor":36,"turns":3},{"damage":55,"enemies":"2 Orb Walkers","floor":37,"turns":4}],"seed_played":"-8330940899991858375","potions_obtained":[{"floor":1,"key":"GhostInAJar"},{"floor":5,"key":"PowerPotion"},{"floor":18,"key":"Block Potion"},{"floor":25,"key":"Poison Potion"},{"floor":29,"key":"SpeedPotion"},{"floor":31,"key":"Poison Potion"},{"floor":35,"key":"Block Potion"}],"is_trial":false,"path_per_floor":["M","M","$","?","M","R","E","?","T","R","?","R","$","E","R","B",null,"M","?","$","?","?","R","?","M","T","E","R","M","R","M","R","B",null,"M","M","?"],"character_chosen":"THE_SILENT","items_purchased":["Panache","Dash","Dark Shackles"],"campfire_rested":2,"item_purchase_floors":[3,3,13],"current_hp_per_floor":[56,49,49,42,42,42,37,37,37,37,26,44,44,36,36,15,49,41,33,33,17,17,36,75,73,73,66,66,66,66,56,56,33,65,49,49,0],"gold":30,"neow_bonus":"TWO_FIFTY_GOLD","is_prod":false,"is_daily":false,"chose_seed":false,"campfire_upgraded":6,"win_rate":0,"timestamp":1561459978,"path_taken":["M","M","$","?","M","R","E","?","T","R","?","R","?","E","R","BOSS","M","?","$","?","?","R","?","M","T","E","R","M","R","?","R","BOSS","M","M","?"],"build_version":"2019-01-23","purchased_purges":2,"victory":false,"max_hp_per_floor":[60,60,60,60,60,60,60,60,60,60,60,60,60,60,60,60,60,60,60,60,65,65,65,75,75,75,75,75,75,75,75,75,75,75,75,75,75],"card_choices":[{"not_picked":["Expertise","Accuracy"],"picked":"Cloak And Dagger","floor":1},{"not_picked":["Slice","PiercingWail"],"picked":"Dagger Spray","floor":2},{"not_picked":["Caltrops","Acrobatics"],"picked":"Predator","floor":5},{"not_picked":["Expertise","Setup"],"picked":"Well Laid Plans","floor":7},{"not_picked":["Predator","Masterful Stab"],"picked":"Leg Sweep","floor":14},{"not_picked":["Unload","Doppelganger"],"picked":"Storm of Steel","floor":16},{"not_picked":["Crippling Poison","Deflect+1"],"picked":"Noxious Fumes","floor":18},{"not_picked":["Expertise+1","Backflip"],"picked":"Infinite Blades","floor":19},{"not_picked":["Outmaneuver","Calculated Gamble"],"picked":"Backflip","floor":25},{"not_picked":["Backflip","Glass Knife","Bane"],"picked":"SKIP","floor":27},{"not_picked":["Sucker Punch","Bane"],"picked":"Backflip","floor":29},{"not_picked":["Dash","Outmaneuver","Calculated Gamble"],"picked":"SKIP","floor":31},{"not_picked":["Reflex","Terror","Quick Slash"],"picked":"SKIP","floor":35},{"not_picked":["Flechettes+1","PiercingWail","Deflect"],"picked":"SKIP","floor":36}],"player_experience":660041,"relics_obtained":[{"floor":7,"key":"Bottled Lightning"},{"floor":9,"key":"The Specimen"},{"floor":14,"key":"Bronze Scales"},{"floor":19,"key":"Red Mask"},{"floor":26,"key":"Meat on the Bone"},{"floor":27,"key":"Omamori"}],"event_choices":[{"cards_removed":["Strike_G"],"damage_healed":0,"gold_gain":0,"player_choice":"Card Removal","damage_taken":7,"max_hp_gain":0,"max_hp_loss":0,"event_name":"Golden Wing","floor":4,"gold_loss":0},{"damage_healed":0,"gold_gain":0,"player_choice":"Searched \u00270\u0027 times","damage_taken":0,"max_hp_gain":0,"max_hp_loss":0,"event_name":"Dead Adventurer","floor":8,"gold_loss":0},{"damage_healed":0,"gold_gain":75,"player_choice":"Gather Gold","damage_taken":11,"max_hp_gain":0,"max_hp_loss":0,"event_name":"World of Goop","floor":11,"gold_loss":0},{"damage_healed":0,"gold_gain":0,"player_choice":"Fought Bandits","damage_taken":0,"max_hp_gain":0,"max_hp_loss":0,"event_name":"Masked Bandits","floor":19,"gold_loss":0},{"damage_healed":0,"gold_gain":0,"player_choice":"Shed Blood","damage_taken":21,"max_hp_gain":5,"max_hp_loss":0,"event_name":"Forgotten Altar","floor":21,"gold_loss":0},{"damage_healed":0,"gold_gain":0,"player_choice":"Fight","damage_taken":0,"max_hp_gain":0,"max_hp_loss":0,"event_name":"Colosseum","floor":22,"gold_loss":0},{"damage_healed":0,"gold_gain":0,"player_choice":"Fled From Nobs","damage_taken":0,"max_hp_gain":0,"max_hp_loss":0,"event_name":"Colosseum","floor":22,"gold_loss":0},{"cards_removed":["Storm of Steel"],"damage_healed":29,"gold_gain":0,"player_choice":"Offered Rare","damage_taken":0,"max_hp_gain":10,"max_hp_loss":0,"event_name":"Bonfire Elementals","floor":24,"gold_loss":0},{"damage_healed":0,"gold_gain":0,"player_choice":"Fight","damage_taken":0,"max_hp_gain":0,"max_hp_loss":0,"event_name":"Mysterious Sphere","floor":37,"gold_loss":0}],"is_beta":false,"boss_relics":[{"not_picked":["Tiny House","Black Star"],"picked":"Ectoplasm"},{"not_picked":["Astrolabe","Velvet Choker"],"picked":"Coffee Dripper"}],"items_purged_floors":[13,20],"is_endless":false,"potions_floor_spawned":[1,5,18,25,29,31,35],"killed_by":"2 Orb Walkers","ascension_level":20}