{"gold_per_floor":[117,18,18,18,36,36,54,111,111,111,127,138,313,37,37,137,137,155,169,444,34,52,52,84,102,102,118,118,131,151,163,163,265,265,281,0,11,11,11,11,111,111,137,137,171,189,203,234,234,234],"floor_reached":50,"playtime":4385,"items_purged":["Doubt","Regret"],"score":589,"play_id":"33a2342e-730e-4063-a110-95f0c1b9b7c3","local_time":"20190624213001","is_ascension_mode":false,"campfire_choices":[{"data":"Dualcast","floor":6,"key":"SMITH"},{"floor":10,"key":"REST"},{"floor":15,"key":"REST"},{"floor":23,"key":"REST"},{"floor":28,"key":"REST"},{"floor":32,"key":"REST"},{"floor":40,"key":"REST"},{"floor":49,"key":"REST"}],"neow_cost":"NONE","seed_source_timestamp":1389939863906958,"circlet_count":0,"master_deck":["Strike_B","Strike_B","Strike_B","Strike_B","Defend_B+1","Defend_B","Defend_B","Defend_B","Zap","Dualcast+1","Go for the Eyes","Static Discharge+1","Compile Driver","Darkness","Streamline","Coolheaded","Conserve Battery","Ball Lightning","Ball Lightning","Hyperbeam","Conserve Battery+1","Redo","Melter","Lockon","Redo","Stack","Capacitor","Auto Shields","Cold Snap+1","Go for the Eyes","Capacitor","Hello World+1","Biased Cognition","Barrage+1","Ball Lightning","Panacea","Good Instincts","Doom and Gloom+1","White Noise+1","Self Repair+1","Cold Snap","Redo+1","Steam+1"],"relics":["Cracked Core","Mercury Hourglass","Pear","Anchor","Fusion Hammer","Bronze Scales","Bottled Tornado","Dead Branch","Lizard Tail","Red Mask","Calipers","Dream Catcher","Darkstone Periapt","Art of War","Toxic Egg 2"],"potions_floor_usage":[33,35,45,45,45,47],"damage_taken":[{"damage":2,"enemies":"2 Louse","floor":1,"turns":2},{"damage":3,"enemies":"Jaw Worm","floor":5,"turns":2},{"damage":3,"enemies":"Small Slimes","floor":7,"turns":4},{"damage":41,"enemies":"3 Sentries","floor":8,"turns":7},{"damage":0,"enemies":"Looter","floor":11,"turns":2},{"damage":5,"enemies":"2 Fungi Beasts","floor":12,"turns":3},{"damage":33,"enemies":"Slime Boss","floor":16,"turns":6},{"damage":3,"enemies":"Shell Parasite","floor":18,"turns":3},{"damage":5,"enemies":"Spheric Guardian","floor":19,"turns":3},{"damage":12,"enemies":"Shelled Parasite and Fungi","floor":22,"turns":3},{"damage":35,"enemies":"Slavers","floor":24,"turns":3},{"damage":12,"enemies":"Centurion and Healer","floor":25,"turns":3},{"damage":6,"enemies":"Snake Plant","floor":27,"turns":3},{"damage":5,"enemies":"Cultist and Chosen","floor":29,"turns":4},{"damage":2,"enemies":"Centurion and Healer","floor":30,"turns":6},{"damage":5,"enemies":"Chosen and Byrds","floor":31,"turns":4},{"damage":64,"enemies":"Collector","floor":33,"turns":8},{"damage":13,"enemies":"3 Darklings","floor":35,"turns":4},{"damage":8,"enemies":"Orb Walker","floor":37,"turns":2},{"damage":9,"enemies":"Mind Bloom Boss Battle","floor":41,"turns":5},{"damage":35,"enemies":"Nemesis","floor":45,"turns":7},{"damage":12,"enemies":"Transient","floor":46,"turns":5},{"damage":0,"enemies":"Sphere and 2 Shapes","floor":47,"turns":3},{"damage":17,"enemies":"Giant Head","floor":48,"turns":8},{"damage":118,"enemies":"Awakened One","floor":50,"turns":7}],"seed_played":"7343685233786448097","potions_obtained":[{"floor":1,"key":"Poison Potion"},{"floor":11,"key":"LiquidBronze"},{"floor":12,"key":"Poison Potion"},{"floor":19,"key":"Energy Potion"},{"floor":29,"key":"FocusPotion"},{"floor":33,"key":"Fire Potion"},{"floor":35,"key":"SpeedPotion"},{"floor":37,"key":"Block Potion"},{"floor":45,"key":"Explosive Potion"}],"is_trial":false,"path_per_floor":["M","$","?","?","M","R","M","?","T","R","M","M","?","$","R","B",null,"M","M","?","$","M","R","E","M","T","M","R","M","M","M","R","B",null,"M","?","M","?","?","R","?","?","T","T","E","M","M","E","R","B"],"character_chosen":"DEFECT","items_purchased":["Static Discharge","Compile Driver","Anchor","Ball Lightning","Melter","Lockon","Bronze Scales","Redo"],"campfire_rested":7,"item_purchase_floors":[2,2,14,14,21,21,21,21],"current_hp_per_floor":[80,80,64,82,79,79,76,35,45,72,72,67,67,67,92,59,92,89,84,84,84,72,92,57,45,45,39,66,61,59,54,81,17,92,79,79,71,66,66,92,83,83,83,83,48,36,46,29,55,0],"gold":234,"neow_bonus":"TEN_PERCENT_HP_BONUS","is_prod":false,"is_daily":false,"chose_seed":false,"campfire_upgraded":1,"win_rate":0,"timestamp":1561426201,"path_taken":["M","$","?","?","M","R","M","?","T","R","M","M","?","?","R","BOSS","M","M","?","?","M","R","E","M","T","M","R","?","M","M","R","BOSS","M","?","M","?","?","R","?","?","T","?","E","?","M","E","R","BOSS"],"build_version":"2019-01-23","purchased_purges":2,"victory":false,"max_hp_per_floor":[82,82,82,82,82,82,82,82,92,92,92,92,92,92,92,92,92,92,92,92,92,92,92,92,92,92,92,92,92,92,92,92,92,92,92,92,92,92,92,92,92,87,87,87,87,87,87,87,87,87],"card_choices":[{"not_picked":["Skim","Compile Driver"],"picked":"Go for the Eyes","floor":1},{"not_picked":["White Noise","Steam"],"picked":"Darkness","floor":5},{"not_picked":["Double Energy","Hologram"],"picked":"Streamline","floor":7},{"not_picked":["Chill","Go for the Eyes"],"picked":"Coolheaded","floor":8},{"not_picked":["Beam Cell","Genetic Algorithm"],"picked":"Conserve Battery","floor":11},{"not_picked":["Tempest","Scrape"],"picked":"Ball Lightning","floor":12},{"not_picked":["Electrodynamics","Echo Form"],"picked":"Hyperbeam","floor":16},{"not_picked":["Sunder","Compile Driver"],"picked":"Conserve Battery+1","floor":18},{"not_picked":["Gash","Rebound+1"],"picked":"Redo","floor":19},{"not_picked":["Coolheaded","Reinforced Body"],"picked":"Stack","floor":22},{"not_picked":["Ball Lightning+1","Storm"],"picked":"Capacitor","floor":24},{"not_picked":["Hologram+1","Steam Power"],"picked":"Auto Shields","floor":25},{"not_picked":["Conserve Battery+1","Steam"],"picked":"Cold Snap+1","floor":27},{"not_picked":["Heatsinks","Steam+1"],"picked":"Go for the Eyes","floor":29},{"not_picked":["Redo","Hologram"],"picked":"Capacitor","floor":30},{"not_picked":["Turbo","Streamline"],"picked":"Hello World+1","floor":31},{"not_picked":["Thunder Strike","Core Surge"],"picked":"Biased Cognition","floor":33},{"not_picked":["Turbo+1","Beam Cell"],"picked":"Barrage+1","floor":35},{"not_picked":["Redo","Rebound"],"picked":"Ball Lightning","floor":37},{"not_picked":["Jack Of All Trades","Purity"],"picked":"Panacea","floor":38},{"not_picked":["Magnetism","Panacea"],"picked":"Good Instincts","floor":38},{"not_picked":["Conserve Battery","Static Discharge+1"],"picked":"Doom and Gloom+1","floor":41},{"not_picked":["Coolheaded","Biased Cognition"],"picked":"White Noise+1","floor":45},{"not_picked":["Leap+1","Recycle+1"],"picked":"Self Repair+1","floor":46},{"not_picked":["Force Field+1","Sweeping Beam"],"picked":"Cold Snap","floor":47},{"not_picked":["Core Surge","Turbo+1"],"picked":"Redo+1","floor":48},{"not_picked":["Barrage+1","Conserve Battery+1"],"picked":"Steam+1","floor":49}],"player_experience":1211199,"relics_obtained":[{"floor":8,"key":"Mercury Hourglass"},{"floor":9,"key":"Pear"},{"floor":24,"key":"Bottled Tornado"},{"floor":26,"key":"Dead Branch"},{"floor":41,"key":"Calipers"},{"floor":43,"key":"Dream Catcher"},{"floor":44,"key":"Darkstone Periapt"},{"floor":45,"key":"Art of War"},{"floor":48,"key":"Toxic Egg 2"}],"event_choices":[{"damage_healed":0,"gold_gain":0,"player_choice":"Entered Light","damage_taken":16,"max_hp_gain":0,"max_hp_loss":0,"event_name":"Shining Light","floor":3,"gold_loss":0,"cards_upgraded":["Static Discharge","Defend_B"]},{"damage_healed":27,"gold_gain":0,"player_choice":"Banana","damage_taken":0,"max_hp_gain":0,"max_hp_loss":0,"event_name":"Big Fish","floor":4,"gold_loss":0},{"damage_healed":0,"gold_gain":0,"player_choice":"Searched \u00271\u0027 times","damage_taken":0,"max_hp_gain":0,"max_hp_loss":0,"event_name":"Dead Adventurer","floor":8,"gold_loss":0},{"damage_healed":0,"gold_gain":175,"player_choice":"AGREE","damage_taken":0,"max_hp_gain":0,"max_hp_loss":0,"event_name":"Liars Game","floor":13,"gold_loss":0,"cards_obtained":["Doubt"]},{"damage_healed":0,"gold_gain":275,"player_choice":"Desecrate","damage_taken":0,"max_hp_gain":0,"max_hp_loss":0,"event_name":"Golden Shrine","floor":20,"gold_loss":0,"cards_obtained":["Regret"]},{"damage_healed":0,"gold_gain":0,"player_choice":"Paid","damage_taken":0,"relics_obtained":["Red Mask"],"max_hp_gain":0,"max_hp_loss":0,"event_name":"Tomb of Lord Red Mask","floor":36,"gold_loss":281},{"damage_healed":0,"gold_gain":0,"player_choice":"Memory 2","damage_taken":5,"max_hp_gain":0,"max_hp_loss":0,"event_name":"SensoryStone","floor":38,"gold_loss":0},{"damage_healed":0,"gold_gain":0,"player_choice":"Ignored","damage_taken":0,"max_hp_gain":0,"max_hp_loss":0,"event_name":"Mysterious Sphere","floor":39,"gold_loss":0},{"damage_healed":0,"gold_gain":0,"player_choice":"Fight","damage_taken":0,"max_hp_gain":0,"max_hp_loss":0,"event_name":"MindBloom","floor":41,"gold_loss":0},{"damage_healed":0,"gold_gain":0,"player_choice":"Max HP","damage_taken":0,"max_hp_gain":0,"max_hp_loss":5,"event_name":"Winding Halls","floor":42,"gold_loss":0}],"is_beta":false,"boss_relics":[{"not_picked":["Runic Dome","White Beast Statue"],"picked":"Fusion Hammer"},{"not_picked":["Tiny House","FrozenCore"],"picked":"Lizard Tail"}],"items_purged_floors":[14,21],"is_endless":false,"potions_floor_spawned":[1,11,12,16,19,25,29,31,33,35,37,45],"killed_by":"Awakened One","ascension_level":0}