{"gold_per_floor":[111,111,111,135,135,166,200,200,200,231,245,280,280],"floor_reached":13,"playtime":282,"items_purged":[],"score":252,"play_id":"d7429b00-621d-40bb-b388-cdd6af5d1495","local_time":"20190606195846","is_ascension_mode":true,"campfire_choices":[{"data":"Zap","floor":8.0,"key":"SMITH"}],"neow_cost":"NONE","seed_source_timestamp":1501745356883,"circlet_count":0,"master_deck":["AscendersBane","Strike_B","Strike_B+1","Strike_B+1","Strike_B","Defend_B","Defend_B","Defend_B","Defend_B","Zap+1","Dualcast","Conserve Battery","FTL+1","Cold Snap+1","Self Repair","Chaos","Beam Cell+1"],"special_seed":0,"relics":["Cracked Core","NeowsBlessing","Golden Idol","Molten Egg 2","Odd Mushroom","Symbiotic Virus","Ornamental Fan","Mummified Hand"],"potions_floor_usage":[],"damage_taken":[{"damage":0.0,"enemies":"Jaw Worm","floor":1.0,"turns":1.0},{"damage":0.0,"enemies":"2 Louse","floor":4.0,"turns":1.0},{"damage":0.0,"enemies":"3 Sentries","floor":6.0,"turns":1.0},{"damage":11.0,"enemies":"The Mushroom Lair","floor":7.0,"turns":4.0},{"damage":19.0,"enemies":"Lagavulin","floor":10.0,"turns":5.0},{"damage":2.0,"enemies":"Small Slimes","floor":11.0,"turns":3.0},{"damage":19.0,"enemies":"3 Sentries","floor":12.0,"turns":8.0},{"damage":13,"enemies":"Exordium Thugs","floor":13,"turns":2}],"seed_played":"-7230866377036952158","potions_obtained":[{"floor":1.0,"key":"Swift Potion"},{"floor":10.0,"key":"SkillPotion"},{"floor":12.0,"key":"Block Potion"}],"is_trial":false,"path_per_floor":["M","?","?","M","?","E","?","R","T","E","M","E","M"],"character_chosen":"DEFECT","items_purchased":[],"campfire_rested":0,"item_purchase_floors":[],"current_hp_per_floor":[64,64,69,69,48,48,37,37,37,18,23,11,0],"gold":280,"neow_bonus":"THREE_ENEMY_KILL","is_prod":false,"is_daily":false,"chose_seed":false,"campfire_upgraded":1,"win_rate":0,"timestamp":1559843926,"path_taken":["M","?","?","M","?","E","?","R","T","E","M","E","?"],"build_version":"2019-06-05","purchased_purges":0,"victory":false,"max_hp_per_floor":[71,64,69,69,69,69,69,69,69,69,69,69,69],"card_choices":[{"not_picked":["Scrape","Streamline"],"picked":"Conserve Battery","floor":1.0},{"not_picked":["Coolheaded","Barrage","Steam Power"],"picked":"SKIP","floor":4.0},{"not_picked":["Streamline","Chill"],"picked":"FTL","floor":6.0},{"not_picked":["Turbo","Creative AI"],"picked":"Cold Snap+1","floor":7.0},{"not_picked":["Skim","Redo"],"picked":"Self Repair","floor":10.0},{"not_picked":["Leap","Redo"],"picked":"Chaos","floor":11.0},{"not_picked":["Coolheaded","Gash+1"],"picked":"Beam Cell+1","floor":12.0}],"player_experience":1679739,"relics_obtained":[{"floor":6.0,"key":"Molten Egg 2"},{"floor":7.0,"key":"Odd Mushroom"},{"floor":9.0,"key":"Symbiotic Virus"},{"floor":10.0,"key":"Ornamental Fan"},{"floor":12.0,"key":"Mummified Hand"}],"event_choices":[{"damage_healed":0.0,"max_hp_gain":0.0,"max_hp_loss":7.0,"gold_gain":0.0,"event_name":"Golden Idol","player_choice":"Lose Max HP","floor":2.0,"gold_loss":0.0,"damage_taken":0.0,"relics_obtained":["Golden Idol"]},{"damage_healed":0.0,"max_hp_gain":5.0,"max_hp_loss":0.0,"gold_gain":0.0,"event_name":"Big Fish","player_choice":"Donut","floor":3.0,"gold_loss":0.0,"damage_taken":0.0},{"damage_healed":0.0,"max_hp_gain":0.0,"max_hp_loss":0.0,"gold_gain":0.0,"event_name":"Shining Light","player_choice":"Entered Light","floor":5.0,"gold_loss":0.0,"damage_taken":21.0,"cards_upgraded":["Strike_B","Strike_B"]},{"damage_healed":0.0,"max_hp_gain":0.0,"max_hp_loss":0.0,"gold_gain":0.0,"event_name":"Mushrooms","player_choice":"Fought Mushrooms","floor":7.0,"gold_loss":0.0,"damage_taken":0.0}],"is_beta":true,"boss_relics":[],"items_purged_floors":[],"is_endless":false,"potions_floor_spawned":[1,10,12],"killed_by":"Exordium Thugs","ascension_level":20}