{"gold_per_floor":[118,118,118,132,150,150,165,165,211,486,510,553,553,568,568,688,688,704,718,732,757,737,773,773,807,819,831,866,917,947,959],"floor_reached":31,"playtime":734,"items_purged":[],"score":347,"play_id":"af922d85-e7f5-4ef1-ac47-36e6c273cf5f","local_time":"20190607162033","is_ascension_mode":false,"campfire_choices":[{"data":"Bash","floor":6,"key":"SMITH"},{"data":"Sword Boomerang","floor":8,"key":"SMITH"},{"data":"Perfected Strike","floor":13,"key":"SMITH"},{"data":"Whirlwind","floor":15,"key":"SMITH"},{"data":"Double Tap","floor":24,"key":"SMITH"},{"floor":27,"key":"REST"}],"neow_cost":"NONE","seed_source_timestamp":233793589654451,"circlet_count":0,"master_deck":["Strike_R","Strike_R","Strike_R","Strike_R","Defend_R","Defend_R","Defend_R","Defend_R","Bash+1","Cleave","Pommel Strike","Ghostly Armor","Sword Boomerang+1","Regret","Twin Strike+1","Perfected Strike+1","Whirlwind+1","Demon Form","Twin Strike+1","Double Tap+1","Perfected Strike","Rage+1"],"special_seed":0,"relics":["Velvet Choker","Golden Idol","Vajra","Happy Flower","Black Star","Bag of Preparation","Ornamental Fan","Smiling Mask","MawBank","Bottled Lightning","Boot","Gremlin Horn","Whetstone"],"potions_floor_usage":[12,20,23,28,30],"damage_taken":[{"damage":0.0,"enemies":"2 Louse","floor":1.0,"turns":2.0},{"damage":1,"enemies":"Cultist","floor":4,"turns":3},{"damage":0,"enemies":"Small Slimes","floor":5,"turns":2},{"damage":23,"enemies":"Exordium Wildlife","floor":7,"turns":4},{"damage":3,"enemies":"Gremlin Gang","floor":11,"turns":4},{"damage":15,"enemies":"Gremlin Nob","floor":12,"turns":3},{"damage":0,"enemies":"Looter","floor":14,"turns":2},{"damage":0,"enemies":"Slime Boss","floor":16,"turns":3},{"damage":3,"enemies":"3 Byrds","floor":18,"turns":3},{"damage":9,"enemies":"Spheric Guardian","floor":19,"turns":3},{"damage":18,"enemies":"Snecko","floor":20,"turns":4},{"damage":11,"enemies":"Gremlin Leader","floor":23,"turns":4},{"damage":38,"enemies":"Book of Stabbing","floor":25,"turns":5},{"damage":8,"enemies":"Shelled Parasite and Fungi","floor":28,"turns":2},{"damage":14,"enemies":"Gremlin Leader","floor":29,"turns":2},{"damage":9,"enemies":"Cultist and Chosen","floor":30,"turns":4},{"damage":4,"enemies":"Chosen and Byrds","floor":31,"turns":1}],"seed_played":"6268079937519547543","potions_obtained":[{"floor":4,"key":"Dexterity Potion"},{"floor":7,"key":"Poison Potion"},{"floor":12,"key":"Explosive Potion"},{"floor":14,"key":"Energy Potion"},{"floor":16,"key":"Regen Potion"},{"floor":19,"key":"PowerPotion"},{"floor":22,"key":"Ancient Potion"},{"floor":29,"key":"FearPotion"},{"floor":30,"key":"EssenceOfSteel"}],"is_trial":false,"path_per_floor":["M","?","?","M","M","R","M","R","T","?","M","E","R","M","R","B",null,"M","M","M","T","?","E","R","E","T","R","M","E","M","M"],"character_chosen":"IRONCLAD","items_purchased":[],"campfire_rested":1,"item_purchase_floors":[],"current_hp_per_floor":[80,60,53,52,52,52,29,29,29,29,26,11,11,11,11,11,80,77,68,59,59,59,48,48,10,10,34,26,12,3,0],"gold":959,"neow_bonus":"BOSS_RELIC","is_prod":false,"is_daily":false,"chose_seed":false,"campfire_upgraded":5,"win_rate":0,"timestamp":1559917233,"path_taken":["M","?","?","M","M","R","M","R","T","?","M","E","R","M","R","BOSS","M","M","M","?","?","E","R","E","T","R","M","E","?","M"],"build_version":"2019-01-23","purchased_purges":0,"victory":false,"max_hp_per_floor":[80,80,80,80,80,80,80,80,80,80,80,80,80,80,80,80,80,80,80,80,80,80,80,80,80,80,80,80,80,80,80],"card_choices":[{"not_picked":["Seeing Red","Havoc"],"picked":"Cleave","floor":1.0},{"not_picked":["Body Slam","Armaments"],"picked":"Pommel Strike","floor":4},{"not_picked":["Hemokinesis","Armaments"],"picked":"Ghostly Armor","floor":5},{"not_picked":["Intimidate","Sentinel"],"picked":"Sword Boomerang","floor":7},{"not_picked":["Pommel Strike","Armaments"],"picked":"Twin Strike","floor":11},{"not_picked":["Inflame","Entrench"],"picked":"Perfected Strike","floor":12},{"not_picked":["Anger","Headbutt"],"picked":"Whirlwind","floor":14},{"not_picked":["Bludgeon","Dark Embrace"],"picked":"Demon Form","floor":16},{"not_picked":["Warcry+1","Dual Wield"],"picked":"Twin Strike","floor":18},{"not_picked":["True Grit","Sword Boomerang+1","Clothesline"],"picked":"SKIP","floor":19},{"not_picked":["Cleave","Wild Strike"],"picked":"Double Tap","floor":20},{"not_picked":["Ghostly Armor","Burning Pact+1","Heavy Blade"],"picked":"SKIP","floor":23},{"not_picked":["Thunderclap","Clash","Headbutt"],"picked":"SKIP","floor":25},{"not_picked":["Searing Blow","Warcry"],"picked":"Perfected Strike","floor":28},{"not_picked":["Infernal Blade","Bloodletting","Rupture"],"picked":"SKIP","floor":29},{"not_picked":["Sword Boomerang","Anger"],"picked":"Rage+1","floor":30}],"player_experience":539373,"relics_obtained":[{"floor":9,"key":"Vajra"},{"floor":12,"key":"Happy Flower"},{"floor":21,"key":"Bag of Preparation"},{"floor":23,"key":"Ornamental Fan"},{"floor":23,"key":"Smiling Mask"},{"floor":25,"key":"MawBank"},{"floor":25,"key":"Bottled Lightning"},{"floor":26,"key":"Boot"},{"floor":29,"key":"Gremlin Horn"},{"floor":29,"key":"Whetstone"}],"event_choices":[{"damage_healed":0.0,"max_hp_gain":0.0,"max_hp_loss":0.0,"gold_gain":0.0,"event_name":"Golden Idol","player_choice":"Take Damage","floor":2.0,"gold_loss":0.0,"damage_taken":20.0,"relics_obtained":["Golden Idol"]},{"cards_removed":["Strike_R"],"damage_healed":0,"gold_gain":0,"player_choice":"Card Removal","damage_taken":7,"max_hp_gain":0,"max_hp_loss":0,"event_name":"Golden Wing","floor":3,"gold_loss":0},{"damage_healed":0,"gold_gain":275,"player_choice":"Desecrate","damage_taken":0,"max_hp_gain":0,"max_hp_loss":0,"event_name":"Golden Shrine","floor":10,"gold_loss":0,"cards_obtained":["Regret"]},{"damage_healed":0,"gold_gain":0,"player_choice":"Bought 1 Potion","damage_taken":0,"max_hp_gain":0,"max_hp_loss":0,"event_name":"The Woman in Blue","floor":22,"gold_loss":0}],"is_beta":false,"boss_relics":[{"not_picked":["Coffee Dripper","Calling Bell"],"picked":"Black Star"}],"items_purged_floors":[],"is_endless":false,"potions_floor_spawned":[4,7,12,14,16,19,29,30],"killed_by":"Chosen and Byrds","ascension_level":0}