{"gold_per_floor":[110,124,49,61,71,71,71,71,71,106,123,123,123,135,135,135],"floor_reached":16,"playtime":369,"items_purged":["Defend_B"],"score":204,"play_id":"e687b498-ecdb-44c6-ac8d-af2777c1396f","local_time":"20190530174724","is_ascension_mode":true,"campfire_choices":[{"data":"Zap","floor":6,"key":"SMITH"},{"floor":8,"key":"REST"},{"floor":13,"key":"REST"},{"data":"Creative AI","floor":15,"key":"SMITH"}],"neow_cost":"NONE","seed_source_timestamp":4461190685869,"circlet_count":0,"master_deck":["AscendersBane","Strike_B","Strike_B+1","Strike_B","Strike_B","Defend_B","Defend_B","Defend_B","Zap+1","Dualcast","Leap","Coolheaded","Melter+1","Undo","Creative AI+1","White Noise+1","Leap+1"],"relics":["Philosopher\u0027s Stone","Regal Pillow","Toxic Egg 2","CultistMask"],"potions_floor_usage":[],"damage_taken":[{"damage":0,"enemies":"Cultist","floor":1,"turns":3},{"damage":3,"enemies":"2 Louse","floor":2,"turns":4},{"damage":4,"enemies":"Small Slimes","floor":4,"turns":3},{"damage":7,"enemies":"Red Slaver","floor":5,"turns":5},{"damage":24,"enemies":"Lagavulin","floor":10,"turns":8},{"damage":7,"enemies":"2 Fungi Beasts","floor":11,"turns":4},{"damage":2,"enemies":"Looter","floor":14,"turns":4},{"damage":55,"enemies":"Hexaghost","floor":16,"turns":9}],"seed_played":"-3109272514891332559","potions_obtained":[{"floor":5,"key":"GamblersBrew"},{"floor":10,"key":"Strength Potion"}],"is_trial":false,"path_per_floor":["M","M","$","M","M","R","?","R","T","E","M","?","R","M","R","B"],"character_chosen":"DEFECT","items_purchased":[],"campfire_rested":2,"item_purchase_floors":[],"current_hp_per_floor":[64,61,61,57,50,50,29,50,50,26,19,19,55,53,53,0],"gold":135,"neow_bonus":"BOSS_RELIC","is_prod":false,"is_daily":false,"chose_seed":false,"campfire_upgraded":2,"win_rate":0,"timestamp":1559231244,"path_taken":["M","M","$","?","M","R","?","R","T","E","M","?","R","M","R","BOSS"],"build_version":"2019-05-28","purchased_purges":1,"victory":false,"max_hp_per_floor":[71,71,71,71,71,71,71,71,71,71,71,71,71,71,71,71],"card_choices":[{"not_picked":["Streamline","Darkness"],"picked":"Leap","floor":1},{"not_picked":["Blizzard","Darkness"],"picked":"Coolheaded","floor":2},{"not_picked":["Go for the Eyes","Rebound"],"picked":"Melter","floor":4},{"not_picked":["Barrage","Force Field"],"picked":"Undo","floor":5},{"not_picked":["Darkness","Capacitor"],"picked":"Creative AI","floor":10},{"not_picked":["Sweeping Beam","Coolheaded+1"],"picked":"White Noise+1","floor":11},{"not_picked":["Go for the Eyes","Hello World"],"picked":"Leap+1","floor":14}],"player_experience":1622008,"relics_obtained":[{"floor":9,"key":"Regal Pillow"},{"floor":10,"key":"Toxic Egg 2"}],"event_choices":[{"damage_healed":0,"gold_gain":0,"player_choice":"Entered Light","damage_taken":21,"max_hp_gain":0,"max_hp_loss":0,"event_name":"Shining Light","floor":7,"gold_loss":0,"cards_upgraded":["Strike_B","Melter"]},{"damage_healed":0,"gold_gain":0,"player_choice":"Trade","damage_taken":0,"relics_obtained":["CultistMask"],"max_hp_gain":0,"max_hp_loss":0,"event_name":"FaceTrader","floor":12,"gold_loss":0}],"is_beta":true,"boss_relics":[],"items_purged_floors":[3],"is_endless":false,"potions_floor_spawned":[5,10,14],"killed_by":"Hexaghost","ascension_level":20}