{"gold_per_floor":[113,113,63,63,81,112,112,112,193,193,211,211,386,400,400,497,497,516,528,528,42,0,0,12,12,58,69,69,79,79,90,90,90],"floor_reached":33,"playtime":3793,"items_purged":["Decay"],"score":245,"play_id":"72de0e4d-3966-4515-ac53-ccb04f2cfc21","local_time":"20190611220656","is_ascension_mode":false,"campfire_choices":[{"data":"Crippling Poison","floor":7,"key":"SMITH"},{"floor":10,"key":"REST"},{"floor":12,"key":"REST"},{"floor":15,"key":"REST"},{"floor":23,"key":"REST"},{"floor":25,"key":"REST"},{"floor":32,"key":"REST"}],"neow_cost":"NONE","seed_source_timestamp":269569943703828,"circlet_count":0,"master_deck":["Defend_G","Defend_G","Defend_G","Defend_G","Defend_G","Strike_G","Strike_G","Strike_G","Survivor","Neutralize","Tactician","Catalyst","Neutralize","Flying Knee","Crippling Poison+1","Deadly Poison","Doubt","Choke","Malaise","Doubt","Decay","Backflip+1","Bane+1","Noxious Fumes","Master of Strategy","Underhanded Strike","Catalyst","PiercingWail","Bane+1"],"relics":["Ring of the Snake","Juzu Bracelet","Question Card","Pear","Dodecahedron","Calling Bell","Ancient Tea Set","Mummified Hand","Torii","Nilry\u0027s Codex","PreservedInsect","Blood Vial","Bottled Lightning"],"potions_floor_usage":[6,6,27,27,33],"damage_taken":[{"damage":0,"enemies":"Jaw Worm","floor":1,"turns":5},{"damage":0,"enemies":"Small Slimes","floor":5,"turns":5},{"damage":29,"enemies":"3 Sentries","floor":6,"turns":10},{"damage":1,"enemies":"2 Louse","floor":11,"turns":2},{"damage":1,"enemies":"Red Slaver","floor":14,"turns":3},{"damage":51,"enemies":"The Guardian","floor":16,"turns":9},{"damage":18,"enemies":"3 Byrds","floor":18,"turns":6},{"damage":34,"enemies":"Chosen","floor":19,"turns":7},{"damage":9,"enemies":"3 Cultists","floor":24,"turns":5},{"damage":18,"enemies":"Snecko","floor":27,"turns":7},{"damage":17,"enemies":"Snake Plant","floor":29,"turns":4},{"damage":2,"enemies":"Centurion and Healer","floor":31,"turns":7},{"damage":58,"enemies":"Automaton","floor":33,"turns":6}],"seed_played":"8827661240095514645","potions_obtained":[{"floor":1,"key":"Swift Potion"},{"floor":5,"key":"Explosive Potion"},{"floor":18,"key":"Energy Potion"},{"floor":24,"key":"Explosive Potion"},{"floor":31,"key":"Ancient Potion"}],"is_trial":false,"path_per_floor":["M","?","?","?","M","E","R","?","T","R","M","R","?","M","R","B",null,"M","M","?","$","?","R","M","R","T","M","?","M","T","M","R","B"],"character_chosen":"THE_SILENT","items_purchased":["PreservedInsect","Noxious Fumes","Master of Strategy"],"campfire_rested":6,"item_purchase_floors":[21,21,21],"current_hp_per_floor":[70,67,67,67,67,48,48,48,48,72,71,80,80,79,80,29,80,62,28,12,12,12,36,27,51,51,35,35,20,20,20,44,0],"gold":90,"neow_bonus":"RANDOM_COMMON_RELIC","is_prod":false,"is_daily":false,"chose_seed":false,"campfire_upgraded":1,"win_rate":0.0,"timestamp":1560305216,"path_taken":["M","?","?","?","M","E","R","?","T","R","M","R","?","M","R","BOSS","M","M","?","$","?","R","M","R","T","M","?","M","?","M","R","BOSS"],"build_version":"2019-01-23","purchased_purges":1,"victory":false,"max_hp_per_floor":[70,70,70,70,70,80,80,80,80,80,80,80,80,80,80,80,80,80,80,80,80,80,80,80,80,80,80,80,80,80,80,80,80],"card_choices":[{"not_picked":["Setup","Well Laid Plans"],"picked":"Tactician","floor":1},{"not_picked":["Prepared","Quick Slash","Blade Dance"],"picked":"Flying Knee","floor":5},{"not_picked":["Deflect","Dagger Throw","PiercingWail"],"picked":"Crippling Poison","floor":6},{"not_picked":["Glass Knife","Deflect","Eviscerate"],"picked":"Deadly Poison","floor":11},{"not_picked":["PiercingWail","Acrobatics","Well Laid Plans"],"picked":"Choke","floor":14},{"not_picked":["Wraith Form v2","Venomology","Glass Knife"],"picked":"Malaise","floor":16},{"not_picked":["Distraction","Deflect","Setup"],"picked":"Backflip+1","floor":18},{"not_picked":["Prepared+1","Malaise","Backflip"],"picked":"Bane+1","floor":19},{"not_picked":["Cloak And Dagger","Slice","Eviscerate"],"picked":"Underhanded Strike","floor":24},{"not_picked":["Caltrops","Underhanded Strike","A Thousand Cuts"],"picked":"Catalyst","floor":27},{"not_picked":["Quick Slash","Acrobatics","Outmaneuver"],"picked":"PiercingWail","floor":29},{"not_picked":["Backstab","Caltrops","Heel Hook"],"picked":"Bane+1","floor":31}],"player_experience":1122734,"relics_obtained":[{"floor":6,"key":"Pear"},{"floor":9,"key":"Dodecahedron"},{"floor":17,"key":"Ancient Tea Set"},{"floor":17,"key":"Mummified Hand"},{"floor":17,"key":"Torii"},{"floor":20,"key":"Nilry\u0027s Codex"},{"floor":26,"key":"Blood Vial"},{"floor":30,"key":"Bottled Lightning"}],"event_choices":[{"damage_healed":0,"gold_gain":0,"player_choice":"Success","damage_taken":3,"relics_obtained":["Question Card"],"max_hp_gain":0,"max_hp_loss":0,"event_name":"Scrap Ooze","floor":2,"gold_loss":0},{"cards_removed":["Strike_G"],"damage_healed":0,"gold_gain":0,"player_choice":"Card Removal","damage_taken":0,"max_hp_gain":0,"max_hp_loss":0,"event_name":"The Cleric","floor":3,"gold_loss":50},{"damage_healed":0,"gold_gain":0,"player_choice":"2 cards matched","damage_taken":0,"max_hp_gain":0,"max_hp_loss":0,"event_name":"Match and Keep!","floor":4,"gold_loss":0,"cards_obtained":["Catalyst","Neutralize"]},{"cards_removed":["Strike_G"],"damage_healed":0,"gold_gain":0,"player_choice":"Forget","damage_taken":0,"max_hp_gain":0,"max_hp_loss":0,"event_name":"Living Wall","floor":8,"gold_loss":0},{"damage_healed":0,"gold_gain":175,"player_choice":"AGREE","damage_taken":0,"max_hp_gain":0,"max_hp_loss":0,"event_name":"Liars Game","floor":13,"gold_loss":0,"cards_obtained":["Doubt"]},{"damage_healed":0,"gold_gain":0,"player_choice":"Obtained Book","damage_taken":16,"max_hp_gain":0,"max_hp_loss":0,"event_name":"Cursed Tome","floor":20,"gold_loss":0},{"damage_healed":0,"gold_gain":0,"player_choice":"Paid Fearfully","damage_taken":0,"max_hp_gain":0,"max_hp_loss":0,"event_name":"Masked Bandits","floor":22,"gold_loss":42},{"damage_healed":0,"gold_gain":0,"player_choice":"Ignored","damage_taken":0,"max_hp_gain":0,"max_hp_loss":0,"event_name":"Beggar","floor":28,"gold_loss":0}],"is_beta":false,"boss_relics":[{"not_picked":["Runic Dome","Runic Pyramid"],"picked":"Calling Bell"}],"items_purged_floors":[21],"is_endless":false,"potions_floor_spawned":[1,5,18,24,31],"killed_by":"Automaton","ascension_level":0}