{"gold_per_floor":[367,378,388,388,71,106,106,140,166,166,193,193,206,54,54,158,158,171,183,201,24,35,35,48,48,48,79,79,79,6,36,36,137,137,150,170,184,535,550,550,565,584,584,616,616,649,649,669,669,669,669,669,38,73,73],"floor_reached":55,"playtime":1879,"items_purged":["Regret","Strike_B","Strike_B"],"score":929,"play_id":"b404dfbd-cb87-4d92-b3c8-d1c8e1bdb1c7","local_time":"20190530203338","is_ascension_mode":true,"campfire_choices":[{"data":"Zap","floor":7.0,"key":"SMITH"},{"data":"Go for the Eyes","floor":10.0,"key":"SMITH"},{"floor":12.0,"key":"REST"},{"data":"Capacitor","floor":15.0,"key":"SMITH"},{"floor":23.0,"key":"REST"},{"data":"Coolheaded","floor":25.0,"key":"SMITH"},{"data":"Biased Cognition","floor":32,"key":"SMITH"},{"data":"Hologram","floor":40,"key":"SMITH"},{"floor":47,"key":"REST"},{"floor":49,"key":"RECALL"},{"data":"Dualcast","floor":52,"key":"SMITH"}],"neow_cost":"TEN_PERCENT_HP_LOSS","seed_source_timestamp":12911218788962,"circlet_count":0,"master_deck":["Strike_B","Strike_B","Defend_B","Defend_B","Defend_B","Defend_B","Zap+1","Dualcast+1","Compile Driver","Conserve Battery","Ball Lightning","Go for the Eyes+1","Capacitor+1","Biased Cognition+1","All For One","Beam Cell+1","Auto Shields","FTL","Hologram+1","Coolheaded+1","Gash","BootSequence+1","Chill+1","Fission+1","Coolheaded+1","Seek+1","Coolheaded+1","All For One"],"special_seed":0,"relics":["Cracked Core","Vajra","Mummified Hand","Regal Pillow","Singing Bowl","Bag of Preparation","Omamori","Cursed Key","Frozen Egg 2","Ginger","Toxic Egg 2","Cables","Inserter","Old Coin","Shuriken","PreservedInsect","Blue Candle","Anchor","DollysMirror","Pear"],"potions_floor_usage":[55,55,55],"damage_taken":[{"damage":0.0,"enemies":"2 Louse","floor":1.0,"turns":2.0},{"damage":6.0,"enemies":"Jaw Worm","floor":2.0,"turns":2.0},{"damage":0.0,"enemies":"Cultist","floor":3.0,"turns":3.0},{"damage":16.0,"enemies":"Gremlin Nob","floor":6.0,"turns":4.0},{"damage":11.0,"enemies":"Lagavulin","floor":8.0,"turns":5.0},{"damage":32.0,"enemies":"Gremlin Nob","floor":11.0,"turns":4.0},{"damage":2.0,"enemies":"Large Slime","floor":13.0,"turns":4.0},{"damage":18.0,"enemies":"Slime Boss","floor":16.0,"turns":9.0},{"damage":0.0,"enemies":"Spheric Guardian","floor":18.0,"turns":3.0},{"damage":8.0,"enemies":"Shell Parasite","floor":19.0,"turns":4.0},{"damage":32.0,"enemies":"Snake Plant","floor":20.0,"turns":3.0},{"damage":9.0,"enemies":"3 Cultists","floor":22.0,"turns":5.0},{"damage":0.0,"enemies":"Centurion and Healer","floor":24.0,"turns":4.0},{"damage":6.0,"enemies":"Book of Stabbing","floor":27.0,"turns":4.0},{"damage":0,"enemies":"Gremlin Leader","floor":31,"turns":4},{"damage":41,"enemies":"Automaton","floor":33,"turns":12},{"damage":0,"enemies":"3 Shapes","floor":35,"turns":4},{"damage":0,"enemies":"Orb Walker","floor":36,"turns":3},{"damage":9,"enemies":"Jaw Worm Horde","floor":37,"turns":4},{"damage":22,"enemies":"2 Orb Walkers","floor":38,"turns":5},{"damage":0,"enemies":"4 Shapes","floor":39,"turns":3},{"damage":0,"enemies":"Transient","floor":41,"turns":5},{"damage":0,"enemies":"Maw","floor":42,"turns":6},{"damage":28,"enemies":"Nemesis","floor":44,"turns":7},{"damage":0,"enemies":"Reptomancer","floor":46,"turns":5},{"damage":0,"enemies":"4 Shapes","floor":48,"turns":4},{"damage":15,"enemies":"Time Eater","floor":50,"turns":7},{"damage":0,"enemies":"Shield and Spear","floor":54,"turns":3},{"damage":101,"enemies":"The Heart","floor":55,"turns":5}],"seed_played":"5649173409419637248","potions_obtained":[{"floor":3.0,"key":"EssenceOfSteel"},{"floor":8.0,"key":"PowerPotion"},{"floor":11.0,"key":"Dexterity Potion"},{"floor":20.0,"key":"Block Potion"},{"floor":46,"key":"SteroidPotion"}],"is_trial":false,"path_per_floor":["M","M","M","?","$","E","R","E","T","R","E","R","M","$","R","B",null,"M","M","M","$","M","R","M","R","T","E","?","?","$","E","R","B",null,"M","M","M","?","M","R","M","M","T","E","?","E","R","M","R","B",null,"R","$","E","B"],"character_chosen":"DEFECT","items_purchased":["Mummified Hand","Biased Cognition","FTL","BootSequence+1","Ancient Potion","FocusPotion","Anchor","DollysMirror"],"campfire_rested":3,"item_purchase_floors":[5,14,21,30,53,53,53,53],"current_hp_per_floor":[68,62,62,62,62,46,46,37,37,37,5,41,41,41,41,23,72,74,66,34,34,25,62,62,62,62,56,56,56,56,56,56,15,74,74,76,67,47,49,49,51,53,53,25,25,27,67,69,69,54,88,88,88,100,0],"gold":73,"neow_bonus":"TWO_FIFTY_GOLD","is_prod":false,"is_daily":false,"chose_seed":false,"campfire_upgraded":7,"win_rate":0,"timestamp":1559241218,"path_taken":["M","M","M","?","$","E","R","E","T","R","E","R","M","$","R","BOSS","M","M","M","$","M","R","M","R","T","E","?","?","$","E","R","BOSS","M","M","M","?","M","R","M","M","T","E","?","E","R","?","R","BOSS","R","$","E","BOSS"],"build_version":"2019-05-28","purchased_purges":3,"victory":false,"max_hp_per_floor":[68,68,68,68,68,68,68,70,70,70,70,70,72,72,72,72,72,74,74,74,74,74,74,74,74,74,74,74,74,74,74,74,74,74,74,76,76,78,80,80,82,84,84,84,84,86,86,88,88,88,88,88,88,100,100],"card_choices":[{"not_picked":["Rip and Tear","Aggregate"],"picked":"Compile Driver","floor":1.0},{"not_picked":["Compile Driver","Chaos"],"picked":"Conserve Battery","floor":2.0},{"not_picked":["Compile Driver","Storm"],"picked":"Ball Lightning","floor":3.0},{"not_picked":["Conserve Battery","Streamline"],"picked":"Go for the Eyes","floor":6.0},{"not_picked":["Beam Cell","FTL","Storm"],"picked":"Singing Bowl","floor":8.0},{"not_picked":["Chaos","Auto Shields"],"picked":"Capacitor","floor":11.0},{"not_picked":["Amplify","White Noise","Barrage"],"picked":"Singing Bowl","floor":13.0},{"not_picked":["Seek","Amplify"],"picked":"All For One","floor":16.0},{"not_picked":["Stack","Barrage","Tempest+1"],"picked":"Singing Bowl","floor":18.0},{"not_picked":["Gash","Stack"],"picked":"Beam Cell+1","floor":19.0},{"not_picked":["Chaos","Sweeping Beam+1"],"picked":"Auto Shields","floor":20.0},{"not_picked":["Conserve Battery","Streamline"],"picked":"Hologram","floor":22.0},{"not_picked":["Hello World","Meteor Strike"],"picked":"Coolheaded","floor":24.0},{"not_picked":["Streamline","Stack"],"picked":"Gash","floor":27.0},{"not_picked":["Gash","Rebound"],"picked":"Chill+1","floor":31},{"not_picked":["Meteor Strike","Buffer+1"],"picked":"Fission+1","floor":33},{"not_picked":["Cold Snap","Skim+1"],"picked":"Coolheaded+1","floor":35},{"not_picked":["Beam Cell","Ball Lightning","Stack+1"],"picked":"Singing Bowl","floor":36},{"not_picked":["Storm+1","FTL"],"picked":"Seek+1","floor":37},{"not_picked":["Blizzard","Go for the Eyes+1","Rip and Tear"],"picked":"Singing Bowl","floor":38},{"not_picked":["Genetic Algorithm+1","Compile Driver","Hologram+1"],"picked":"Singing Bowl","floor":39},{"not_picked":["Hologram+1","Static Discharge+1","Loop+1"],"picked":"Singing Bowl","floor":41},{"not_picked":["Streamline+1","Coolheaded+1","Ball Lightning"],"picked":"Singing Bowl","floor":42},{"not_picked":["Beam Cell","Storm+1"],"picked":"Coolheaded+1","floor":44},{"not_picked":["Thunder Strike","Capacitor+1","Sweeping Beam"],"picked":"Singing Bowl","floor":46},{"not_picked":["Compile Driver","Sweeping Beam+1","Rebound"],"picked":"Singing Bowl","floor":48},{"not_picked":["Genetic Algorithm+1","Doom and Gloom","Sweeping Beam"],"picked":"Singing Bowl","floor":54}],"player_experience":1625010,"relics_obtained":[{"floor":6.0,"key":"Regal Pillow"},{"floor":8.0,"key":"Singing Bowl"},{"floor":9.0,"key":"Bag of Preparation"},{"floor":11.0,"key":"Omamori"},{"floor":26.0,"key":"Frozen Egg 2"},{"floor":27.0,"key":"Ginger"},{"floor":31,"key":"Cables"},{"floor":38,"key":"Old Coin"},{"floor":44,"key":"Shuriken"},{"floor":46,"key":"Blue Candle"},{"floor":54,"key":"Pear"}],"event_choices":[{"damage_healed":0.0,"max_hp_gain":0.0,"max_hp_loss":0.0,"gold_gain":0.0,"event_name":"Big Fish","player_choice":"Box","floor":4.0,"gold_loss":0.0,"damage_taken":0.0,"relics_obtained":["Vajra"],"cards_obtained":["Regret"]},{"damage_healed":0,"gold_gain":0,"player_choice":"Ignored","damage_taken":0,"max_hp_gain":0,"max_hp_loss":0,"event_name":"Ghosts","floor":28,"gold_loss":0},{"damage_healed":0,"gold_gain":0,"player_choice":"Opened","damage_taken":0,"relics_obtained":["Toxic Egg 2"],"max_hp_gain":0,"max_hp_loss":0,"event_name":"The Mausoleum","floor":29,"gold_loss":0},{"damage_healed":0,"gold_gain":0,"player_choice":"Fight","damage_taken":0,"max_hp_gain":0,"max_hp_loss":0,"event_name":"Mysterious Sphere","floor":38,"gold_loss":0},{"damage_healed":0,"gold_gain":0,"player_choice":"Gave Potion","damage_taken":0,"relics_obtained":["PreservedInsect"],"max_hp_gain":0,"max_hp_loss":0,"event_name":"WeMeetAgain","floor":45,"gold_loss":0}],"is_beta":true,"boss_relics":[{"not_picked":["Lizard Tail","Busted Crown"],"picked":"Cursed Key"},{"not_picked":["Snecko Eye","Eternal Feather"],"picked":"Inserter"}],"items_purged_floors":[5,21,53],"is_endless":false,"potions_floor_spawned":[3,8,11,13,20,27,31,33,35,37,39,41,46],"killed_by":"The Heart","ascension_level":1}