{"gold_per_floor":[114,133,145,145,70,70,70,100,100,100,100,100,0,30,30,30],"floor_reached":16,"playtime":449,"items_purged":["Strike_R","Strike_R"],"score":212,"play_id":"98c8ff33-01f3-4ae2-a73b-2698fbdfefca","local_time":"20190620014844","is_ascension_mode":true,"campfire_choices":[{"data":"Whirlwind","floor":6.0,"key":"SMITH"},{"data":"Bash","floor":10.0,"key":"SMITH"},{"data":"Shrug It Off","floor":12.0,"key":"SMITH"},{"data":"Defend_R","floor":15.0,"key":"SMITH"}],"neow_cost":"NONE","seed_source_timestamp":468133859747700,"circlet_count":0,"master_deck":["AscendersBane","Strike_R","Strike_R","Strike_R","Defend_R+1","Defend_R","Defend_R","Defend_R","Bash+1","Purity","Whirlwind+1","Battle Trance","Shrug It Off+1"],"special_seed":0,"relics":["Burning Blood","Bronze Scales","Gremlin Horn","Potion Belt"],"potions_floor_usage":[],"damage_taken":[{"damage":4.0,"enemies":"2 Louse","floor":1.0,"turns":3.0},{"damage":7.0,"enemies":"Small Slimes","floor":2.0,"turns":3.0},{"damage":6.0,"enemies":"Cultist","floor":3.0,"turns":3.0},{"damage":32.0,"enemies":"Gremlin Nob","floor":8.0,"turns":4.0},{"damage":14.0,"enemies":"3 Sentries","floor":14.0,"turns":4.0},{"damage":56,"enemies":"Slime Boss","floor":16,"turns":9}],"seed_played":"-1704859123206099942","potions_obtained":[{"floor":3.0,"key":"EssenceOfSteel"},{"floor":8.0,"key":"FairyPotion"}],"is_trial":false,"path_per_floor":["M","M","M","?","$","R","$","E","T","R","?","R","$","E","R","B"],"character_chosen":"IRONCLAD","items_purchased":[],"campfire_rested":0,"item_purchase_floors":[],"current_hp_per_floor":[70,69,69,69,69,69,69,43,43,43,43,43,43,35,35,0],"gold":30,"neow_bonus":"RANDOM_COLORLESS","is_prod":false,"is_daily":false,"chose_seed":false,"campfire_upgraded":4,"win_rate":0,"timestamp":1560988124,"path_taken":["M","M","M","?","$","R","$","E","T","R","?","R","$","E","R","BOSS"],"build_version":"2019-01-23","purchased_purges":2,"victory":false,"max_hp_per_floor":[75,75,75,75,75,75,75,75,75,75,75,75,75,75,75,75],"card_choices":[{"not_picked":["Havoc","Warcry","True Grit"],"picked":"SKIP","floor":1.0},{"not_picked":["Burning Pact","Heavy Blade"],"picked":"Whirlwind","floor":2.0},{"not_picked":["Metallicize","Carnage"],"picked":"Battle Trance","floor":3.0},{"not_picked":["Hemokinesis","Cleave"],"picked":"Shrug It Off","floor":8.0},{"not_picked":["Infernal Blade","Sword Boomerang","Hemokinesis"],"picked":"SKIP","floor":14.0}],"player_experience":607628,"relics_obtained":[{"floor":8.0,"key":"Bronze Scales"},{"floor":9.0,"key":"Gremlin Horn"},{"floor":14.0,"key":"Potion Belt"}],"event_choices":[{"damage_healed":0.0,"max_hp_gain":0.0,"max_hp_loss":0.0,"gold_gain":0.0,"event_name":"Liars Game","player_choice":"Ignored","floor":4.0,"gold_loss":0.0,"damage_taken":0.0},{"damage_healed":0.0,"max_hp_gain":0.0,"max_hp_loss":0.0,"gold_gain":0.0,"event_name":"Match and Keep!","player_choice":"0 cards matched","floor":11.0,"gold_loss":0.0,"damage_taken":0.0,"cards_obtained":[]}],"is_beta":false,"boss_relics":[],"items_purged_floors":[5,13],"is_endless":false,"potions_floor_spawned":[3,8],"killed_by":"Slime Boss","ascension_level":20}