{"gold_per_floor":[119,134,153,153,169,169,169,169,224,258,258,269,296,326,326,403,403,414,414,414,433,444,444,444],"floor_reached":24,"playtime":826,"items_purged":[],"score":435,"play_id":"8899496c-8b18-4e7b-9e0b-0e97e7f568a8","local_time":"20190527055435","is_ascension_mode":true,"campfire_choices":[{"data":"Zap","floor":6.0,"key":"SMITH"},{"data":"Ball Lightning","floor":8.0,"key":"SMITH"},{"data":"Genetic Algorithm","floor":11.0,"key":"SMITH"},{"data":"Dualcast","floor":15,"key":"SMITH"},{"data":"Creative AI","floor":23,"key":"SMITH"}],"neow_cost":"NONE","seed_source_timestamp":820539517121577,"circlet_count":0,"master_deck":["AscendersBane","Strike_B","Strike_B+1","Defend_B+1","Defend_B","Defend_B","Defend_B","Zap+1","Dualcast+1","Genetic Algorithm+1","Hologram+1","Ball Lightning+1","Echo Form","Conserve Battery","Creative AI+1","Turbo","RitualDagger","Self Repair","Ball Lightning","Steam Power"],"special_seed":0,"relics":["Cracked Core","Bronze Scales","Bag of Preparation","Regal Pillow","Letter Opener","Tiny Chest","Cursed Key"],"potions_floor_usage":[22,22],"damage_taken":[{"damage":1.0,"enemies":"Cultist","floor":1.0,"turns":3.0},{"damage":2.0,"enemies":"2 Louse","floor":2.0,"turns":2.0},{"damage":4.0,"enemies":"Small Slimes","floor":3.0,"turns":4.0},{"damage":5.0,"enemies":"Gremlin Gang","floor":5.0,"turns":5.0},{"damage":0.0,"enemies":"Gremlin Nob","floor":10.0,"turns":3.0},{"damage":0.0,"enemies":"2 Fungi Beasts","floor":12.0,"turns":1.0},{"damage":0,"enemies":"Lagavulin","floor":13,"turns":8},{"damage":15,"enemies":"Hexaghost","floor":16,"turns":7},{"damage":4,"enemies":"Shell Parasite","floor":18,"turns":4},{"damage":9,"enemies":"Chosen","floor":21,"turns":5},{"damage":25,"enemies":"3 Cultists","floor":22,"turns":5},{"damage":29,"enemies":"Slavers","floor":24,"turns":2}],"seed_played":"7781735036790619617","potions_obtained":[{"floor":3.0,"key":"Block Potion"},{"floor":5.0,"key":"SpeedPotion"},{"floor":10.0,"key":"AttackPotion"},{"floor":18,"key":"Ancient Potion"}],"is_trial":false,"path_per_floor":["M","M","M","?","M","R","?","R","T","E","R","M","E","?","R","B",null,"M","?","?","M","M","R","E"],"character_chosen":"DEFECT","items_purchased":[],"campfire_rested":0,"item_purchase_floors":[],"current_hp_per_floor":[63,61,57,43,38,38,38,38,38,38,38,38,38,31,31,16,57,53,47,47,45,27,27,0],"gold":444,"neow_bonus":"RANDOM_COMMON_RELIC","is_prod":false,"is_daily":false,"chose_seed":false,"campfire_upgraded":5,"win_rate":0,"timestamp":1558929275,"path_taken":["M","M","?","?","M","R","?","R","T","E","R","?","E","?","R","BOSS","M","?","?","M","M","R","E"],"build_version":"2019-01-23","purchased_purges":0,"victory":false,"max_hp_per_floor":[71,71,71,71,71,71,71,71,71,71,71,71,71,71,71,71,71,71,71,71,71,71,71,71],"card_choices":[{"not_picked":["Go for the Eyes","Heatsinks","Compile Driver"],"picked":"SKIP","floor":1.0},{"not_picked":["Coolheaded","Scrape"],"picked":"Genetic Algorithm","floor":2.0},{"not_picked":["Turbo","Double Energy"],"picked":"Hologram","floor":3.0},{"not_picked":["Conserve Battery","Beam Cell"],"picked":"Ball Lightning","floor":5.0},{"not_picked":["Conserve Battery","Static Discharge"],"picked":"Echo Form","floor":10.0},{"not_picked":["Streamline","Gash"],"picked":"Conserve Battery","floor":12.0},{"not_picked":["Beam Cell","Genetic Algorithm","Turbo"],"picked":"SKIP","floor":13},{"not_picked":["Seek","Amplify"],"picked":"Creative AI","floor":16},{"not_picked":["Lockon","Coolheaded"],"picked":"Turbo","floor":18},{"not_picked":["Ball Lightning","Gash+1","Beam Cell"],"picked":"SKIP","floor":21},{"not_picked":["Force Field+1","Sweeping Beam+1"],"picked":"Steam Power","floor":22}],"player_experience":429629,"relics_obtained":[{"floor":9.0,"key":"Bag of Preparation"},{"floor":10.0,"key":"Regal Pillow"},{"floor":13,"key":"Letter Opener"}],"event_choices":[{"damage_healed":0.0,"max_hp_gain":0.0,"max_hp_loss":0.0,"gold_gain":0.0,"event_name":"Shining Light","player_choice":"Entered Light","floor":4.0,"gold_loss":0.0,"damage_taken":14.0,"cards_upgraded":["Strike_B","Defend_B"]},{"damage_healed":0.0,"max_hp_gain":0.0,"max_hp_loss":0.0,"gold_gain":0.0,"event_name":"Upgrade Shrine","player_choice":"Upgraded","floor":7.0,"gold_loss":0.0,"damage_taken":0.0,"cards_upgraded":["Hologram"]},{"damage_healed":0,"gold_gain":0,"player_choice":"Success","damage_taken":7,"relics_obtained":["Tiny Chest"],"max_hp_gain":0,"max_hp_loss":0,"event_name":"Scrap Ooze","floor":14,"gold_loss":0},{"damage_healed":0,"gold_gain":0,"player_choice":"Joined the Cult","damage_taken":6,"max_hp_gain":0,"max_hp_loss":0,"event_name":"Nest","floor":19,"gold_loss":0,"cards_obtained":["RitualDagger"]},{"damage_healed":0,"gold_gain":0,"cards_transformed":["Strike_B","Strike_B"],"player_choice":"Became Test Subject","damage_taken":0,"max_hp_gain":0,"max_hp_loss":0,"event_name":"Drug Dealer","floor":20,"gold_loss":0,"cards_obtained":["Self Repair","Ball Lightning"]}],"is_beta":false,"boss_relics":[{"not_picked":["Eternal Feather","Runic Pyramid"],"picked":"Cursed Key"}],"items_purged_floors":[],"is_endless":false,"potions_floor_spawned":[3,5,10,18,21],"killed_by":"Slavers","ascension_level":14}