{"gold_per_floor":[14,14,289,302,4,4,30,40,63,63,29,0,0,14,14,14],"floor_reached":16,"playtime":1897,"items_purged":["Strike_G"],"score":88,"play_id":"650ee9e5-81cf-4d5a-9e8f-b0552cbef6a0","local_time":"20190611225033","is_ascension_mode":false,"campfire_choices":[{"data":"Neutralize","floor":6,"key":"SMITH"},{"data":"PiercingWail","floor":10,"key":"SMITH"},{"floor":15,"key":"REST"}],"neow_cost":"NO_GOLD","seed_source_timestamp":274085058984722,"circlet_count":0,"master_deck":["Defend_G","Defend_G","Defend_G","Defend_G","Defend_G","Strike_G","Strike_G","Strike_G","Strike_G","Survivor","Neutralize+1","PiercingWail+1","Regret","Underhanded Strike","Cloak And Dagger","Cloak And Dagger","Calculated Gamble","Caltrops","Night Terror","Masterful Stab","Neutralize","Forethought","Heel Hook"],"relics":["Ring of the Snake","Mango","Chemical X","Odd Mushroom","Pen Nib"],"potions_floor_usage":[7,16],"damage_taken":[{"damage":0,"enemies":"2 Louse","floor":1,"turns":6},{"damage":11,"enemies":"Cultist","floor":4,"turns":7},{"damage":5,"enemies":"The Mushroom Lair","floor":7,"turns":7},{"damage":0,"enemies":"Jaw Worm","floor":8,"turns":5},{"damage":1,"enemies":"Looter","floor":12,"turns":4},{"damage":5,"enemies":"Red Slaver","floor":14,"turns":5},{"damage":87,"enemies":"Slime Boss","floor":16,"turns":15}],"seed_played":"-6938474856980977855","potions_obtained":[{"floor":4,"key":"GamblersBrew"},{"floor":8,"key":"GhostInAJar"}],"is_trial":false,"path_per_floor":["M","$","?","M","$","R","?","M","T","R","$","M","?","M","R","B"],"character_chosen":"THE_SILENT","items_purchased":["Chemical X","Cloak And Dagger","Caltrops"],"campfire_rested":1,"item_purchase_floors":[5,5,11],"current_hp_per_floor":[84,84,84,73,73,73,68,68,68,68,68,67,67,62,84,0],"gold":14,"neow_bonus":"ONE_RARE_RELIC","is_prod":false,"is_daily":false,"chose_seed":false,"campfire_upgraded":2,"win_rate":0.0,"timestamp":1560307833,"path_taken":["M","$","?","M","?","R","?","M","T","R","$","?","?","?","R","BOSS"],"build_version":"2019-01-23","purchased_purges":1,"victory":false,"max_hp_per_floor":[84,84,84,84,84,84,84,84,84,84,84,84,84,84,84,84],"card_choices":[{"not_picked":["Quick Slash","Heel Hook"],"picked":"PiercingWail","floor":1},{"not_picked":["Dagger Spray","Heel Hook"],"picked":"Underhanded Strike","floor":4},{"not_picked":["Noxious Fumes","Outmaneuver"],"picked":"Cloak And Dagger","floor":7},{"not_picked":["Sucker Punch","Concentrate"],"picked":"Calculated Gamble","floor":8},{"not_picked":["Bane","Flechettes"],"picked":"Night Terror","floor":12},{"not_picked":["Deflect","Predator"],"picked":"Heel Hook","floor":14}],"player_experience":1126527,"relics_obtained":[{"floor":7,"key":"Odd Mushroom"},{"floor":9,"key":"Pen Nib"}],"event_choices":[{"damage_healed":0,"gold_gain":275,"player_choice":"Desecrate","damage_taken":0,"max_hp_gain":0,"max_hp_loss":0,"event_name":"Golden Shrine","floor":3,"gold_loss":0,"cards_obtained":["Regret"]},{"damage_healed":0,"gold_gain":0,"player_choice":"Fought Mushrooms","damage_taken":0,"max_hp_gain":0,"max_hp_loss":0,"event_name":"Mushrooms","floor":7,"gold_loss":0},{"damage_healed":0,"gold_gain":0,"player_choice":"3 cards matched","damage_taken":0,"max_hp_gain":0,"max_hp_loss":0,"event_name":"Match and Keep!","floor":13,"gold_loss":0,"cards_obtained":["Masterful Stab","Neutralize","Forethought"]}],"is_beta":false,"boss_relics":[],"items_purged_floors":[5],"is_endless":false,"potions_floor_spawned":[4,8],"killed_by":"Slime Boss","ascension_level":0}