{"gold_per_floor":[114,129,129,129,202,241,241,316,316,316,340,93,111,111,111,201,201,226,151,151,17,42,42,16,16,16,16,16,16,32,45,45,144,144,169,118,138,138,159,159,159],"floor_reached":41,"playtime":1161,"items_purged":[],"score":803,"play_id":"3288c673-6c59-4eae-9b78-b6de7231698f","local_time":"20190523223657","is_ascension_mode":true,"campfire_choices":[{"data":"Pommel Strike","floor":7,"key":"SMITH"},{"data":"Defend_R","floor":10,"key":"SMITH"},{"floor":15,"key":"REST"},{"data":"Perfected Strike","floor":23,"key":"SMITH"},{"data":"Perfected Strike","floor":25,"key":"SMITH"},{"data":"Barricade","floor":27,"key":"SMITH"},{"data":"Clothesline","floor":29,"key":"SMITH"},{"data":"Shrug It Off","floor":32,"key":"SMITH"},{"data":"Offering","floor":40,"key":"SMITH"}],"neow_cost":"NONE","seed_source_timestamp":534758329192639,"circlet_count":0,"master_deck":["AscendersBane","Strike_R+1","Strike_R+1","Strike_R+1","Strike_R+1","Strike_R+1","Defend_R+1","Defend_R+1","Defend_R+1","Bash+1","Pommel Strike+1","Twin Strike","Perfected Strike+1","Perfected Strike+1","Barricade+1","Metallicize","Clothesline+1","Shrug It Off+1","Power Through","Seeing Red","Offering+1","Shrug It Off"],"relics":["Busted Crown","Golden Idol","Meat on the Bone","Whetstone","Bag of Preparation","Eternal Feather","Pen Nib","Sozu","Anchor"],"potions_floor_usage":[13,16,22,33,33],"damage_taken":[{"damage":2,"enemies":"Jaw Worm","floor":1,"turns":4},{"damage":10,"enemies":"Small Slimes","floor":2,"turns":3},{"damage":32,"enemies":"Gremlin Nob","floor":6,"turns":4},{"damage":0,"enemies":"2 Louse","floor":11,"turns":2},{"damage":0,"enemies":"2 Fungi Beasts","floor":13,"turns":3},{"damage":34,"enemies":"The Guardian","floor":16,"turns":7},{"damage":20,"enemies":"2 Thieves","floor":18,"turns":4},{"damage":0,"enemies":"Spheric Guardian","floor":22,"turns":3},{"damage":2,"enemies":"3 Cultists","floor":30,"turns":6},{"damage":15,"enemies":"Cultist and Chosen","floor":31,"turns":4},{"damage":62,"enemies":"Champ","floor":33,"turns":14},{"damage":43,"enemies":"3 Darklings","floor":35,"turns":5},{"damage":13,"enemies":"Orb Walker","floor":37,"turns":4},{"damage":6,"enemies":"Maw","floor":39,"turns":6},{"damage":45,"enemies":"Nemesis","floor":41,"turns":4}],"seed_played":"-248836709658874065","potions_obtained":[{"floor":11,"key":"GamblersBrew"},{"floor":13,"key":"PowerPotion"},{"floor":16,"key":"Poison Potion"},{"floor":22,"key":"BloodPotion"}],"is_trial":false,"path_per_floor":["M","M","?","?","?","E","R","?","T","R","M","$","M","$","R","B",null,"M","?","?","$","M","R","$","R","T","R","?","R","M","M","R","B",null,"M","$","M","T","M","R","E"],"character_chosen":"IRONCLAD","items_purchased":["Perfected Strike","Bag of Preparation","Block Potion","Metallicize","Clothesline","Shrug It Off","Shrug It Off"],"campfire_rested":1,"item_purchase_floors":[12,12,12,21,21,24,36],"current_hp_per_floor":[66,56,56,56,56,24,24,13,13,13,25,25,37,37,57,35,60,40,40,40,40,40,49,49,58,58,67,67,68,66,51,63,19,56,25,25,24,24,30,42,0],"gold":159,"neow_bonus":"BOSS_RELIC","is_prod":false,"is_daily":false,"chose_seed":false,"campfire_upgraded":8,"win_rate":0,"timestamp":1558643817,"path_taken":["M","M","?","?","?","E","R","?","T","R","M","$","M","?","R","BOSS","M","?","?","$","M","R","$","R","T","R","?","R","M","?","R","BOSS","M","$","?","?","M","R","E"],"build_version":"2019-01-23","purchased_purges":0,"victory":false,"max_hp_per_floor":[75,75,68,68,68,68,68,68,68,68,68,68,68,68,68,68,68,68,68,68,68,68,68,68,68,68,68,68,68,68,68,68,68,68,68,68,68,68,68,68,68],"card_choices":[{"not_picked":[],"picked":"Pommel Strike","floor":1},{"not_picked":["Pummel"],"picked":"SKIP","floor":2},{"not_picked":[],"picked":"Twin Strike","floor":6},{"not_picked":[],"picked":"Perfected Strike","floor":11},{"not_picked":["True Grit"],"picked":"SKIP","floor":13},{"not_picked":[],"picked":"Barricade","floor":16},{"not_picked":["True Grit"],"picked":"SKIP","floor":18},{"not_picked":["Warcry"],"picked":"SKIP","floor":22},{"not_picked":[],"picked":"Seeing Red","floor":30},{"not_picked":["Fire Breathing"],"picked":"SKIP","floor":31},{"not_picked":[],"picked":"Offering","floor":33},{"not_picked":["Evolve+1"],"picked":"SKIP","floor":35},{"not_picked":["Bloodletting"],"picked":"SKIP","floor":37},{"not_picked":["Power Through"],"picked":"SKIP","floor":39}],"player_experience":372893,"relics_obtained":[{"floor":6,"key":"Meat on the Bone"},{"floor":9,"key":"Whetstone"},{"floor":26,"key":"Pen Nib"},{"floor":38,"key":"Anchor"}],"event_choices":[{"damage_healed":0,"gold_gain":0,"player_choice":"Lose Max HP","damage_taken":0,"relics_obtained":["Golden Idol"],"max_hp_gain":0,"max_hp_loss":7,"event_name":"Golden Idol","floor":3,"gold_loss":0},{"damage_healed":0,"gold_gain":0,"player_choice":"Grow","damage_taken":0,"max_hp_gain":0,"max_hp_loss":0,"event_name":"Living Wall","floor":4,"gold_loss":0,"cards_upgraded":["Bash"]},{"damage_healed":0,"gold_gain":73,"player_choice":"Gained Gold","damage_taken":0,"max_hp_gain":0,"max_hp_loss":0,"event_name":"Golden Wing","floor":5,"gold_loss":0},{"damage_healed":0,"gold_gain":75,"player_choice":"Gather Gold","damage_taken":11,"max_hp_gain":0,"max_hp_loss":0,"event_name":"World of Goop","floor":8,"gold_loss":0},{"cards_removed":["Defend_R"],"damage_healed":0,"gold_gain":0,"player_choice":"Gave Gold","damage_taken":0,"max_hp_gain":0,"max_hp_loss":0,"event_name":"Beggar","floor":19,"gold_loss":75},{"damage_healed":0,"gold_gain":0,"player_choice":"Simplicity","damage_taken":0,"max_hp_gain":0,"max_hp_loss":0,"event_name":"Back to Basics","floor":20,"gold_loss":0,"cards_upgraded":["Strike_R","Strike_R","Strike_R","Defend_R","Defend_R"]},{"damage_healed":0,"gold_gain":0,"player_choice":"Read","damage_taken":0,"max_hp_gain":0,"max_hp_loss":0,"event_name":"The Library","floor":28,"gold_loss":0,"cards_obtained":["Power Through"]}],"is_beta":false,"boss_relics":[{"not_picked":["Calling Bell","Fusion Hammer"],"picked":"Eternal Feather"},{"not_picked":["White Beast Statue","Black Star"],"picked":"Sozu"}],"items_purged_floors":[],"is_endless":false,"potions_floor_spawned":[11,13,16,18,22,39],"killed_by":"Nemesis","ascension_level":19}