{"gold_per_floor":[362,537,222,235,255,285,235,135,135,154,185,185,199,231,231,330,330,347,362,362,362,379,408,408,434,485,410,41,54,64,90,90,188,188,207,6,25,39,50,50,70,70,70,70,170,170,197,197,197,197],"floor_reached":50,"playtime":2219,"items_purged":["Doubt","Strike_R","Strike_R","Strike_R"],"score":575,"play_id":"0f7cf48f-720d-4405-ac10-e85b9a6ecaaa","local_time":"20190525013613","is_ascension_mode":false,"campfire_choices":[{"data":"True Grit","floor":12.0,"key":"SMITH"},{"data":"Body Slam","floor":15.0,"key":"SMITH"},{"floor":24.0,"key":"REST"},{"floor":32.0,"key":"REST"},{"data":"Body Slam","floor":40.0,"key":"SMITH"},{"data":"Bash","floor":42,"key":"SMITH"},{"data":"Clothesline","floor":44,"key":"SMITH"},{"data":"Cleave","floor":46,"key":"SMITH"},{"floor":49,"key":"REST"}],"neow_cost":"CURSE","seed_source_timestamp":630836436649822,"circlet_count":0,"master_deck":["Strike_R","Defend_R","Defend_R","Defend_R","Defend_R","Bash+1","True Grit+1","Body Slam+1","Cleave+1","Twin Strike","Clothesline+1","Twin Strike","Iron Wave","Pommel Strike+1","Shrug It Off","Cleave+1","Armaments+1","Wild Strike+1","Clumsy","Iron Wave+1","Anger","Clothesline+1","Clash","Clash+1","Body Slam+1","Sword Boomerang","Regret","Cleave+1","Perfected Strike+1"],"special_seed":0,"relics":["Burning Blood","Medical Kit","Pantograph","Meat on the Bone","Red Skull","Cursed Key","Nloth\u0027s Gift","Juzu Bracelet","Self Forming Clay","Anchor","Question Card","Gambling Chip","Velvet Choker","Art of War","Dead Branch","Bronze Scales"],"potions_floor_usage":[47,50],"damage_taken":[{"damage":2.0,"enemies":"2 Louse","floor":1.0,"turns":2.0},{"damage":6.0,"enemies":"Jaw Worm","floor":4.0,"turns":3.0},{"damage":2.0,"enemies":"Small Slimes","floor":5.0,"turns":5.0},{"damage":28.0,"enemies":"Gremlin Nob","floor":6.0,"turns":4.0},{"damage":2.0,"enemies":"2 Fungi Beasts","floor":10.0,"turns":4.0},{"damage":31.0,"enemies":"Lagavulin","floor":11.0,"turns":7.0},{"damage":11.0,"enemies":"Gremlin Gang","floor":13.0,"turns":4.0},{"damage":18.0,"enemies":"Gremlin Nob","floor":14.0,"turns":4.0},{"damage":52.0,"enemies":"Hexaghost","floor":16.0,"turns":10.0},{"damage":8.0,"enemies":"3 Byrds","floor":18.0,"turns":5.0},{"damage":0.0,"enemies":"Shell Parasite","floor":19.0,"turns":6.0},{"damage":20.0,"enemies":"Chosen and Byrds","floor":22.0,"turns":6.0},{"damage":30.0,"enemies":"Book of Stabbing","floor":23.0,"turns":6.0},{"damage":25.0,"enemies":"Gremlin Leader","floor":25.0,"turns":8.0},{"damage":19.0,"enemies":"Snecko","floor":29.0,"turns":5.0},{"damage":13.0,"enemies":"3 Cultists","floor":30.0,"turns":5.0},{"damage":18.0,"enemies":"Slavers","floor":31.0,"turns":4.0},{"damage":65.0,"enemies":"Automaton","floor":33.0,"turns":10.0},{"damage":0.0,"enemies":"Orb Walker","floor":35.0,"turns":3.0},{"damage":20.0,"enemies":"3 Shapes","floor":37.0,"turns":5.0},{"damage":5.0,"enemies":"Spire Growth","floor":38.0,"turns":4.0},{"damage":27.0,"enemies":"3 Darklings","floor":39.0,"turns":5.0},{"damage":21,"enemies":"Maw","floor":41,"turns":7},{"damage":26,"enemies":"Mind Bloom Boss Battle","floor":45,"turns":8},{"damage":66,"enemies":"Giant Head","floor":47,"turns":9},{"damage":88,"enemies":"Donu and Deca","floor":50,"turns":7}],"seed_played":"-634021802143416682","potions_obtained":[{"floor":4.0,"key":"Strength Potion"},{"floor":6.0,"key":"Strength Potion"},{"floor":13.0,"key":"SkillPotion"},{"floor":14.0,"key":"GamblersBrew"},{"floor":18.0,"key":"EntropicBrew"},{"floor":19.0,"key":"Energy Potion"},{"floor":23.0,"key":"LiquidBronze"},{"floor":31.0,"key":"BloodPotion"},{"floor":33.0,"key":"Regen Potion"},{"floor":37.0,"key":"GamblersBrew"}],"is_trial":false,"path_per_floor":["M","?","$","M","M","E","?","$","T","M","E","R","M","E","R","B",null,"M","M","?","?","M","E","R","E","T","?","$","M","M","E","R","B",null,"M","$","M","M","M","R","M","R","T","R","?","R","E","?","R","B"],"character_chosen":"IRONCLAD","items_purchased":["Body Slam","Medical Kit","Question Card","Clash"],"campfire_rested":3,"item_purchase_floors":[3,3,28,36],"current_hp_per_floor":[80,80,80,80,80,58,58,58,58,62,49,49,56,56,56,43,77,75,77,77,77,63,51,74,55,55,55,55,54,47,47,70,37,77,77,77,63,64,55,55,52,52,52,52,57,57,25,25,48,0],"gold":197,"neow_bonus":"TWO_FIFTY_GOLD","is_prod":false,"is_daily":false,"chose_seed":false,"campfire_upgraded":6,"win_rate":0,"timestamp":1558740973,"path_taken":["M","?","$","M","M","E","?","?","T","M","E","R","M","E","R","BOSS","M","M","?","?","M","E","R","E","T","?","$","M","M","E","R","BOSS","M","$","M","M","M","R","M","R","T","R","?","R","E","?","R","BOSS"],"build_version":"2019-01-23","purchased_purges":4,"victory":false,"max_hp_per_floor":[80,80,80,80,80,80,77,77,77,77,77,77,77,77,77,77,77,77,77,77,77,77,77,77,77,77,77,77,77,77,77,77,77,77,77,77,77,77,77,77,77,77,77,77,77,77,77,77,77,77],"card_choices":[{"not_picked":["Combust","Flex"],"picked":"True Grit","floor":1.0},{"not_picked":["Rage","Evolve","Entrench"],"picked":"SKIP","floor":4.0},{"not_picked":["Flex","Thunderclap"],"picked":"Cleave","floor":5.0},{"not_picked":["Warcry","Fire Breathing"],"picked":"Twin Strike","floor":6.0},{"not_picked":["Reckless Charge","Heavy Blade"],"picked":"Clothesline","floor":10.0},{"not_picked":["Cleave","Disarm"],"picked":"Twin Strike","floor":11.0},{"not_picked":["Clothesline","Perfected Strike"],"picked":"Iron Wave","floor":13.0},{"not_picked":["Cleave","Havoc","Clothesline"],"picked":"SKIP","floor":14.0},{"not_picked":["Intimidate","Inflame+1","Perfected Strike"],"picked":"SKIP","floor":18.0},{"not_picked":["Blood for Blood","Headbutt"],"picked":"Pommel Strike+1","floor":19.0},{"not_picked":["Armaments+1","Clothesline"],"picked":"Cleave+1","floor":22.0},{"not_picked":["Anger","Cleave"],"picked":"Armaments+1","floor":23.0},{"not_picked":["Flame Barrier","Ghostly Armor"],"picked":"Wild Strike+1","floor":25.0},{"not_picked":["Pommel Strike","Dropkick","Havoc"],"picked":"Iron Wave+1","floor":29.0},{"not_picked":["Reckless Charge","Rage","Berserk"],"picked":"Anger","floor":30.0},{"not_picked":["Offering","Inflame","True Grit"],"picked":"Clothesline+1","floor":31.0},{"not_picked":["Headbutt","Spot Weakness","Carnage+1","Feel No Pain"],"picked":"SKIP","floor":35.0},{"not_picked":["Flex+1","Burning Pact+1","Twin Strike"],"picked":"Clash+1","floor":37.0},{"not_picked":["Headbutt+1","Pommel Strike","Perfected Strike","Feel No Pain"],"picked":"SKIP","floor":38.0},{"not_picked":["Battle Trance+1","Impervious","Entrench"],"picked":"Body Slam","floor":39.0},{"not_picked":["Anger","Infernal Blade","Juggernaut"],"picked":"Sword Boomerang","floor":41},{"not_picked":["Rupture","Uppercut","Headbutt+1"],"picked":"Cleave+1","floor":45},{"not_picked":["Combust+1","Twin Strike+1","Berserk"],"picked":"Perfected Strike+1","floor":47}],"player_experience":402193,"relics_obtained":[{"floor":6.0,"key":"Pantograph"},{"floor":9.0,"key":"Meat on the Bone"},{"floor":11.0,"key":"Bag of Marbles"},{"floor":14.0,"key":"Red Skull"},{"floor":23.0,"key":"Juzu Bracelet"},{"floor":25.0,"key":"Self Forming Clay"},{"floor":26.0,"key":"Anchor"},{"floor":31.0,"key":"Gambling Chip"},{"floor":43,"key":"Art of War"},{"floor":45,"key":"Dead Branch"},{"floor":47,"key":"Bronze Scales"}],"event_choices":[{"damage_healed":0.0,"max_hp_gain":0.0,"max_hp_loss":0.0,"gold_gain":175.0,"event_name":"Liars Game","player_choice":"AGREE","floor":2.0,"gold_loss":0.0,"damage_taken":0.0,"cards_obtained":["Doubt"]},{"cards_removed":["Parasite"],"damage_healed":0.0,"max_hp_gain":0.0,"max_hp_loss":0.0,"gold_gain":0.0,"event_name":"The Cleric","player_choice":"Card Removal","floor":7.0,"gold_loss":50.0,"damage_taken":0.0},{"damage_healed":0.0,"max_hp_gain":0.0,"max_hp_loss":0.0,"gold_gain":0.0,"event_name":"The Library","player_choice":"Read","floor":20.0,"gold_loss":0.0,"damage_taken":0.0,"cards_obtained":["Shrug It Off"]},{"damage_healed":0.0,"max_hp_gain":0.0,"max_hp_loss":0.0,"gold_gain":0.0,"event_name":"N\u0027loth","player_choice":"Traded Relic","floor":21.0,"relics_lost":["Bag of Marbles"],"gold_loss":0.0,"damage_taken":0.0,"relics_obtained":["Nloth\u0027s Gift"]},{"cards_removed":["Strike_R"],"damage_healed":0.0,"max_hp_gain":0.0,"max_hp_loss":0.0,"gold_gain":0.0,"event_name":"Beggar","player_choice":"Gave Gold","floor":27.0,"gold_loss":75.0,"damage_taken":0.0},{"damage_healed":0,"gold_gain":0,"player_choice":"Fight","damage_taken":0,"max_hp_gain":0,"max_hp_loss":0,"event_name":"MindBloom","floor":45,"gold_loss":0},{"damage_healed":0,"gold_gain":0,"player_choice":"Ignored","damage_taken":0,"max_hp_gain":0,"max_hp_loss":0,"event_name":"Mysterious Sphere","floor":48,"gold_loss":0}],"is_beta":false,"boss_relics":[{"not_picked":["White Beast Statue","Philosopher\u0027s Stone"],"picked":"Cursed Key"},{"not_picked":["Black Star","Sozu"],"picked":"Velvet Choker"}],"items_purged_floors":[3,8,28,36],"is_endless":false,"potions_floor_spawned":[4,6,13,14,18,19,23,31,33,37,38],"killed_by":"Donu and Deca","ascension_level":0}