{"gold_per_floor":[118,118,118,131,145,145,184,209,209,209,209],"floor_reached":11,"playtime":302,"items_purged":[],"score":110,"play_id":"8092e73b-e51e-43af-8ade-2668fe2a3580","local_time":"20190403233705","is_ascension_mode":true,"campfire_choices":[{"floor":6,"key":"REST"},{"data":"Body Slam","floor":10,"key":"SMITH"}],"neow_cost":"NONE","seed_source_timestamp":449960991756538,"circlet_count":0,"master_deck":["AscendersBane","Strike_R","Strike_R","Strike_R","Strike_R","Strike_R","Defend_R","Defend_R","Defend_R","Defend_R","Bash","Body Slam+1","Double Tap","Entrench"],"relics":["Burning Blood","NeowsBlessing","Golden Idol","GremlinMask","Blood Vial","Lantern"],"potions_floor_usage":[7,8,11],"damage_taken":[{"damage":0,"enemies":"Jaw Worm","floor":1,"turns":1},{"damage":0,"enemies":"2 Louse","floor":4,"turns":1},{"damage":0,"enemies":"Cultist","floor":5,"turns":1},{"damage":48,"enemies":"Lagavulin","floor":7,"turns":8},{"damage":18,"enemies":"Red Slaver","floor":8,"turns":4},{"damage":35,"enemies":"3 Sentries","floor":11,"turns":8}],"seed_played":"-5718554792240691723","potions_obtained":[{"floor":4,"key":"AttackPotion"},{"floor":7,"key":"Fire Potion"},{"floor":8,"key":"AttackPotion"}],"is_trial":false,"path_per_floor":["M","?","?","M","M","R","E","M","T","R","E"],"character_chosen":"IRONCLAD","items_purchased":[],"campfire_rested":1,"item_purchase_floors":[],"current_hp_per_floor":[78,58,58,64,70,80,38,28,28,28,0],"gold":209,"neow_bonus":"THREE_ENEMY_KILL","is_prod":false,"is_daily":false,"chose_seed":false,"campfire_upgraded":1,"win_rate":0,"timestamp":1554327425,"path_taken":["M","?","?","M","?","R","E","M","T","R","E"],"build_version":"2019-01-23","purchased_purges":0,"victory":false,"max_hp_per_floor":[80,80,80,80,80,80,80,80,80,80,80],"card_choices":[{"not_picked":["Clothesline","Anger"],"picked":"Body Slam","floor":1},{"not_picked":["Burning Pact","Reckless Charge","Bloodletting"],"picked":"SKIP","floor":4},{"not_picked":["Searing Blow","Heavy Blade","Pommel Strike"],"picked":"SKIP","floor":5},{"not_picked":["Whirlwind","Searing Blow"],"picked":"Double Tap","floor":7},{"not_picked":["Burning Pact","Intimidate"],"picked":"Entrench","floor":8}],"player_experience":197044,"relics_obtained":[{"floor":7,"key":"Blood Vial"},{"floor":9,"key":"Lantern"}],"event_choices":[{"damage_healed":0,"gold_gain":0,"player_choice":"Take Damage","damage_taken":20,"relics_obtained":["Golden Idol"],"max_hp_gain":0,"max_hp_loss":0,"event_name":"Golden Idol","floor":2,"gold_loss":0},{"damage_healed":0,"gold_gain":0,"player_choice":"Trade","damage_taken":0,"relics_obtained":["GremlinMask"],"max_hp_gain":0,"max_hp_loss":0,"event_name":"FaceTrader","floor":3,"gold_loss":0}],"is_beta":false,"boss_relics":[],"items_purged_floors":[],"is_endless":false,"potions_floor_spawned":[4,7,8],"killed_by":"3 Sentries","ascension_level":10}