{"gold_per_floor":[114,114,189,189,204,204,236,236,236,249,266,266,296,314,314,314],"floor_reached":16,"playtime":441,"items_purged":[],"score":270,"play_id":"5faa8040-2741-485e-af80-066c001d6069","local_time":"20190620220431","is_ascension_mode":true,"campfire_choices":[{"data":"Blade Dance","floor":6,"key":"SMITH"},{"data":"All Out Attack","floor":8,"key":"SMITH"},{"data":"Footwork","floor":15,"key":"SMITH"}],"neow_cost":"NONE","seed_source_timestamp":541175400530120,"circlet_count":0,"master_deck":["AscendersBane","Defend_G","Defend_G","Defend_G","Defend_G","Defend_G","Strike_G","Strike_G","Strike_G","Strike_G","Survivor","Neutralize","Cloak And Dagger","Blade Dance+1","All Out Attack+1","Footwork+1","Cloak And Dagger","Dodge and Roll"],"relics":["Ring of the Snake","NeowsBlessing","Blue Candle","Boot","Mummified Hand"],"potions_floor_usage":[12,16],"damage_taken":[{"damage":0,"enemies":"Small Slimes","floor":1,"turns":1},{"damage":0,"enemies":"2 Louse","floor":5,"turns":1},{"damage":0,"enemies":"3 Sentries","floor":7,"turns":1},{"damage":0,"enemies":"Cultist","floor":10,"turns":3},{"damage":0,"enemies":"Red Slaver","floor":11,"turns":5},{"damage":28,"enemies":"Lagavulin","floor":13,"turns":10},{"damage":0,"enemies":"Blue Slaver","floor":14,"turns":2},{"damage":22,"enemies":"Hexaghost","floor":16,"turns":9}],"seed_played":"4521964817927590389","potions_obtained":[{"floor":5,"key":"Ancient Potion"},{"floor":11,"key":"Explosive Potion"},{"floor":12,"key":"Fruit Juice"},{"floor":12,"key":"EntropicBrew"}],"is_trial":false,"path_per_floor":["M","?","?","?","M","R","E","R","T","M","M","?","E","M","R","B"],"character_chosen":"THE_SILENT","items_purchased":[],"campfire_rested":0,"item_purchase_floors":[],"current_hp_per_floor":[59,52,41,41,41,41,41,41,41,41,41,46,18,18,18,0],"gold":314,"neow_bonus":"THREE_ENEMY_KILL","is_prod":false,"is_daily":false,"chose_seed":false,"campfire_upgraded":3,"win_rate":0,"timestamp":1561061071,"path_taken":["M","?","?","?","M","R","E","R","T","M","M","?","E","M","R","BOSS"],"build_version":"2019-01-23","purchased_purges":0,"victory":false,"max_hp_per_floor":[66,66,66,66,66,66,66,66,66,66,66,71,71,71,71,71],"card_choices":[{"not_picked":["Bane","Underhanded Strike"],"picked":"Cloak And Dagger","floor":1},{"not_picked":["Cloak And Dagger","Quick Slash"],"picked":"Blade Dance","floor":5},{"not_picked":["Bullet Time","Outmaneuver"],"picked":"All Out Attack","floor":7},{"not_picked":["Blur","Eviscerate"],"picked":"Footwork","floor":10},{"not_picked":["Underhanded Strike","Accuracy","Choke"],"picked":"SKIP","floor":11},{"not_picked":["Dagger Throw","Backflip"],"picked":"Cloak And Dagger","floor":13},{"not_picked":["Predator","Underhanded Strike"],"picked":"Dodge and Roll","floor":14}],"player_experience":628848,"relics_obtained":[{"floor":7,"key":"Blue Candle"},{"floor":9,"key":"Boot"},{"floor":13,"key":"Mummified Hand"}],"event_choices":[{"cards_removed":["Strike_G"],"damage_healed":0,"gold_gain":0,"player_choice":"Card Removal","damage_taken":7,"max_hp_gain":0,"max_hp_loss":0,"event_name":"Golden Wing","floor":2,"gold_loss":0},{"damage_healed":0,"gold_gain":75,"player_choice":"Gather Gold","damage_taken":11,"max_hp_gain":0,"max_hp_loss":0,"event_name":"World of Goop","floor":3,"gold_loss":0},{"damage_healed":0,"gold_gain":0,"player_choice":"Ignored","damage_taken":0,"max_hp_gain":0,"max_hp_loss":0,"event_name":"Liars Game","floor":4,"gold_loss":0},{"damage_healed":0,"gold_gain":0,"player_choice":"Got Potions","damage_taken":0,"max_hp_gain":0,"max_hp_loss":0,"event_name":"Lab","floor":12,"gold_loss":0}],"is_beta":false,"boss_relics":[],"items_purged_floors":[],"is_endless":false,"potions_floor_spawned":[5,11],"killed_by":"Hexaghost","ascension_level":20}