{"gold_per_floor":[215,215,215,231,243,243,278,278,278,312,312,324,324,336,336,441,441,422,422,127,146,156,185,185,195,195,195,256,256,306,17,17,120,120,136,286,296,306,317,317,367,54,78,128,194,212,222,272,272,272],"floor_reached":50,"playtime":3361,"items_purged":["Strike_G"],"score":548,"play_id":"d97ec7aa-8fdb-4bb4-bf51-d170ea09c142","local_time":"20190404202636","is_ascension_mode":true,"campfire_choices":[{"data":"Leg Sweep","floor":6,"key":"SMITH"},{"data":"Blade Dance","floor":8,"key":"SMITH"},{"data":"Acrobatics","floor":11,"key":"SMITH"},{"floor":15,"key":"REST"},{"data":"Cloak And Dagger","floor":24,"key":"SMITH"},{"data":"Glass Knife","floor":27,"key":"SMITH"},{"floor":29,"key":"REST"},{"data":"Panacea","floor":32,"key":"SMITH"},{"floor":40,"key":"REST"},{"data":"Mind Blast","floor":49,"key":"SMITH"}],"neow_cost":"NONE","seed_source_timestamp":1973681477800,"circlet_count":0,"master_deck":["Defend_G","Defend_G","Defend_G","Defend_G","Defend_G","Strike_G","Strike_G","Strike_G","Strike_G","Survivor","Neutralize","Quick Slash","Prepared","Leg Sweep+1","Blade Dance+1","Acrobatics+1","After Image","Skewer","Glass Knife+1","Deflect","Infinite Blades","Dagger Throw","Dramatic Entrance","Expertise","Flechettes","Dagger Throw","Cloak And Dagger+1","Quick Slash+1","Flying Knee","Dodge and Roll","Dagger Throw","Dagger Spray","Panacea+1","Glass Knife","Underhanded Strike+1","Deflect+1","Calculated Gamble+1","Flying Knee","Mind Blast+1","Bandage Up","Crippling Poison","Deflect+1","Endless Agony+1","Distraction"],"relics":["Ring of the Snake","Kunai","Omamori","Strawberry","Letter Opener","Sozu","SsserpentHead","Oddly Smooth Stone","Dead Branch","WristBlade","Tingsha","Bronze Scales","Blood Vial"],"potions_floor_usage":[7,16,22,23,33],"damage_taken":[{"damage":0,"enemies":"2 Louse","floor":1,"turns":4},{"damage":0,"enemies":"Cultist","floor":4,"turns":4},{"damage":0,"enemies":"Small Slimes","floor":5,"turns":4},{"damage":12,"enemies":"Lagavulin","floor":7,"turns":10},{"damage":20,"enemies":"Gremlin Nob","floor":10,"turns":5},{"damage":10,"enemies":"Exordium Thugs","floor":12,"turns":5},{"damage":0,"enemies":"Blue Slaver","floor":14,"turns":4},{"damage":33,"enemies":"Hexaghost","floor":16,"turns":16},{"damage":2,"enemies":"2 Thieves","floor":18,"turns":4},{"damage":0,"enemies":"Spheric Guardian","floor":21,"turns":3},{"damage":20,"enemies":"Snake Plant","floor":22,"turns":5},{"damage":27,"enemies":"Slavers","floor":23,"turns":5},{"damage":4,"enemies":"Sentry and Sphere","floor":25,"turns":6},{"damage":5,"enemies":"Cultist and Chosen","floor":28,"turns":5},{"damage":47,"enemies":"Automaton","floor":33,"turns":10},{"damage":28,"enemies":"3 Darklings","floor":35,"turns":4},{"damage":4,"enemies":"Mind Bloom Boss Battle","floor":36,"turns":7},{"damage":0,"enemies":"Orb Walker","floor":37,"turns":2},{"damage":0,"enemies":"Sphere and 2 Shapes","floor":38,"turns":3},{"damage":16,"enemies":"Jaw Worm Horde","floor":39,"turns":4},{"damage":3,"enemies":"Spire Growth","floor":45,"turns":4},{"damage":16,"enemies":"4 Shapes","floor":46,"turns":3},{"damage":0,"enemies":"Transient","floor":47,"turns":5},{"damage":81,"enemies":"Awakened One","floor":50,"turns":10}],"seed_played":"-8081268188906066320","potions_obtained":[{"floor":4,"key":"Dexterity Potion"},{"floor":5,"key":"Fire Potion"},{"floor":10,"key":"SkillPotion"},{"floor":12,"key":"Regen Potion"},{"floor":13,"key":"Energy Potion"},{"floor":16,"key":"Poison Potion"}],"is_trial":false,"path_per_floor":["M","?","?","M","M","R","E","R","T","E","R","M","?","M","R","B",null,"M","?","$","M","M","E","R","M","T","R","M","R","?","$","R","B",null,"M","?","M","M","M","R","?","$","T","?","M","M","M","?","R","B"],"character_chosen":"THE_SILENT","items_purchased":["Infinite Blades","Dagger Throw","Dramatic Entrance","Expertise","Dodge and Roll","Dagger Throw","Dagger Spray","Panacea","Bandage Up","Bronze Scales","Crippling Poison"],"campfire_rested":3,"item_purchase_floors":[20,20,20,20,31,31,31,31,42,42,42],"current_hp_per_floor":[70,63,68,68,68,68,56,56,63,43,43,33,33,33,57,24,82,80,80,80,80,60,47,47,43,43,43,38,62,62,62,62,15,82,54,50,50,50,34,58,58,58,58,58,57,43,49,70,70,0],"gold":272,"neow_bonus":"HUNDRED_GOLD","is_prod":false,"is_daily":false,"chose_seed":false,"campfire_upgraded":7,"win_rate":0,"timestamp":1554423996,"path_taken":["M","?","?","M","M","R","E","R","T","E","R","M","?","M","R","BOSS","M","?","$","M","M","E","R","M","T","R","?","R","?","$","R","BOSS","M","?","M","M","M","R","?","$","T","?","?","M","M","?","R","BOSS"],"build_version":"2019-01-23","purchased_purges":1,"victory":false,"max_hp_per_floor":[70,70,75,75,75,75,75,75,82,82,82,82,82,82,82,82,82,82,82,82,82,82,82,82,82,82,82,82,82,82,82,82,82,82,82,82,82,82,82,82,82,82,82,82,82,82,82,82,82,82],"card_choices":[{"not_picked":["Deflect","Dash"],"picked":"Quick Slash","floor":1},{"not_picked":["PiercingWail","Finisher"],"picked":"Prepared","floor":4},{"not_picked":["Escape Plan","Reflex"],"picked":"Leg Sweep","floor":5},{"not_picked":["Skewer","Dash"],"picked":"Blade Dance","floor":7},{"not_picked":["Poisoned Stab","Deflect"],"picked":"Acrobatics","floor":10},{"not_picked":["PiercingWail","Outmaneuver"],"picked":"After Image","floor":12},{"not_picked":["Underhanded Strike","Blur"],"picked":"Skewer","floor":14},{"not_picked":["Burst","Venomology"],"picked":"Glass Knife","floor":16},{"not_picked":["Blade Dance","Dodge and Roll"],"picked":"Deflect","floor":18},{"not_picked":["Expertise","Deflect"],"picked":"Flechettes","floor":21},{"not_picked":["Slice+1","Deflect"],"picked":"Dagger Throw","floor":22},{"not_picked":["Expertise","Dagger Throw"],"picked":"Cloak And Dagger","floor":23},{"not_picked":["Venomology","Tactician"],"picked":"Quick Slash+1","floor":25},{"not_picked":["Quick Slash","Poisoned Stab"],"picked":"Flying Knee","floor":28},{"not_picked":["Malaise","After Image"],"picked":"Glass Knife","floor":33},{"not_picked":["Sucker Punch","Blur+1"],"picked":"Underhanded Strike+1","floor":35},{"not_picked":["PiercingWail+1","Sucker Punch+1"],"picked":"Deflect+1","floor":36},{"not_picked":["Distraction+1","Dodge and Roll+1"],"picked":"Calculated Gamble+1","floor":37},{"not_picked":["Outmaneuver","PiercingWail"],"picked":"Flying Knee","floor":38},{"not_picked":["Outmaneuver","PiercingWail"],"picked":"All Out Attack","floor":39},{"not_picked":["Panache","Secret Technique"],"picked":"Mind Blast","floor":41},{"not_picked":["Dagger Throw+1","Terror+1"],"picked":"Deflect+1","floor":45},{"not_picked":["Quick Slash+1","Deadly Poison"],"picked":"Endless Agony+1","floor":46},{"not_picked":["Deadly Poison","Terror+1"],"picked":"Distraction","floor":47}],"player_experience":84228,"relics_obtained":[{"floor":7,"key":"Omamori"},{"floor":9,"key":"Strawberry"},{"floor":10,"key":"Letter Opener"},{"floor":23,"key":"Oddly Smooth Stone"},{"floor":26,"key":"Dead Branch"},{"floor":36,"key":"Tingsha"},{"floor":43,"key":"Blood Vial"}],"event_choices":[{"damage_healed":0,"gold_gain":0,"player_choice":"Success","damage_taken":7,"relics_obtained":["Kunai"],"max_hp_gain":0,"max_hp_loss":0,"event_name":"Scrap Ooze","floor":2,"gold_loss":0},{"damage_healed":0,"gold_gain":0,"player_choice":"Donut","damage_taken":0,"max_hp_gain":5,"max_hp_loss":0,"event_name":"Big Fish","floor":3,"gold_loss":0},{"damage_healed":0,"gold_gain":0,"player_choice":"Got Potions","damage_taken":0,"max_hp_gain":0,"max_hp_loss":0,"event_name":"Lab","floor":13,"gold_loss":0},{"damage_healed":0,"gold_gain":0,"player_choice":"Trade","damage_taken":0,"relics_obtained":["SsserpentHead"],"max_hp_gain":0,"max_hp_loss":0,"event_name":"FaceTrader","floor":19,"gold_loss":0},{"damage_healed":0,"gold_gain":0,"player_choice":"Smashed Altar","damage_taken":0,"max_hp_gain":0,"max_hp_loss":0,"event_name":"Forgotten Altar","floor":30,"gold_loss":0,"cards_obtained":["Decay"]},{"damage_healed":0,"gold_gain":0,"player_choice":"Fight","damage_taken":0,"max_hp_gain":0,"max_hp_loss":0,"event_name":"MindBloom","floor":36,"gold_loss":0},{"damage_healed":0,"gold_gain":0,"player_choice":"Memory 1","damage_taken":0,"max_hp_gain":0,"max_hp_loss":0,"event_name":"SensoryStone","floor":41,"gold_loss":0},{"cards_removed":["All Out Attack"],"damage_healed":0,"gold_gain":0,"player_choice":"Removed Attack","damage_taken":0,"max_hp_gain":0,"max_hp_loss":0,"event_name":"Falling","floor":44,"gold_loss":0},{"damage_healed":21,"gold_gain":0,"player_choice":"Writhe","damage_taken":0,"max_hp_gain":0,"max_hp_loss":0,"event_name":"Winding Halls","floor":48,"gold_loss":0,"cards_obtained":["Writhe"]}],"is_beta":false,"boss_relics":[{"not_picked":["Orrery","HoveringKite"],"picked":"Sozu"},{"not_picked":["Eternal Feather","Ring of the Serpent"],"picked":"WristBlade"}],"items_purged_floors":[31],"is_endless":false,"potions_floor_spawned":[4,5,10,12,16,23,25,28,36,38,39,46,47],"killed_by":"Awakened One","ascension_level":1}