{"gold_per_floor":[117,117,128,140,240,271,286,306,306,67,95,115,135,135],"floor_reached":14,"playtime":681,"items_purged":[],"score":114,"play_id":"6265c2a5-da78-4469-8466-e3239628f602","local_time":"20190324013230","is_ascension_mode":true,"campfire_choices":[],"neow_cost":"NONE","seed_source_timestamp":292538945600,"circlet_count":0,"master_deck":["Strike_B","Strike_B","Strike_B","Strike_B","Defend_B","Defend_B","Defend_B","Defend_B","Zap+1","Dualcast","Finesse","Leap","Doom and Gloom","Compile Driver","Cold Snap","Loop","Auto Shields","Gash","Enlightenment","Rebound","Capacitor","Sweeping Beam","Go for the Eyes","Barrage"],"relics":["Cracked Core","Bottled Lightning","Ginger","Mercury Hourglass"],"potions_floor_usage":[8,11],"damage_taken":[{"damage":4,"enemies":"Jaw Worm","floor":1,"turns":4},{"damage":0,"enemies":"Small Slimes","floor":3,"turns":3},{"damage":0,"enemies":"Cultist","floor":4,"turns":3},{"damage":6,"enemies":"3 Sentries","floor":6,"turns":4},{"damage":12,"enemies":"Lots of Slimes","floor":7,"turns":3},{"damage":8,"enemies":"Large Slime","floor":8,"turns":4},{"damage":26,"enemies":"Gremlin Nob","floor":11,"turns":4},{"damage":19,"enemies":"Blue Slaver","floor":12,"turns":3},{"damage":0,"enemies":"2 Fungi Beasts","floor":13,"turns":2},{"damage":7,"enemies":"Lots of Slimes","floor":14,"turns":1}],"seed_played":"-199329213071516724","potions_obtained":[{"floor":1,"key":"Ancient Potion"},{"floor":4,"key":"Fruit Juice"},{"floor":6,"key":"Fire Potion"},{"floor":8,"key":"FearPotion"},{"floor":12,"key":"Weak Potion"}],"is_trial":false,"path_per_floor":["M","?","M","M","?","E","M","M","T","$","E","M","M","M"],"character_chosen":"DEFECT","items_purchased":["Gash","Enlightenment","Rebound","Capacitor"],"campfire_rested":0,"item_purchase_floors":[10,10,10,10],"current_hp_per_floor":[71,71,71,71,71,65,53,50,50,50,24,5,5,0],"gold":135,"neow_bonus":"RANDOM_COLORLESS","is_prod":false,"is_daily":false,"chose_seed":false,"campfire_upgraded":0,"win_rate":0,"timestamp":1553405550,"path_taken":["M","?","M","M","?","E","?","M","T","$","E","M","M","M"],"build_version":"2019-01-23","purchased_purges":0,"victory":false,"max_hp_per_floor":[75,75,75,75,75,75,75,80,80,80,80,80,80,80],"card_choices":[{"not_picked":["Redo","Turbo"],"picked":"Leap","floor":1},{"not_picked":["Fusion","Chill"],"picked":"Doom and Gloom","floor":3},{"not_picked":["Doom and Gloom","Sunder"],"picked":"Compile Driver","floor":4},{"not_picked":["Barrage","Steam Power"],"picked":"Cold Snap","floor":6},{"not_picked":["Go for the Eyes","Streamline"],"picked":"Loop","floor":7},{"not_picked":["Stack","Gash"],"picked":"Auto Shields","floor":8},{"not_picked":["Reboot","Rip and Tear"],"picked":"Sweeping Beam","floor":11},{"not_picked":["Sweeping Beam","Capacitor"],"picked":"Go for the Eyes","floor":12},{"not_picked":["Skim","Reprogram"],"picked":"Barrage","floor":13}],"player_experience":56367,"relics_obtained":[{"floor":6,"key":"Bottled Lightning"},{"floor":9,"key":"Ginger"},{"floor":11,"key":"Mercury Hourglass"}],"event_choices":[{"damage_healed":0,"gold_gain":0,"player_choice":"Grow","damage_taken":0,"max_hp_gain":0,"max_hp_loss":0,"event_name":"Living Wall","floor":2,"gold_loss":0,"cards_upgraded":["Zap"]},{"damage_healed":0,"gold_gain":100,"player_choice":"Pray","damage_taken":0,"max_hp_gain":0,"max_hp_loss":0,"event_name":"Golden Shrine","floor":5,"gold_loss":0}],"is_beta":false,"boss_relics":[],"items_purged_floors":[],"is_endless":false,"potions_floor_spawned":[1,4,6,8,12],"killed_by":"Lots of Slimes","ascension_level":2}