{"gold_per_floor":[116,136,8,183,183,183,210,210,210,223,123,123,149,167,167,167],"floor_reached":16,"playtime":492,"items_purged":["Strike_R","Doubt"],"score":206,"play_id":"0645e219-8a45-4b1c-9186-c09c5b62d752","local_time":"20190515181229","is_ascension_mode":true,"campfire_choices":[{"data":"Searing Blow","floor":6,"key":"SMITH"},{"data":"Searing Blow+1","floor":8,"key":"SMITH"},{"data":"Searing Blow+2","floor":12,"key":"SMITH"},{"data":"Searing Blow+3","floor":15,"key":"SMITH"}],"neow_cost":"NONE","seed_source_timestamp":4791545146400,"circlet_count":0,"master_deck":["AscendersBane","Strike_R","Strike_R","Strike_R","Strike_R","Defend_R","Defend_R","Defend_R","Defend_R","Bash","Searing Blow+4","Shrug It Off","Flame Barrier+1","Dual Wield+1"],"relics":["Burning Blood","NeowsBlessing","Toxic Egg 2","Oddly Smooth Stone","Pear","Ice Cream"],"potions_floor_usage":[10,16],"damage_taken":[{"damage":0,"enemies":"Jaw Worm","floor":1,"turns":1},{"damage":0,"enemies":"2 Louse","floor":2,"turns":1},{"damage":0,"enemies":"Lagavulin","floor":7,"turns":1},{"damage":0,"enemies":"Small Slimes","floor":10,"turns":3},{"damage":25,"enemies":"Gremlin Nob","floor":13,"turns":4},{"damage":5,"enemies":"Looter","floor":14,"turns":2},{"damage":67,"enemies":"Slime Boss","floor":16,"turns":10}],"seed_played":"4294760757667514871","potions_obtained":[{"floor":2,"key":"AttackPotion"},{"floor":10,"key":"SteroidPotion"}],"is_trial":false,"path_per_floor":["M","M","$","?","?","R","E","R","T","M","$","R","E","M","R","B"],"character_chosen":"IRONCLAD","items_purchased":["Shrug It Off"],"campfire_rested":0,"item_purchase_floors":[3],"current_hp_per_floor":[78,80,80,80,62,62,68,68,78,84,84,84,65,66,66,0],"gold":167,"neow_bonus":"THREE_ENEMY_KILL","is_prod":false,"is_daily":false,"chose_seed":false,"campfire_upgraded":4,"win_rate":0,"timestamp":1557958349,"path_taken":["M","M","$","?","?","R","E","R","T","M","$","R","E","M","R","BOSS"],"build_version":"2019-01-23","purchased_purges":2,"victory":false,"max_hp_per_floor":[80,80,80,80,80,80,80,80,90,90,90,90,90,90,90,90],"card_choices":[{"not_picked":["Clash","Anger"],"picked":"Searing Blow","floor":1},{"not_picked":["Twin Strike","Flex","Warcry"],"picked":"SKIP","floor":2},{"not_picked":["Combust","True Grit+1"],"picked":"Flame Barrier+1","floor":7},{"not_picked":["Offering+1","Flex+1"],"picked":"Dual Wield+1","floor":10},{"not_picked":["Sentinel+1","Searing Blow","Havoc+1"],"picked":"SKIP","floor":13},{"not_picked":["Metallicize","Body Slam","Perfected Strike"],"picked":"SKIP","floor":14}],"player_experience":282343,"relics_obtained":[{"floor":7,"key":"Oddly Smooth Stone"},{"floor":9,"key":"Pear"},{"floor":13,"key":"Ice Cream"}],"event_choices":[{"damage_healed":0,"gold_gain":175,"player_choice":"AGREE","damage_taken":0,"max_hp_gain":0,"max_hp_loss":0,"event_name":"Liars Game","floor":4,"gold_loss":0,"cards_obtained":["Doubt"]},{"damage_healed":0,"gold_gain":0,"player_choice":"Success","damage_taken":18,"relics_obtained":["Toxic Egg 2"],"max_hp_gain":0,"max_hp_loss":0,"event_name":"Scrap Ooze","floor":5,"gold_loss":0}],"is_beta":false,"boss_relics":[],"items_purged_floors":[3,11],"is_endless":false,"potions_floor_spawned":[2,10],"killed_by":"Slime Boss","ascension_level":11}