{"gold_per_floor":[115,115,57,75,225,256,256,282,282,314,314,314,333,345,345,416,416,435,435,435,223,235,235,84,84],"floor_reached":25,"playtime":655,"items_purged":["Normality","Parasite"],"score":472,"play_id":"a8455730-5e46-4724-9429-19c21624f2e9","local_time":"20190902183328","is_ascension_mode":true,"campfire_choices":[{"data":"Bash","floor":7,"key":"SMITH"},{"data":"True Grit","floor":11,"key":"SMITH"},{"data":"Inflame","floor":15,"key":"SMITH"},{"data":"Carnage","floor":23,"key":"SMITH"}],"neow_cost":"NONE","seed_source_timestamp":110529856200,"circlet_count":0,"master_deck":["AscendersBane","Strike_R","Strike_R","Strike_R","Strike_R","Defend_R","Defend_R","Defend_R","Defend_R","Bash+1","Wild Strike","Sword Boomerang","Inflame+1","True Grit+1","Infernal Blade","Shrug It Off","Battle Trance","Carnage+1","Impervious","Disarm","Flame Barrier","Headbutt","Thunderclap","Iron Wave"],"relics":["Burning Blood","NeowsBlessing","Bottled Tornado","Pocketwatch","Paper Frog","Shuriken","Question Card","Eternal Feather"],"potions_floor_usage":[8,8,16,25],"damage_taken":[{"damage":0,"enemies":"Small Slimes","floor":1,"turns":1},{"damage":0,"enemies":"Cultist","floor":4,"turns":1},{"damage":0,"enemies":"Gremlin Nob","floor":6,"turns":1},{"damage":23,"enemies":"Lagavulin","floor":8,"turns":4},{"damage":26,"enemies":"3 Sentries","floor":10,"turns":8},{"damage":1,"enemies":"2 Louse","floor":13,"turns":3},{"damage":9,"enemies":"Looter","floor":14,"turns":3},{"damage":38,"enemies":"Hexaghost","floor":16,"turns":9},{"damage":21,"enemies":"Shell Parasite","floor":18,"turns":6},{"damage":14,"enemies":"3 Byrds","floor":22,"turns":7},{"damage":48,"enemies":"Slavers","floor":25,"turns":3}],"seed_played":"365795259949421125","potions_obtained":[{"floor":1,"key":"SteroidPotion"},{"floor":6,"key":"SteroidPotion"},{"floor":10,"key":"PowerPotion"},{"floor":16,"key":"EssenceOfSteel"}],"is_trial":false,"path_per_floor":["M","?","$","M","?","E","R","E","T","E","R","T","M","M","R","B",null,"M","?","?","$","M","R","$","E"],"character_chosen":"IRONCLAD","items_purchased":["Sword Boomerang","Flame Barrier","Headbutt","Iron Wave"],"campfire_rested":0,"item_purchase_floors":[3,21,21,24],"current_hp_per_floor":[74,74,74,75,75,75,75,58,58,38,38,38,43,40,40,8,58,43,43,43,43,35,47,47,0],"gold":84,"neow_bonus":"THREE_ENEMY_KILL","is_prod":false,"is_daily":false,"chose_seed":false,"campfire_upgraded":4,"win_rate":0,"timestamp":1567463608,"path_taken":["M","?","?","M","?","E","R","E","T","E","R","?","M","M","R","BOSS","M","?","?","$","M","R","?","E"],"build_version":"2019-07-17","purchased_purges":2,"victory":false,"max_hp_per_floor":[75,75,75,75,75,75,75,75,75,75,75,75,75,75,75,75,75,75,75,75,75,75,75,72,72],"card_choices":[{"not_picked":["Power Through","Entrench"],"picked":"Wild Strike","floor":1},{"not_picked":["Second Wind","Armaments"],"picked":"Inflame","floor":4},{"not_picked":["Iron Wave","Twin Strike"],"picked":"True Grit","floor":6},{"not_picked":["Havoc","Dual Wield"],"picked":"Infernal Blade","floor":8},{"not_picked":["Burning Pact","Sword Boomerang"],"picked":"Shrug It Off","floor":10},{"not_picked":["Reckless Charge","Sentinel","Seeing Red"],"picked":"Battle Trance","floor":13},{"not_picked":["Pummel","Second Wind","Clash"],"picked":"Carnage","floor":14},{"not_picked":["Brutality","Bludgeon","Exhume"],"picked":"Impervious","floor":16},{"not_picked":["Infernal Blade","Ghostly Armor","Entrench"],"picked":"Disarm","floor":18},{"not_picked":["Power Through","Sword Boomerang","Perfected Strike"],"picked":"Thunderclap","floor":22}],"player_experience":460208,"relics_obtained":[{"floor":6,"key":"Bottled Tornado"},{"floor":8,"key":"Pocketwatch"},{"floor":9,"key":"Paper Frog"},{"floor":10,"key":"Shuriken"},{"floor":12,"key":"Question Card"}],"event_choices":[{"cards_removed":["Strike_R"],"damage_healed":0,"gold_gain":0,"player_choice":"Offered Basic","damage_taken":0,"max_hp_gain":0,"max_hp_loss":0,"event_name":"Bonfire Elementals","floor":2,"gold_loss":0},{"damage_healed":0,"gold_gain":150,"player_choice":"AGREE","damage_taken":0,"max_hp_gain":0,"max_hp_loss":0,"event_name":"Liars Game","floor":5,"gold_loss":0,"cards_obtained":["Doubt"]},{"damage_healed":0,"gold_gain":0,"player_choice":"Smashed Altar","damage_taken":0,"max_hp_gain":0,"max_hp_loss":0,"event_name":"Forgotten Altar","floor":19,"gold_loss":0,"cards_obtained":["Decay"]},{"damage_healed":0,"gold_gain":0,"cards_transformed":["Doubt","Decay"],"player_choice":"Became Test Subject","damage_taken":0,"max_hp_gain":0,"max_hp_loss":0,"event_name":"Drug Dealer","floor":20,"gold_loss":0,"cards_obtained":["Normality","Parasite"]}],"is_beta":false,"boss_relics":[{"not_picked":["Snecko Eye","White Beast Statue"],"picked":"Eternal Feather"}],"items_purged_floors":[21,24],"is_endless":false,"potions_floor_spawned":[1,6,10,16],"killed_by":"Slavers","ascension_level":19}