{"gold_per_floor":[112,112,130,205,205,205,231,231,231,250,270,280,299,23,23,125,125,125,125,25,25,25,25,25,25,25,25,25,25,25,25,25,25],"floor_reached":33,"playtime":1285,"items_purged":["Defend_R","Defend_R"],"score":355,"play_id":"09575769-6767-41ca-8e87-173782c7db2b","local_time":"20190415001923","is_ascension_mode":true,"campfire_choices":[{"data":"Bash","floor":6,"key":"SMITH"},{"data":"Shrug It Off","floor":8,"key":"SMITH"},{"data":"Flame Barrier","floor":15,"key":"SMITH"},{"data":"Perfected Strike","floor":23,"key":"SMITH"},{"data":"Shrug It Off","floor":25,"key":"SMITH"},{"data":"Immolate","floor":27,"key":"SMITH"},{"data":"Infernal Blade","floor":30,"key":"SMITH"},{"data":"Cleave","floor":32,"key":"SMITH"}],"neow_cost":"NONE","seed_source_timestamp":10703262663900,"circlet_count":0,"master_deck":["Strike_R","Strike_R","Strike_R","Strike_R","Strike_R","Defend_R","Defend_R","Bash+1","Impervious","Perfected Strike+1","Infernal Blade+1","Shrug It Off+1","Flame Barrier+1","Shrug It Off+1","Cleave+1","Wild Strike","Immolate+1","Pommel Strike","Perfected Strike+1","Battle Trance+1"],"relics":["Burning Blood","Mummified Hand","Charon\u0027s Ashes","Orichalcum","Ectoplasm","Bottled Lightning"],"potions_floor_usage":[7,16,16,16,18,33,33],"damage_taken":[{"damage":11,"enemies":"Jaw Worm","floor":1,"turns":5},{"damage":0,"enemies":"2 Louse","floor":3,"turns":2},{"damage":35,"enemies":"3 Sentries","floor":7,"turns":7},{"damage":0,"enemies":"Small Slimes","floor":10,"turns":3},{"damage":2,"enemies":"Exordium Wildlife","floor":11,"turns":4},{"damage":6,"enemies":"Red Slaver","floor":12,"turns":4},{"damage":15,"enemies":"Lots of Slimes","floor":13,"turns":5},{"damage":39,"enemies":"The Guardian","floor":16,"turns":15},{"damage":10,"enemies":"3 Byrds","floor":18,"turns":3},{"damage":9,"enemies":"Shell Parasite","floor":19,"turns":4},{"damage":14,"enemies":"Cultist and Chosen","floor":22,"turns":6},{"damage":0,"enemies":"Snecko","floor":28,"turns":2},{"damage":62,"enemies":"Collector","floor":33,"turns":7}],"seed_played":"1674176576620277502","potions_obtained":[{"floor":3,"key":"AttackPotion"},{"floor":10,"key":"FearPotion"},{"floor":11,"key":"EntropicBrew"},{"floor":13,"key":"Regen Potion"},{"floor":28,"key":"Poison Potion"}],"is_trial":false,"path_per_floor":["M","?","M","?","?","R","E","R","T","M","M","M","M","$","R","B",null,"M","M","$","?","M","R","$","R","T","R","M","$","R","?","R","B"],"character_chosen":"IRONCLAD","items_purchased":["Wild Strike","Orichalcum"],"campfire_rested":0,"item_purchase_floors":[14,14],"current_hp_per_floor":[67,72,78,67,67,67,38,38,38,44,48,48,39,39,39,21,69,65,62,62,62,54,54,54,54,54,54,60,60,60,60,60,0],"gold":25,"neow_bonus":"ONE_RANDOM_RARE_CARD","is_prod":false,"is_daily":false,"chose_seed":false,"campfire_upgraded":8,"win_rate":0,"timestamp":1555301963,"path_taken":["M","?","M","?","?","R","E","R","T","?","M","M","M","?","R","BOSS","M","M","?","?","M","R","$","R","T","R","M","$","R","?","R","BOSS"],"build_version":"2019-01-23","purchased_purges":2,"victory":false,"max_hp_per_floor":[80,85,85,85,85,85,85,85,85,85,85,85,85,85,85,85,85,85,85,85,85,85,85,85,85,85,85,85,85,85,85,85,85],"card_choices":[{"not_picked":["Shrug It Off","Twin Strike"],"picked":"Perfected Strike","floor":1},{"not_picked":["Seeing Red","Flex"],"picked":"Infernal Blade","floor":3},{"not_picked":["Iron Wave","Rupture"],"picked":"Shrug It Off","floor":7},{"not_picked":["Wild Strike","Thunderclap"],"picked":"Flame Barrier","floor":10},{"not_picked":["True Grit","Intimidate","Searing Blow"],"picked":"SKIP","floor":11},{"not_picked":["Clash","Feel No Pain"],"picked":"Shrug It Off","floor":12},{"not_picked":["Inflame","Iron Wave"],"picked":"Cleave","floor":13},{"not_picked":["Brutality","Berserk"],"picked":"Immolate","floor":16},{"not_picked":["Combust","Pommel Strike","Anger"],"picked":"SKIP","floor":18},{"not_picked":["Combust","Second Wind+1","Iron Wave+1"],"picked":"SKIP","floor":19},{"not_picked":["Uppercut+1","Sever Soul"],"picked":"Perfected Strike","floor":22},{"not_picked":["Anger","True Grit"],"picked":"Battle Trance+1","floor":28}],"player_experience":132890,"relics_obtained":[{"floor":7,"key":"Mummified Hand"},{"floor":9,"key":"Charon\u0027s Ashes"},{"floor":26,"key":"Bottled Lightning"}],"event_choices":[{"damage_healed":0,"gold_gain":0,"player_choice":"Donut","damage_taken":0,"max_hp_gain":5,"max_hp_loss":0,"event_name":"Big Fish","floor":2,"gold_loss":0},{"damage_healed":0,"gold_gain":75,"player_choice":"Gather Gold","damage_taken":11,"max_hp_gain":0,"max_hp_loss":0,"event_name":"World of Goop","floor":4,"gold_loss":0},{"damage_healed":0,"gold_gain":0,"player_choice":"Grow","damage_taken":0,"max_hp_gain":0,"max_hp_loss":0,"event_name":"Living Wall","floor":5,"gold_loss":0,"cards_upgraded":["Perfected Strike"]},{"damage_healed":0,"gold_gain":0,"player_choice":"Read","damage_taken":0,"max_hp_gain":0,"max_hp_loss":0,"event_name":"The Library","floor":21,"gold_loss":0,"cards_obtained":["Pommel Strike"]},{"damage_healed":0,"gold_gain":0,"player_choice":"Ignored","damage_taken":0,"max_hp_gain":0,"max_hp_loss":0,"event_name":"Ghosts","floor":31,"gold_loss":0}],"is_beta":false,"boss_relics":[{"not_picked":["Eternal Feather","Runic Pyramid"],"picked":"Ectoplasm"}],"items_purged_floors":[14,20],"is_endless":false,"potions_floor_spawned":[3,10,11,13,28],"killed_by":"Collector","ascension_level":9}