{"gold_per_floor":[113,113,38,49,62,95,95,108,108,121,121],"floor_reached":11,"playtime":474,"items_purged":["Shame"],"score":113,"play_id":"844f836b-1265-4929-a69f-5ded2de5a1c7","local_time":"20190505013009","is_ascension_mode":true,"campfire_choices":[],"neow_cost":"CURSE","seed_source_timestamp":1826941640000,"circlet_count":0,"master_deck":["AscendersBane","Strike_R","Strike_R","Strike_R","Strike_R","Strike_R","Defend_R","Defend_R","Defend_R","Defend_R","Bash","Searing Blow","Shrug It Off","Twin Strike","Clothesline"],"relics":["Burning Blood","Peace Pipe","NlothsMask","Bronze Scales"],"potions_floor_usage":[11,11],"damage_taken":[{"damage":0,"enemies":"Small Slimes","floor":1,"turns":3},{"damage":6,"enemies":"Cultist","floor":4,"turns":3},{"damage":2,"enemies":"2 Louse","floor":5,"turns":3},{"damage":40,"enemies":"3 Sentries","floor":6,"turns":10},{"damage":7,"enemies":"2 Fungi Beasts","floor":8,"turns":3},{"damage":26,"enemies":"Lots of Slimes","floor":10,"turns":5},{"damage":30,"enemies":"Lagavulin","floor":11,"turns":3}],"seed_played":"-6965825107340429296","potions_obtained":[{"floor":4,"key":"Energy Potion"},{"floor":5,"key":"Ancient Potion"},{"floor":6,"key":"FearPotion"}],"is_trial":false,"path_per_floor":["M","?","$","M","M","E","$","M","T","M","E"],"character_chosen":"IRONCLAD","items_purchased":[],"campfire_rested":0,"item_purchase_floors":[],"current_hp_per_floor":[78,78,78,78,80,46,46,45,45,25,0],"gold":121,"neow_bonus":"ONE_RARE_RELIC","is_prod":false,"is_daily":false,"chose_seed":false,"campfire_upgraded":0,"win_rate":0,"timestamp":1557034209,"path_taken":["M","?","$","M","?","E","$","M","T","M","E"],"build_version":"2019-01-23","purchased_purges":1,"victory":false,"max_hp_per_floor":[80,80,80,80,80,80,80,80,80,80,80],"card_choices":[{"not_picked":["Armaments","Wild Strike"],"picked":"Searing Blow","floor":1},{"not_picked":["Iron Wave","Infernal Blade"],"picked":"Shrug It Off","floor":4},{"not_picked":["Heavy Blade","Anger"],"picked":"Twin Strike","floor":5},{"not_picked":["Demon Form","Havoc"],"picked":"Clothesline","floor":6},{"not_picked":["Power Through","Havoc","Searing Blow"],"picked":"SKIP","floor":8},{"not_picked":["Whirlwind","Headbutt","Infernal Blade"],"picked":"SKIP","floor":10}],"player_experience":180024,"relics_obtained":[{"floor":6,"key":"Bronze Scales"}],"event_choices":[{"damage_healed":0,"gold_gain":0,"player_choice":"Trade","damage_taken":0,"relics_obtained":["NlothsMask"],"max_hp_gain":0,"max_hp_loss":0,"event_name":"FaceTrader","floor":2,"gold_loss":0}],"is_beta":false,"boss_relics":[],"items_purged_floors":[3],"is_endless":false,"potions_floor_spawned":[4,5,6,10],"killed_by":"Lagavulin","ascension_level":10}