{"gold_per_floor":[212,13,13,113,127,155,43,58,58,58,58,78,78,95,95,196,196,215,215,233,233,243,243,257,257,336,370,380,399,219,236,236,337,337,347,327,134,146,163,194,219,257,293,338,46,66,92,106,106,106],"floor_reached":51,"playtime":8209,"items_purged":["Strike_B","Strike_B","Strike_B","Defend_B"],"score":856,"play_id":"72afdfa0-a436-4373-a945-4a3f7d7e2924","local_time":"20190704175412","is_ascension_mode":true,"campfire_choices":[{"floor":11,"key":"REST"},{"floor":13,"key":"REST"},{"data":"Defragment","floor":15,"key":"SMITH"},{"data":"Fusion","floor":23,"key":"SMITH"},{"floor":25,"key":"REST"},{"floor":32,"key":"REST"},{"floor":49,"key":"REST"}],"neow_cost":"NONE","seed_source_timestamp":1045465532987322,"circlet_count":0,"master_deck":["Strike_B+1","Defend_B","Defend_B","Defend_B","Zap","Dualcast+1","Chill","Echo Form","Conserve Battery","Static Discharge","Fusion+1","Glacier","Hologram","Meteor Strike","Defragment+1","Electrodynamics","Defragment+1","Conserve Battery","Multi-Cast","Undo+1","Static Discharge","Coolheaded","Chill","Self Repair+1","Amplify","Redo+1","Storm","Creative AI","White Noise+1","Seek","Force Field","Rebound+1"],"relics":["Cracked Core","Mummified Hand","Calipers","Inserter","Nloth\u0027s Gift","Bottled Lightning","Dream Catcher","Black Star","Orichalcum","MawBank","PreservedInsect","Ornamental Fan","Potion Belt","Torii","Vajra","Anchor","Letter Opener","Shuriken"],"potions_floor_usage":[6,22,27,28,40,41,44,50,50,50,50],"damage_taken":[{"damage":7,"enemies":"Small Slimes","floor":1,"turns":3},{"damage":0,"enemies":"Cultist","floor":5,"turns":4},{"damage":16,"enemies":"Lagavulin","floor":6,"turns":7},{"damage":0,"enemies":"2 Louse","floor":8,"turns":3},{"damage":0,"enemies":"Blue Slaver","floor":12,"turns":6},{"damage":10,"enemies":"Lots of Slimes","floor":14,"turns":6},{"damage":8,"enemies":"Slime Boss","floor":16,"turns":7},{"damage":13,"enemies":"Shell Parasite","floor":18,"turns":5},{"damage":10,"enemies":"Chosen","floor":20,"turns":5},{"damage":7,"enemies":"Snake Plant","floor":22,"turns":4},{"damage":6,"enemies":"Snecko","floor":24,"turns":5},{"damage":22,"enemies":"Book of Stabbing","floor":27,"turns":9},{"damage":3,"enemies":"3 Cultists","floor":28,"turns":8},{"damage":5,"enemies":"Shelled Parasite and Fungi","floor":29,"turns":5},{"damage":6,"enemies":"Cultist and Chosen","floor":31,"turns":6},{"damage":0,"enemies":"Automaton","floor":33,"turns":17},{"damage":0,"enemies":"3 Shapes","floor":35,"turns":8},{"damage":0,"enemies":"3 Darklings","floor":38,"turns":5},{"damage":1,"enemies":"Spire Growth","floor":39,"turns":5},{"damage":35,"enemies":"Giant Head","floor":40,"turns":13},{"damage":0,"enemies":"Maw","floor":41,"turns":6},{"damage":29,"enemies":"Reptomancer","floor":42,"turns":5},{"damage":21,"enemies":"Nemesis","floor":44,"turns":4},{"damage":0,"enemies":"3 Darklings","floor":46,"turns":4},{"damage":1,"enemies":"Giant Head","floor":47,"turns":6},{"damage":0,"enemies":"Jaw Worm Horde","floor":48,"turns":4},{"damage":64,"enemies":"Awakened One","floor":50,"turns":13}],"seed_played":"-7139272214649522880","potions_obtained":[{"floor":1,"key":"Regen Potion"},{"floor":5,"key":"FocusPotion"},{"floor":6,"key":"Poison Potion"},{"floor":16,"key":"Explosive Potion"},{"floor":20,"key":"Block Potion"},{"floor":28,"key":"SteroidPotion"},{"floor":29,"key":"Strength Potion"},{"floor":31,"key":"Weak Potion"},{"floor":33,"key":"SpeedPotion"},{"floor":40,"key":"Regen Potion"},{"floor":41,"key":"Fruit Juice"},{"floor":42,"key":"AttackPotion"},{"floor":46,"key":"Explosive Potion"},{"floor":48,"key":"Poison Potion"}],"is_trial":false,"path_per_floor":["M","$","?","?","M","E","$","M","T","?","R","M","R","M","R","B",null,"M","?","M","?","M","R","M","R","T","E","M","M","$","M","R","B",null,"M","?","$","M","M","E","M","E","T","E","$","M","E","M","R","B",null],"character_chosen":"DEFECT","items_purchased":["Echo Form","Conserve Battery","Glacier","Chill","Storm","Anchor"],"campfire_rested":5,"item_purchase_floors":[2,2,7,30,37,45],"current_hp_per_floor":[68,68,50,50,50,34,34,34,34,19,41,41,63,53,53,45,75,62,62,52,52,45,45,39,61,61,54,51,46,46,40,62,62,75,75,75,75,75,75,60,65,56,56,35,35,45,54,54,78,29],"gold":106,"neow_bonus":"HUNDRED_GOLD","is_prod":false,"is_daily":false,"chose_seed":false,"campfire_upgraded":2,"win_rate":0,"timestamp":1562288052,"path_taken":["M","$","?","?","M","E","$","?","T","?","R","M","R","M","R","BOSS","M","?","M","?","M","R","?","R","T","E","M","M","$","M","R","BOSS","M","?","$","M","M","E","M","E","T","E","$","?","E","M","R","BOSS"],"build_version":"2019-07-01","purchased_purges":4,"victory":true,"max_hp_per_floor":[75,75,75,75,75,75,75,75,75,75,75,75,75,75,75,75,75,75,75,75,75,75,75,75,75,75,75,75,75,75,75,75,75,75,75,75,75,75,75,75,80,80,80,80,80,80,80,80,80,80],"card_choices":[{"not_picked":["Steam Power","Leap"],"picked":"Chill","floor":1},{"not_picked":["Barrage","Beam Cell"],"picked":"Static Discharge","floor":5},{"not_picked":["Stack","Reinforced Body"],"picked":"Fusion","floor":6},{"not_picked":["Go for the Eyes","Beam Cell"],"picked":"Hologram","floor":8},{"not_picked":["Aggregate","Leap"],"picked":"Meteor Strike","floor":12},{"not_picked":["Hologram","Streamline"],"picked":"Defragment","floor":14},{"not_picked":["Amplify","Fission"],"picked":"Electrodynamics","floor":16},{"not_picked":["Cold Snap","Compile Driver"],"picked":"Defragment+1","floor":18},{"not_picked":["Sweeping Beam","Stack","Darkness+1"],"picked":"SKIP","floor":20},{"not_picked":["Ball Lightning","Sweeping Beam"],"picked":"Multi-Cast","floor":22},{"not_picked":["Creative AI","Streamline"],"picked":"Undo+1","floor":24},{"not_picked":["Force Field","All For One","Conserve Battery"],"picked":"SKIP","floor":27},{"not_picked":["Tempest","Leap"],"picked":"Static Discharge","floor":28},{"not_picked":["Fusion+1","Ball Lightning+1"],"picked":"Coolheaded","floor":29},{"not_picked":["Loop","BootSequence"],"picked":"Self Repair+1","floor":31},{"not_picked":["Electrodynamics","Fission"],"picked":"Amplify","floor":33},{"not_picked":["Aggregate+1","Ball Lightning+1"],"picked":"Redo+1","floor":35},{"not_picked":["Lockon+1","Go for the Eyes","Hologram+1"],"picked":"SKIP","floor":38},{"not_picked":["All For One","Gash","Conserve Battery"],"picked":"SKIP","floor":39},{"not_picked":["Ball Lightning","Biased Cognition"],"picked":"Creative AI","floor":40},{"not_picked":["Consume+1","Skim+1"],"picked":"White Noise+1","floor":41},{"not_picked":["Ball Lightning","Glacier"],"picked":"Seek","floor":42},{"not_picked":["Multi-Cast","Stack","Conserve Battery"],"picked":"SKIP","floor":44},{"not_picked":["Cold Snap","Stack+1","Ball Lightning+1"],"picked":"SKIP","floor":46},{"not_picked":["Biased Cognition","Consume"],"picked":"Force Field","floor":47},{"not_picked":["Leap+1","Undo","Skim"],"picked":"SKIP","floor":48},{"not_picked":["Turbo","Barrage"],"picked":"Rebound+1","floor":49}],"player_experience":48625,"relics_obtained":[{"floor":6,"key":"Calipers"},{"floor":9,"key":"Juzu Bracelet"},{"floor":26,"key":"Bottled Lightning"},{"floor":27,"key":"Dream Catcher"},{"floor":40,"key":"Orichalcum"},{"floor":40,"key":"MawBank"},{"floor":42,"key":"PreservedInsect"},{"floor":42,"key":"Ornamental Fan"},{"floor":43,"key":"Potion Belt"},{"floor":44,"key":"Torii"},{"floor":44,"key":"Vajra"},{"floor":47,"key":"Letter Opener"},{"floor":47,"key":"Shuriken"}],"event_choices":[{"damage_healed":0,"gold_gain":0,"player_choice":"Success","damage_taken":18,"relics_obtained":["Mummified Hand"],"max_hp_gain":0,"max_hp_loss":0,"event_name":"Scrap Ooze","floor":3,"gold_loss":0},{"damage_healed":0,"gold_gain":100,"player_choice":"Gold","damage_taken":0,"max_hp_gain":0,"max_hp_loss":0,"event_name":"Wheel of Change","floor":4,"gold_loss":0},{"damage_healed":0,"gold_gain":0,"player_choice":"Entered Light","damage_taken":15,"max_hp_gain":0,"max_hp_loss":0,"event_name":"Shining Light","floor":10,"gold_loss":0,"cards_upgraded":["Dualcast","Strike_B"]},{"damage_healed":0,"gold_gain":0,"player_choice":"Read","damage_taken":0,"max_hp_gain":0,"max_hp_loss":0,"event_name":"The Library","floor":19,"gold_loss":0,"cards_obtained":["Conserve Battery"]},{"damage_healed":0,"gold_gain":0,"player_choice":"Traded Relic","damage_taken":0,"relics_obtained":["Nloth\u0027s Gift"],"max_hp_gain":0,"max_hp_loss":0,"event_name":"N\u0027loth","floor":21,"relics_lost":["Juzu Bracelet"],"gold_loss":0},{"damage_healed":0,"gold_gain":0,"player_choice":"Bought 1 Potion","damage_taken":0,"max_hp_gain":0,"max_hp_loss":0,"event_name":"The Woman in Blue","floor":36,"gold_loss":0}],"is_beta":false,"boss_relics":[{"not_picked":["Coffee Dripper","Cursed Key"],"picked":"Inserter"},{"not_picked":["Tiny House","Eternal Feather"],"picked":"Black Star"}],"items_purged_floors":[7,30,37,45],"is_endless":false,"potions_floor_spawned":[1,5,6,16,20,28,29,31,33,40,41,42,46,48],"ascension_level":1}