{"gold_per_floor":[110,110,130,149,162,162,190,190,215,215,235,247,260,290,290,388,388,402,418,434,451,126,141,141,160,160,177,177,177],"floor_reached":29,"playtime":1856,"items_purged":["Strike_G"],"score":233,"play_id":"a90e8242-c78e-435a-8480-04e7aa1e6977","local_time":"20190312010109","is_ascension_mode":false,"campfire_choices":[{"data":"Blade Dance","floor":6,"key":"SMITH"},{"data":"Bouncing Flask","floor":8,"key":"SMITH"},{"floor":10,"key":"REST"},{"data":"Noxious Fumes","floor":15,"key":"SMITH"},{"floor":24,"key":"REST"},{"floor":28,"key":"REST"}],"neow_cost":"NONE","seed_source_timestamp":200786162200,"circlet_count":0,"master_deck":["Defend_G","Defend_G","Defend_G","Defend_G","Defend_G","Strike_G","Strike_G","Strike_G","Strike_G","Survivor","Neutralize+1","Prepared","Blade Dance+1","Underhanded Strike","Skewer","Bouncing Flask+1","Dodge and Roll","Flying Knee","Noxious Fumes+1","Corpse Explosion","Backflip+1","Quick Slash","Die Die Die","Acrobatics","Backflip","Dodge and Roll","Noxious Fumes","Quick Slash","Flying Knee","Dodge and Roll","PiercingWail+1","Deflect"],"relics":["Ring of the Snake","Blood Vial","Bag of Preparation","Lizard Tail","Sundial"],"potions_floor_usage":[7,16,16,27,29],"damage_taken":[{"damage":6,"enemies":"Jaw Worm","floor":1,"turns":6},{"damage":0,"enemies":"2 Louse","floor":3,"turns":4},{"damage":0,"enemies":"Small Slimes","floor":4,"turns":3},{"damage":0,"enemies":"2 Fungi Beasts","floor":5,"turns":6},{"damage":22,"enemies":"Lagavulin","floor":7,"turns":8},{"damage":5,"enemies":"Blue Slaver","floor":11,"turns":3},{"damage":0,"enemies":"Looter","floor":12,"turns":2},{"damage":1,"enemies":"2 Fungi Beasts","floor":13,"turns":4},{"damage":14,"enemies":"Hexaghost","floor":16,"turns":8},{"damage":16,"enemies":"Chosen","floor":18,"turns":5},{"damage":20,"enemies":"Spheric Guardian","floor":19,"turns":4},{"damage":30,"enemies":"3 Cultists","floor":20,"turns":4},{"damage":29,"enemies":"Snake Plant","floor":21,"turns":6},{"damage":20,"enemies":"Sentry and Sphere","floor":23,"turns":5},{"damage":26,"enemies":"Shelled Parasite and Fungi","floor":25,"turns":6},{"damage":6,"enemies":"Centurion and Healer","floor":27,"turns":4},{"damage":35,"enemies":"Book of Stabbing","floor":29,"turns":7}],"seed_played":"-4227887049395016307","potions_obtained":[{"floor":4,"key":"Swift Potion"},{"floor":5,"key":"Block Potion"},{"floor":7,"key":"EssenceOfSteel"},{"floor":11,"key":"Fire Potion"},{"floor":18,"key":"Dexterity Potion"},{"floor":21,"key":"Strength Potion"},{"floor":25,"key":"GhostInAJar"}],"is_trial":false,"path_per_floor":["M","?","M","M","M","R","E","R","T","R","M","M","M","?","R","B",null,"M","M","M","M","$","M","R","M","T","M","R","E"],"character_chosen":"THE_SILENT","items_purchased":["Backflip","Dodge and Roll","Noxious Fumes","Quick Slash","Flying Knee"],"campfire_rested":3,"item_purchase_floors":[22,22,22,22,22],"current_hp_per_floor":[71,71,71,71,71,71,49,49,49,72,69,71,72,72,72,60,77,61,43,15,29,29,11,34,10,10,6,29,0],"gold":177,"neow_bonus":"TEN_PERCENT_HP_BONUS","is_prod":false,"is_daily":false,"chose_seed":false,"campfire_upgraded":3,"win_rate":0.0,"timestamp":1552366869,"path_taken":["M","?","M","M","M","R","E","R","T","R","M","M","M","?","R","BOSS","M","M","M","M","$","M","R","M","T","M","R","E"],"build_version":"2019-01-23","purchased_purges":1,"victory":false,"max_hp_per_floor":[77,77,77,77,77,77,77,77,77,77,77,77,77,77,77,77,77,77,77,77,77,77,77,77,77,77,77,77,77],"card_choices":[{"not_picked":["PiercingWail","Escape Plan"],"picked":"Prepared","floor":1},{"not_picked":["PiercingWail","Well Laid Plans"],"picked":"Blade Dance","floor":3},{"not_picked":["Flechettes","Skewer"],"picked":"Underhanded Strike","floor":4},{"not_picked":["Dodge and Roll","Blur"],"picked":"Skewer","floor":5},{"not_picked":["Sucker Punch","Bane"],"picked":"Bouncing Flask","floor":7},{"not_picked":["Slice","Endless Agony"],"picked":"Dodge and Roll","floor":11},{"not_picked":["Deadly Poison","Slice"],"picked":"Flying Knee","floor":12},{"not_picked":["Quick Slash","Underhanded Strike"],"picked":"Noxious Fumes","floor":13},{"not_picked":["Adrenaline","Malaise"],"picked":"Corpse Explosion","floor":16},{"not_picked":["Poisoned Stab","Skewer"],"picked":"Backflip+1","floor":18},{"not_picked":["Sucker Punch","Prepared"],"picked":"Quick Slash","floor":19},{"not_picked":["Flying Knee","Backstab"],"picked":"Die Die Die","floor":20},{"not_picked":["Underhanded Strike","Catalyst"],"picked":"Acrobatics","floor":21},{"not_picked":["Outmaneuver","Dagger Throw"],"picked":"Dodge and Roll","floor":23},{"not_picked":["Outmaneuver","Flying Knee"],"picked":"PiercingWail+1","floor":25},{"not_picked":["Slice","Underhanded Strike"],"picked":"Deflect","floor":27}],"player_experience":26973,"relics_obtained":[{"floor":7,"key":"Blood Vial"},{"floor":9,"key":"Bag of Preparation"},{"floor":26,"key":"Sundial"}],"event_choices":[{"damage_healed":0,"gold_gain":0,"player_choice":"Grow","damage_taken":0,"max_hp_gain":0,"max_hp_loss":0,"event_name":"Living Wall","floor":2,"gold_loss":0,"cards_upgraded":["Neutralize"]},{"damage_healed":0,"gold_gain":30,"player_choice":"Searched \u00272\u0027 times","damage_taken":0,"max_hp_gain":0,"max_hp_loss":0,"event_name":"Dead Adventurer","floor":14,"gold_loss":0}],"is_beta":false,"boss_relics":[{"not_picked":["HoveringKite","Philosopher\u0027s Stone"],"picked":"Lizard Tail"}],"items_purged_floors":[22],"is_endless":false,"potions_floor_spawned":[4,5,7,11,18,21,25],"killed_by":"Book of Stabbing","ascension_level":0}