{"gold_per_floor":[114,124,138,138,138,138,168,168,168,168,193,213,233,252,252,349,349,369,298,314,314,1,1,30,30,30,30,48,48,62,82,82,82],"floor_reached":33,"playtime":1547,"items_purged":[],"score":402,"play_id":"d5e22f47-7085-4cfb-8a40-2c13dde933d1","local_time":"20190906060327","is_ascension_mode":true,"campfire_choices":[{"data":"Chaos","floor":6,"key":"SMITH"},{"data":"Consume","floor":8,"key":"SMITH"},{"data":"Dualcast","floor":10,"key":"SMITH"},{"floor":15,"key":"REST"},{"data":"Machine Learning","floor":23,"key":"SMITH"},{"floor":25,"key":"REST"},{"floor":27,"key":"REST"},{"data":"Gash","floor":29,"key":"SMITH"},{"floor":32,"key":"REST"}],"neow_cost":"NONE","seed_source_timestamp":1724528292959300,"circlet_count":0,"master_deck":["Strike_B","Strike_B","Strike_B","Strike_B","Defend_B","Defend_B","Defend_B","Defend_B+1","Zap+1","Dualcast+1","Consume+1","Go for the Eyes","Chaos+1","FTL","Redo+1","Beam Cell","Conserve Battery","Decay","Regret","Pain","Static Discharge+1","Melter","Conserve Battery","Machine Learning+1","Gash+1","Glacier+1","Ball Lightning","Go for the Eyes+1","Recycle+1"],"relics":["Cracked Core","Du-Vu Doll","Vajra","Kunai","Dead Branch","Calling Bell","Omamori","Cables","Thread and Needle","Lee\u0027s Waffle","Toxic Egg 2","Meat on the Bone"],"potions_floor_usage":[14,24,24,24,33,33],"damage_taken":[{"damage":2,"enemies":"Small Slimes","floor":1,"turns":3},{"damage":6,"enemies":"Jaw Worm","floor":2,"turns":4},{"damage":0,"enemies":"Cultist","floor":3,"turns":4},{"damage":4,"enemies":"Lagavulin","floor":7,"turns":5},{"damage":20,"enemies":"3 Sentries","floor":11,"turns":8},{"damage":14,"enemies":"Lots of Slimes","floor":12,"turns":4},{"damage":6,"enemies":"Looter","floor":13,"turns":2},{"damage":0,"enemies":"Gremlin Gang","floor":14,"turns":1},{"damage":20,"enemies":"Hexaghost","floor":16,"turns":8},{"damage":36,"enemies":"3 Byrds","floor":18,"turns":7},{"damage":11,"enemies":"Spheric Guardian","floor":20,"turns":3},{"damage":84,"enemies":"Gremlin Leader","floor":24,"turns":7},{"damage":27,"enemies":"3 Cultists","floor":28,"turns":5},{"damage":17,"enemies":"Centurion and Healer","floor":30,"turns":5},{"damage":35,"enemies":"Snake Plant","floor":31,"turns":3},{"damage":40,"enemies":"Champ","floor":33,"turns":8}],"seed_played":"-1414086214475132910","potions_obtained":[{"floor":1,"key":"PowerPotion"},{"floor":7,"key":"EntropicBrew"},{"floor":13,"key":"LiquidBronze"},{"floor":24,"key":"Energy Potion"}],"is_trial":false,"path_per_floor":["M","M","M","?","T","R","E","R","T","R","E","M","M","M","R","B",null,"M","$","M","?","$","R","E","R","T","R","M","R","M","M","R","B"],"character_chosen":"DEFECT","items_purchased":["Melter","Machine Learning","Gash","Lee\u0027s Waffle"],"campfire_rested":4,"item_purchase_floors":[19,22,22,22],"current_hp_per_floor":[73,67,67,51,51,51,47,47,47,47,27,13,7,7,31,11,64,28,28,17,17,89,89,5,31,31,57,42,42,37,14,40,0],"gold":82,"neow_bonus":"TEN_PERCENT_HP_BONUS","is_prod":false,"is_daily":false,"chose_seed":false,"campfire_upgraded":5,"win_rate":0,"timestamp":1567775007,"path_taken":["M","M","M","?","?","R","E","R","T","R","E","M","M","M","R","BOSS","M","$","M","?","?","R","E","R","T","R","M","R","M","M","R","BOSS"],"build_version":"2019-07-17","purchased_purges":0,"victory":false,"max_hp_per_floor":[82,82,82,82,82,82,82,82,82,82,82,82,82,82,82,82,82,82,82,82,82,89,89,89,89,89,89,89,89,89,89,89,89],"card_choices":[{"not_picked":["Redo","Rebound"],"picked":"Consume","floor":1},{"not_picked":["Rip and Tear","Leap"],"picked":"Go for the Eyes","floor":2},{"not_picked":["Lockon","Melter"],"picked":"Chaos","floor":3},{"not_picked":["Coolheaded","Leap"],"picked":"FTL","floor":7},{"not_picked":["Ball Lightning","Coolheaded","Thunder Strike"],"picked":"SKIP","floor":11},{"not_picked":["Skim","Coolheaded"],"picked":"Redo","floor":12},{"not_picked":["Steam","Sweeping Beam"],"picked":"Beam Cell","floor":13},{"not_picked":["Chill","Storm"],"picked":"Conserve Battery","floor":14},{"not_picked":["Rebound","Consume"],"picked":"Static Discharge+1","floor":18},{"not_picked":["Turbo+1","Cold Snap+1"],"picked":"Conserve Battery","floor":20},{"not_picked":["Barrage","Rebound"],"picked":"Glacier","floor":24},{"not_picked":["Go for the Eyes","Amplify+1"],"picked":"Ball Lightning","floor":28},{"not_picked":["Barrage","Conserve Battery+1"],"picked":"Go for the Eyes+1","floor":30},{"not_picked":["Stack+1","Leap+1"],"picked":"Recycle+1","floor":31}],"player_experience":262671,"relics_obtained":[{"floor":5,"key":"Du-Vu Doll"},{"floor":7,"key":"Vajra"},{"floor":9,"key":"Kunai"},{"floor":11,"key":"Dead Branch"},{"floor":17,"key":"Omamori"},{"floor":17,"key":"Cables"},{"floor":17,"key":"Thread and Needle"},{"floor":24,"key":"Toxic Egg 2"},{"floor":26,"key":"Meat on the Bone"}],"event_choices":[{"damage_healed":0,"gold_gain":0,"player_choice":"Entered Light","damage_taken":16,"max_hp_gain":0,"max_hp_loss":0,"event_name":"Shining Light","floor":4,"gold_loss":0,"cards_upgraded":["Zap","Defend_B"]},{"damage_healed":0,"gold_gain":0,"player_choice":"Upgraded","damage_taken":0,"max_hp_gain":0,"max_hp_loss":0,"event_name":"Upgrade Shrine","floor":21,"gold_loss":0,"cards_upgraded":["Redo"]}],"is_beta":false,"boss_relics":[{"not_picked":["Orrery","Black Star"],"picked":"Calling Bell"}],"items_purged_floors":[],"is_endless":false,"potions_floor_spawned":[1,7,13,24,28,31],"killed_by":"Champ","ascension_level":9}