{"gold_per_floor":[99,99,61,61,61,102,102,179,179,179,193,209,228,139,139,268,268,292,315,37,37,53,53,53,53,107,107,131,131,70,85,85,85],"floor_reached":33,"playtime":1147,"items_purged":["Strike_B"],"score":268,"play_id":"884fbeab-28b8-4220-aac8-a0368bcf7c69","local_time":"20190905212020","is_ascension_mode":false,"campfire_choices":[{"data":"Capacitor","floor":7,"key":"SMITH"},{"data":"Zap","floor":10,"key":"SMITH"},{"floor":15,"key":"REST"},{"floor":23,"key":"REST"},{"data":"Echo Form","floor":27,"key":"SMITH"},{"floor":29,"key":"REST"},{"floor":32,"key":"REST"}],"neow_cost":"NONE","seed_source_timestamp":1512723361324,"circlet_count":0,"master_deck":["Strike_B","Defend_B+1","Defend_B+1","Defend_B","Defend_B","Zap+1","Dualcast","Compile Driver","Capacitor+1","Hello World","Injury","Go for the Eyes","Storm","Streamline","Static Discharge","Loop","Echo Form+1","Consume","Chaos","Self Repair","Rainbow","Coolheaded","J.A.X.","Ball Lightning+1","Reinforced Body","Conserve Battery"],"relics":["Cracked Core","NeowsBlessing","Golden Idol","Strawberry","The Courier","Bottled Tornado","Velvet Choker","Runic Capacitor","Centennial Puzzle"],"potions_floor_usage":[16,16,22,33,33],"damage_taken":[{"damage":0,"enemies":"Small Slimes","floor":1,"turns":1},{"damage":0,"enemies":"Lagavulin","floor":6,"turns":1},{"damage":0,"enemies":"2 Louse","floor":11,"turns":1},{"damage":0,"enemies":"Cultist","floor":12,"turns":3},{"damage":14,"enemies":"Blue Slaver","floor":13,"turns":3},{"damage":14,"enemies":"The Guardian","floor":16,"turns":8},{"damage":24,"enemies":"2 Thieves","floor":18,"turns":4},{"damage":18,"enemies":"Spheric Guardian","floor":19,"turns":4},{"damage":22,"enemies":"Shelled Parasite and Fungi","floor":22,"turns":4},{"damage":8,"enemies":"Snecko","floor":28,"turns":5},{"damage":39,"enemies":"3 Cultists","floor":31,"turns":5},{"damage":69,"enemies":"Automaton","floor":33,"turns":8}],"seed_played":"6834545721768234235","potions_obtained":[{"floor":6,"key":"PowerPotion"},{"floor":13,"key":"FocusPotion"},{"floor":16,"key":"EssenceOfSteel"},{"floor":19,"key":"Block Potion"},{"floor":28,"key":"SpeedPotion"}],"is_trial":false,"path_per_floor":["M","?","$","?","?","E","R","T","T","R","M","M","M","$","R","B",null,"M","M","$","?","M","R","?","?","T","R","M","R","$","M","R","B"],"character_chosen":"DEFECT","items_purchased":["Hello World","Loop","Runic Capacitor","Tempest","Self Repair","Reinforced Body"],"campfire_rested":4,"item_purchase_floors":[3,14,20,20,20,30],"current_hp_per_floor":[75,75,75,60,60,67,67,67,67,67,67,67,53,53,77,63,82,58,40,40,40,25,49,49,49,49,49,48,72,72,40,64,0],"gold":85,"neow_bonus":"THREE_ENEMY_KILL","is_prod":false,"is_daily":false,"chose_seed":false,"campfire_upgraded":3,"win_rate":0,"timestamp":1567689620,"path_taken":["M","?","$","?","?","E","R","?","T","R","M","M","M","$","R","BOSS","M","M","$","?","?","R","?","?","T","R","M","R","$","M","R","BOSS"],"build_version":"2019-07-17","purchased_purges":1,"victory":false,"max_hp_per_floor":[75,75,75,75,75,82,82,82,82,82,82,82,82,82,82,82,82,82,82,82,82,82,82,82,82,82,82,82,82,82,82,82,82],"card_choices":[{"not_picked":["Hologram","Rebound"],"picked":"Compile Driver","floor":1},{"not_picked":["Undo","Stack"],"picked":"Go for the Eyes","floor":6},{"not_picked":["Rip and Tear","Leap"],"picked":"Storm","floor":11},{"not_picked":["Sweeping Beam","Multi-Cast"],"picked":"Streamline","floor":12},{"not_picked":["Streamline","Redo"],"picked":"Static Discharge","floor":13},{"not_picked":["Buffer","Creative AI"],"picked":"Echo Form","floor":16},{"not_picked":["Steam","Skim+1"],"picked":"Consume","floor":18},{"not_picked":["Force Field","Sweeping Beam"],"picked":"Chaos","floor":19},{"not_picked":["Steam","Streamline"],"picked":"Coolheaded","floor":22},{"not_picked":["Reinforced Body","Doom and Gloom"],"picked":"Ball Lightning+1","floor":28},{"not_picked":["Hologram","Steam"],"picked":"Conserve Battery","floor":31}],"player_experience":293678,"relics_obtained":[{"floor":6,"key":"Strawberry"},{"floor":8,"key":"The Courier"},{"floor":9,"key":"Bottled Tornado"},{"floor":26,"key":"Centennial Puzzle"}],"event_choices":[{"damage_healed":0,"gold_gain":0,"cards_transformed":["Strike_B"],"player_choice":"Change","damage_taken":0,"max_hp_gain":0,"max_hp_loss":0,"event_name":"Living Wall","floor":2,"gold_loss":0,"cards_obtained":["Capacitor"]},{"damage_healed":0,"gold_gain":0,"player_choice":"Entered Light","damage_taken":15,"max_hp_gain":0,"max_hp_loss":0,"event_name":"Shining Light","floor":4,"gold_loss":0,"cards_upgraded":["Defend_B","Defend_B"]},{"damage_healed":0,"gold_gain":0,"player_choice":"Take Wound","damage_taken":0,"relics_obtained":["Golden Idol"],"max_hp_gain":0,"max_hp_loss":0,"event_name":"Golden Idol","floor":5,"gold_loss":0,"cards_obtained":["Injury"]},{"damage_healed":0,"gold_gain":0,"cards_transformed":["Strike_B"],"player_choice":"Transformed","damage_taken":0,"max_hp_gain":0,"max_hp_loss":0,"event_name":"Transmorgrifier","floor":21,"gold_loss":0,"cards_obtained":["Rainbow"]},{"damage_healed":0,"gold_gain":0,"player_choice":"Obtain J.A.X.","damage_taken":0,"max_hp_gain":0,"max_hp_loss":0,"event_name":"Drug Dealer","floor":24,"gold_loss":0,"cards_obtained":["J.A.X."]},{"cards_removed":["Tempest"],"damage_healed":0,"gold_gain":0,"player_choice":"Elegance","damage_taken":0,"max_hp_gain":0,"max_hp_loss":0,"event_name":"Back to Basics","floor":25,"gold_loss":0}],"is_beta":false,"boss_relics":[{"not_picked":["Busted Crown","Runic Dome"],"picked":"Velvet Choker"}],"items_purged_floors":[14],"is_endless":false,"potions_floor_spawned":[6,13,16,19,28],"killed_by":"Automaton","ascension_level":0}