{"gold_per_floor":[113,63,76,76,91,91,16,16,16,35,35,35,35,49,49,173,173,187,18,18,18,18,18,41,59,86,99,199,220,220,245,245,245],"floor_reached":33,"playtime":1317,"items_purged":["Strike_R","Strike_R"],"score":367,"play_id":"3b5e9093-c2a1-4e33-bd5c-6c2fb0143bb1","local_time":"20190510005038","is_ascension_mode":true,"campfire_choices":[{"data":"Flame Barrier","floor":6,"key":"SMITH"},{"data":"Bash","floor":8,"key":"SMITH"},{"data":"Dropkick","floor":11,"key":"SMITH"},{"data":"Bludgeon","floor":15,"key":"SMITH"},{"data":"Clothesline","floor":23,"key":"SMITH"},{"floor":32,"key":"REST"}],"neow_cost":"NONE","seed_source_timestamp":12889574159800,"circlet_count":0,"master_deck":["AscendersBane","Strike_R+1","Defend_R","Defend_R","Defend_R","Bash+1","Flame Barrier+1","Battle Trance+1","Clothesline+1","Dropkick+1","Bludgeon+1","Carnage+1","Rage"],"relics":["Burning Blood","Golden Idol","Gremlin Horn","Empty Cage","Enchiridion","Whetstone","MutagenicStrength"],"potions_floor_usage":[],"damage_taken":[{"damage":7,"enemies":"Jaw Worm","floor":1,"turns":4},{"damage":0,"enemies":"2 Louse","floor":3,"turns":6},{"damage":3,"enemies":"Small Slimes","floor":5,"turns":4},{"damage":8,"enemies":"Looter","floor":10,"turns":4},{"damage":0,"enemies":"2 Fungi Beasts","floor":14,"turns":4},{"damage":56,"enemies":"Hexaghost","floor":16,"turns":8},{"damage":0,"enemies":"Chosen","floor":18,"turns":4},{"damage":6,"enemies":"Shell Parasite","floor":24,"turns":7},{"damage":23,"enemies":"Cultist and Chosen","floor":25,"turns":7},{"damage":0,"enemies":"Snecko","floor":27,"turns":3},{"damage":22,"enemies":"Sentry and Sphere","floor":29,"turns":5},{"damage":0,"enemies":"Snake Plant","floor":31,"turns":6},{"damage":87,"enemies":"Collector","floor":33,"turns":10}],"seed_played":"3105929346822401070","potions_obtained":[{"floor":1,"key":"FairyPotion"},{"floor":10,"key":"SmokeBomb"}],"is_trial":false,"path_per_floor":["M","?","M","?","M","R","$","R","T","M","R","?","$","M","R","B",null,"M","$","?","?","$","R","M","M","T","M","?","M","?","M","R","B"],"character_chosen":"IRONCLAD","items_purchased":["Carnage"],"campfire_rested":1,"item_purchase_floors":[19],"current_hp_per_floor":[79,79,85,63,66,66,66,66,66,64,64,64,64,70,70,20,71,77,77,77,61,61,61,61,44,44,50,50,34,34,40,66,0],"gold":245,"neow_bonus":"TEN_PERCENT_HP_BONUS","is_prod":false,"is_daily":false,"chose_seed":false,"campfire_upgraded":5,"win_rate":0,"timestamp":1557463838,"path_taken":["M","?","M","?","M","R","$","R","T","M","R","?","$","M","R","BOSS","M","$","?","?","$","R","M","M","T","M","?","?","?","M","R","BOSS"],"build_version":"2019-01-23","purchased_purges":2,"victory":false,"max_hp_per_floor":[88,88,88,88,88,88,88,88,88,88,88,88,88,88,88,88,88,88,88,88,88,88,88,88,88,88,88,88,88,88,88,88,88],"card_choices":[{"not_picked":["Ghostly Armor","Havoc"],"picked":"Flame Barrier","floor":1},{"not_picked":["Cleave","Headbutt"],"picked":"Battle Trance","floor":3},{"not_picked":["Rupture","Combust"],"picked":"Clothesline","floor":5},{"not_picked":["Twin Strike","Havoc"],"picked":"Dropkick","floor":10},{"not_picked":["Inflame","Havoc"],"picked":"Bludgeon","floor":14},{"not_picked":["Clash+1","Thunderclap","Wild Strike+1"],"picked":"SKIP","floor":18},{"not_picked":["Flex+1","Reckless Charge","Intimidate"],"picked":"SKIP","floor":24},{"not_picked":["Flex+1","Reckless Charge","Intimidate"],"picked":"SKIP","floor":24},{"not_picked":["Heavy Blade","Wild Strike+1","Twin Strike+1"],"picked":"SKIP","floor":25},{"not_picked":["Warcry","Carnage","Havoc+1"],"picked":"SKIP","floor":27},{"not_picked":["Body Slam","Reckless Charge","Clothesline"],"picked":"SKIP","floor":29},{"not_picked":["Searing Blow","Evolve"],"picked":"Rage","floor":31}],"player_experience":232197,"relics_obtained":[{"floor":9,"key":"Gremlin Horn"},{"floor":21,"key":"Enchiridion"},{"floor":26,"key":"Whetstone"}],"event_choices":[{"cards_removed":["Defend_R"],"damage_healed":0,"gold_gain":0,"player_choice":"Card Removal","damage_taken":0,"max_hp_gain":0,"max_hp_loss":0,"event_name":"The Cleric","floor":2,"gold_loss":50},{"damage_healed":0,"gold_gain":0,"player_choice":"Take Damage","damage_taken":22,"relics_obtained":["Golden Idol"],"max_hp_gain":0,"max_hp_loss":0,"event_name":"Golden Idol","floor":4,"gold_loss":0},{"damage_healed":0,"gold_gain":0,"player_choice":"Grow","damage_taken":0,"max_hp_gain":0,"max_hp_loss":0,"event_name":"Living Wall","floor":12,"gold_loss":0,"cards_upgraded":["Battle Trance"]},{"damage_healed":0,"gold_gain":0,"player_choice":"Ignored","damage_taken":0,"max_hp_gain":0,"max_hp_loss":0,"event_name":"Vampires","floor":20,"gold_loss":0},{"damage_healed":0,"gold_gain":0,"player_choice":"Obtained Book","damage_taken":16,"max_hp_gain":0,"max_hp_loss":0,"event_name":"Cursed Tome","floor":21,"gold_loss":0},{"damage_healed":0,"gold_gain":100,"player_choice":"Pray","damage_taken":0,"max_hp_gain":0,"max_hp_loss":0,"event_name":"Golden Shrine","floor":28,"gold_loss":0},{"damage_healed":0,"gold_gain":0,"player_choice":"Inject Mutagens","damage_taken":0,"relics_obtained":["MutagenicStrength"],"max_hp_gain":0,"max_hp_loss":0,"event_name":"Drug Dealer","floor":30,"gold_loss":0}],"is_beta":false,"boss_relics":[{"not_picked":["Runic Pyramid","White Beast Statue"],"picked":"Empty Cage"}],"items_purged_floors":[7,19],"is_endless":false,"potions_floor_spawned":[1,10,18],"killed_by":"Collector","ascension_level":11}