{"gold_per_floor":[119,119,3,303,303,303,321,321,376,394,427,459,471,493,505,615,627,659,671,683,13,13,40,40,40,87,103,131,131,158,170,170,271,271,288,288,53,53,72,72,0,0,0,0,0],"floor_reached":45,"playtime":1871,"items_purged":["Strike_B"],"score":610,"play_id":"c6c6a532-d529-47dc-93a9-0edc2fb3c677","local_time":"20190408195126","is_ascension_mode":true,"campfire_choices":[{"data":"Defragment","floor":6,"key":"SMITH"},{"floor":13,"key":"REST"},{"data":"Double Energy","floor":15,"key":"SMITH"},{"floor":24,"key":"REST"},{"data":"Rainbow","floor":25,"key":"SMITH"},{"floor":29,"key":"DIG"},{"floor":32,"key":"REST"},{"data":"Dualcast","floor":40,"key":"SMITH"},{"floor":42,"key":"DIG"},{"floor":44,"key":"DIG"}],"neow_cost":"NONE","seed_source_timestamp":14379825214200,"circlet_count":0,"master_deck":["Defend_B","Defend_B+1","Defend_B","Defend_B","Zap+1","Dualcast+1","Ball Lightning","Defragment+1","FTL","Double Energy+1","Doom and Gloom","Cold Snap","Stack","Rainbow+1","Cold Snap+1","Conserve Battery","Conserve Battery","Bite","Bite","Bite","Bite","Bite","Stack","FTL","Leap+1","Glacier","Auto Shields","Redo","Core Surge","Hologram+1","Deep Breath","FTL","Capacitor","Enlightenment","BootSequence+1"],"relics":["Cracked Core","Old Coin","Regal Pillow","Tiny Chest","MawBank","Sozu","Enchiridion","Bottled Lightning","WingedGreaves","Bag of Preparation","Dream Catcher","Shovel","PreservedInsect","Boot","Busted Crown","Red Mask","Mummified Hand","Toxic Egg 2","Shuriken"],"potions_floor_usage":[16],"damage_taken":[{"damage":0,"enemies":"Small Slimes","floor":1,"turns":2},{"damage":0,"enemies":"Cultist","floor":7,"turns":2},{"damage":4,"enemies":"Jaw Worm","floor":10,"turns":2},{"damage":10,"enemies":"Gremlin Nob","floor":11,"turns":3},{"damage":8,"enemies":"Large Slime","floor":12,"turns":4},{"damage":6,"enemies":"Looter","floor":14,"turns":2},{"damage":9,"enemies":"Slime Boss","floor":16,"turns":5},{"damage":28,"enemies":"2 Thieves","floor":18,"turns":3},{"damage":41,"enemies":"Gremlin Leader","floor":23,"turns":6},{"damage":18,"enemies":"3 Byrds","floor":27,"turns":4},{"damage":10,"enemies":"Book of Stabbing","floor":28,"turns":5},{"damage":12,"enemies":"Gremlin Leader","floor":30,"turns":4},{"damage":3,"enemies":"Shelled Parasite and Fungi","floor":31,"turns":5},{"damage":46,"enemies":"Champ","floor":33,"turns":12},{"damage":32,"enemies":"3 Darklings","floor":35,"turns":8},{"damage":6,"enemies":"3 Shapes","floor":39,"turns":6},{"damage":63,"enemies":"Transient","floor":45,"turns":5}],"seed_played":"-6252829236159501279","potions_obtained":[{"floor":10,"key":"SteroidPotion"},{"floor":12,"key":"Poison Potion"}],"is_trial":false,"path_per_floor":["M","?","$","T","?","R","M","?","T","M","E","M","R","M","R","B",null,"M","?","?","$","?","E","R","R","T","M","E","R","E","M","R","B",null,"M","?","$","?","M","R","?","R","T","R","M"],"character_chosen":"DEFECT","items_purchased":["Defragment","FTL","Bottled Lightning","WingedGreaves","Conserve Battery","FTL","Capacitor","Enlightenment"],"campfire_rested":3,"item_purchase_floors":[3,3,21,21,21,37,37,37],"current_hp_per_floor":[82,82,82,82,66,66,66,59,59,55,45,37,76,70,70,61,82,54,54,38,38,38,15,47,47,47,37,37,37,29,30,57,26,57,39,39,39,39,43,43,43,43,43,43,0],"gold":0,"neow_bonus":"TEN_PERCENT_HP_BONUS","is_prod":false,"is_daily":false,"chose_seed":false,"campfire_upgraded":4,"win_rate":0,"timestamp":1554767486,"path_taken":["M","?","$","?","?","R","M","?","T","?","E","M","R","M","R","BOSS","M","?","?","$","?","E","R","R","T","M","E","R","E","?","R","BOSS","M","?","$","?","M","R","?","R","T","R","M"],"build_version":"2019-01-23","purchased_purges":1,"victory":false,"max_hp_per_floor":[82,82,82,82,82,82,82,82,82,82,82,82,82,82,82,82,82,82,82,82,82,57,57,57,57,57,57,57,57,57,57,57,57,57,57,57,57,57,57,57,57,57,57,57,57],"card_choices":[{"not_picked":["Rebound","Loop"],"picked":"Ball Lightning","floor":1},{"not_picked":["Redo","Gash"],"picked":"Loop","floor":7},{"not_picked":["Go for the Eyes","Barrage"],"picked":"Double Energy","floor":10},{"not_picked":["Scrape","Capacitor"],"picked":"Doom and Gloom","floor":11},{"not_picked":["Coolheaded","Turbo"],"picked":"Cold Snap","floor":12},{"not_picked":["Seek","Scrape"],"picked":"Stack","floor":14},{"not_picked":["Seek","Meteor Strike"],"picked":"Rainbow","floor":16},{"not_picked":["White Noise+1","Compile Driver"],"picked":"Cold Snap+1","floor":18},{"not_picked":["Steam+1","Turbo"],"picked":"Stack","floor":23},{"not_picked":["Go for the Eyes","Barrage+1"],"picked":"FTL","floor":27},{"not_picked":["Reinforced Body+1","Reboot"],"picked":"Leap+1","floor":28},{"not_picked":["Darkness","Coolheaded"],"picked":"Glacier","floor":30},{"not_picked":["Aggregate","Go for the Eyes+1"],"picked":"Auto Shields","floor":31},{"not_picked":["Scrape","Coolheaded+1"],"picked":"Redo","floor":32},{"not_picked":["All For One","Reboot"],"picked":"Core Surge","floor":33},{"not_picked":[],"picked":"Hologram+1","floor":35},{"not_picked":[],"picked":"Deep Breath","floor":36},{"not_picked":[],"picked":"BootSequence+1","floor":39}],"player_experience":97514,"relics_obtained":[{"floor":4,"key":"Old Coin"},{"floor":9,"key":"Tiny Chest"},{"floor":11,"key":"MawBank"},{"floor":20,"key":"Enchiridion"},{"floor":23,"key":"Bag of Preparation"},{"floor":26,"key":"Dream Catcher"},{"floor":28,"key":"Shovel"},{"floor":29,"key":"PreservedInsect"},{"floor":30,"key":"Boot"},{"floor":42,"key":"Mummified Hand"},{"floor":43,"key":"Toxic Egg 2"},{"floor":44,"key":"Shuriken"}],"event_choices":[{"damage_healed":0,"gold_gain":0,"player_choice":"Bought 0 Potions","damage_taken":0,"max_hp_gain":0,"max_hp_loss":0,"event_name":"The Woman in Blue","floor":2,"gold_loss":0},{"damage_healed":0,"gold_gain":0,"player_choice":"Entered Light","damage_taken":16,"max_hp_gain":0,"max_hp_loss":0,"event_name":"Shining Light","floor":5,"gold_loss":0,"cards_upgraded":["Zap","Defend_B"]},{"damage_healed":0,"gold_gain":0,"player_choice":"Success","damage_taken":7,"relics_obtained":["Regal Pillow"],"max_hp_gain":0,"max_hp_loss":0,"event_name":"Scrap Ooze","floor":8,"gold_loss":0},{"damage_healed":0,"gold_gain":0,"player_choice":"Read","damage_taken":0,"max_hp_gain":0,"max_hp_loss":0,"event_name":"The Library","floor":19,"gold_loss":0,"cards_obtained":["Conserve Battery"]},{"damage_healed":0,"gold_gain":0,"player_choice":"Obtained Book","damage_taken":16,"max_hp_gain":0,"max_hp_loss":0,"event_name":"Cursed Tome","floor":20,"gold_loss":0},{"damage_healed":0,"gold_gain":0,"player_choice":"Became a vampire","damage_taken":0,"max_hp_gain":0,"max_hp_loss":25,"event_name":"Vampires","floor":22,"gold_loss":0,"cards_obtained":["Bite","Bite","Bite","Bite","Bite"]},{"damage_healed":0,"gold_gain":0,"player_choice":"Memory 1","damage_taken":0,"max_hp_gain":0,"max_hp_loss":0,"event_name":"SensoryStone","floor":36,"gold_loss":0},{"cards_removed":["Loop"],"damage_healed":0,"gold_gain":0,"player_choice":"Removed Power","damage_taken":0,"max_hp_gain":0,"max_hp_loss":0,"event_name":"Falling","floor":38,"gold_loss":0},{"damage_healed":0,"gold_gain":0,"player_choice":"Paid","damage_taken":0,"relics_obtained":["Red Mask"],"max_hp_gain":0,"max_hp_loss":0,"event_name":"Tomb of Lord Red Mask","floor":41,"gold_loss":72}],"is_beta":false,"boss_relics":[{"not_picked":["Cursed Key","Pandora\u0027s Box"],"picked":"Sozu"},{"not_picked":["Velvet Choker","Black Star"],"picked":"Busted Crown"}],"items_purged_floors":[21],"is_endless":false,"potions_floor_spawned":[10,12,23,27,35,39],"killed_by":"Transient","ascension_level":3}