{"gold_per_floor":[209,29,45,45,63,63,78,78,150,3,67,67,85,97,97,196,196,215,23,73,48,60,60,127,127,127,177,177,17,17],"floor_reached":30,"playtime":1123,"items_purged":["Strike_R","Strike_R","Strike_R"],"score":341,"play_id":"fd24cbd4-f5b6-4b6d-8473-2e24f9b676b0","local_time":"20190512223437","is_ascension_mode":true,"campfire_choices":[{"data":"Searing Blow","floor":6,"key":"SMITH"},{"data":"Searing Blow+1","floor":8,"key":"SMITH"},{"data":"Searing Blow+2","floor":12,"key":"SMITH"},{"data":"Searing Blow+3","floor":15,"key":"SMITH"},{"data":"Searing Blow+4","floor":23,"key":"SMITH"},{"data":"Searing Blow+5","floor":25,"key":"SMITH"},{"data":"Searing Blow+6","floor":28,"key":"SMITH"}],"neow_cost":"NONE","seed_source_timestamp":2035421572600,"circlet_count":0,"master_deck":["AscendersBane","Strike_R","Defend_R","Defend_R","Defend_R","Defend_R","Bash","Evolve","Searing Blow+7","Metallicize","Clothesline","Shrug It Off","Ghostly Armor","Immolate","Iron Wave+1","Headbutt+1","Ghostly Armor"],"relics":["Burning Blood","SsserpentHead","Bottled Tornado","Mark of Pain","Medical Kit","Incense Burner"],"potions_floor_usage":[7,16,16,22,30],"damage_taken":[{"damage":2,"enemies":"2 Louse","floor":1,"turns":3},{"damage":6,"enemies":"Cultist","floor":3,"turns":3},{"damage":6,"enemies":"Jaw Worm","floor":5,"turns":6},{"damage":33,"enemies":"Exordium Thugs","floor":7,"turns":8},{"damage":12,"enemies":"3 Louse","floor":11,"turns":4},{"damage":14,"enemies":"Exordium Wildlife","floor":13,"turns":4},{"damage":1,"enemies":"Large Slime","floor":14,"turns":8},{"damage":34,"enemies":"Hexaghost","floor":16,"turns":11},{"damage":6,"enemies":"Shell Parasite","floor":18,"turns":6},{"damage":8,"enemies":"3 Byrds","floor":22,"turns":3},{"damage":12,"enemies":"Snake Plant","floor":24,"turns":4},{"damage":51,"enemies":"Chosen and Byrds","floor":30,"turns":5}],"seed_played":"5035636116557718333","potions_obtained":[{"floor":1,"key":"SneckoOil"},{"floor":7,"key":"Poison Potion"},{"floor":13,"key":"PowerPotion"},{"floor":18,"key":"LiquidBronze"},{"floor":22,"key":"SteroidPotion"},{"floor":24,"key":"PowerPotion"}],"is_trial":false,"path_per_floor":["M","$","M","?","M","R","M","R","T","$","M","R","M","M","R","B",null,"M","$","?","?","M","R","M","R","T","?","R","$","M"],"character_chosen":"IRONCLAD","items_purchased":["Searing Blow","Metallicize","Shrug It Off","Medical Kit","Ghostly Armor"],"campfire_rested":0,"item_purchase_floors":[2,2,10,19,29],"current_hp_per_floor":[76,76,76,76,76,76,49,49,49,49,43,43,35,40,40,12,63,63,63,63,63,61,61,55,55,55,40,40,40,0],"gold":17,"neow_bonus":"HUNDRED_GOLD","is_prod":false,"is_daily":false,"chose_seed":false,"campfire_upgraded":7,"win_rate":0,"timestamp":1557714877,"path_taken":["M","$","M","?","M","R","M","R","T","$","?","R","M","M","R","BOSS","M","$","?","?","M","R","?","R","T","?","R","$","M"],"build_version":"2019-01-23","purchased_purges":3,"victory":false,"max_hp_per_floor":[80,80,80,80,80,80,80,80,80,80,80,80,80,80,80,80,80,80,80,80,80,80,80,80,80,80,85,85,85,85],"card_choices":[{"not_picked":["Cleave","Thunderclap"],"picked":"Evolve","floor":1},{"not_picked":["Anger","Feel No Pain","Clash"],"picked":"SKIP","floor":3},{"not_picked":["Sword Boomerang","Rage","Twin Strike"],"picked":"SKIP","floor":5},{"not_picked":["Juggernaut","Warcry"],"picked":"Clothesline","floor":7},{"not_picked":["Infernal Blade","Spot Weakness","Thunderclap"],"picked":"SKIP","floor":11},{"not_picked":["Bloodletting","Heavy Blade","Body Slam"],"picked":"SKIP","floor":13},{"not_picked":["Flex","Disarm"],"picked":"Ghostly Armor","floor":14},{"not_picked":["Limit Break","Impervious"],"picked":"Immolate","floor":16},{"not_picked":["Rupture","Clash","Iron Wave"],"picked":"SKIP","floor":18},{"not_picked":["Warcry","Heavy Blade+1"],"picked":"Iron Wave+1","floor":22},{"not_picked":["Body Slam+1","Entrench"],"picked":"Headbutt+1","floor":24}],"player_experience":268662,"relics_obtained":[{"floor":9,"key":"Bottled Tornado"},{"floor":26,"key":"Incense Burner"}],"event_choices":[{"damage_healed":0,"gold_gain":0,"player_choice":"Trade","damage_taken":0,"relics_obtained":["SsserpentHead"],"max_hp_gain":0,"max_hp_loss":0,"event_name":"FaceTrader","floor":4,"gold_loss":0},{"cards_removed":["Strike_R"],"damage_healed":0,"gold_gain":0,"player_choice":"Gave Gold","damage_taken":0,"max_hp_gain":0,"max_hp_loss":0,"event_name":"Beggar","floor":21,"gold_loss":75},{"damage_healed":0,"gold_gain":0,"player_choice":"Shed Blood","damage_taken":20,"max_hp_gain":5,"max_hp_loss":0,"event_name":"Forgotten Altar","floor":27,"gold_loss":0}],"is_beta":false,"boss_relics":[{"not_picked":["Pandora\u0027s Box","Snecko Eye"],"picked":"Mark of Pain"}],"items_purged_floors":[2,10,29],"is_endless":false,"potions_floor_spawned":[1,7,13,18,22,24],"killed_by":"Chosen and Byrds","ascension_level":11}