{"gold_per_floor":[109,0,11,29,84,118,118,133,160,180,199,199,229,37,37,139,139,150,150,50,66,82,107,107,132,132,132,147,173,373,390,390,494,494,513,525,525,244,244,244,259,259,305,324,343,362,14,14,14,14],"floor_reached":50,"playtime":1594,"items_purged":["Strike_B","Decay","Strike_B","Strike_B"],"score":705,"play_id":"21623c42-2919-4fb3-a877-d042a9ee8004","local_time":"20190830193512","is_ascension_mode":true,"campfire_choices":[{"data":"Zap","floor":7,"key":"SMITH"},{"floor":12,"key":"REST"},{"data":"Dualcast","floor":15,"key":"SMITH"},{"data":"Biased Cognition","floor":24,"key":"SMITH"},{"floor":32,"key":"REST"},{"data":"Machine Learning","floor":40,"key":"SMITH"},{"floor":49,"key":"REST"}],"neow_cost":"NONE","seed_source_timestamp":5427119838300,"circlet_count":0,"master_deck":["Strike_B+1","Defend_B","Defend_B+1","Defend_B","Defend_B","Zap+1","Dualcast+1","Conserve Battery","FTL","Compile Driver","Skim+1","Chill","Coolheaded","Core Surge+1","Biased Cognition+1","White Noise+1","Beam Cell+1","Barrage+1","Chaos+1","Bandage Up","Machine Learning+1","Ball Lightning","Echo Form","Conserve Battery+1","Melter+1","Panacea","Sweeping Beam+1"],"relics":["Cracked Core","NeowsBlessing","Art of War","Bag of Marbles","Anchor","Runic Capacitor","Sozu","War Paint","Sundial","Bronze Scales","Regal Pillow","Inserter","Vajra","Whetstone","Medical Kit","Turnip"],"potions_floor_usage":[16,29],"damage_taken":[{"damage":0,"enemies":"Cultist","floor":1,"turns":1},{"damage":0,"enemies":"Jaw Worm","floor":3,"turns":1},{"damage":0,"enemies":"2 Louse","floor":4,"turns":1},{"damage":39,"enemies":"Lagavulin","floor":6,"turns":7},{"damage":0,"enemies":"2 Fungi Beasts","floor":8,"turns":2},{"damage":0,"enemies":"Lots of Slimes","floor":10,"turns":4},{"damage":7,"enemies":"3 Louse","floor":11,"turns":3},{"damage":9,"enemies":"3 Sentries","floor":13,"turns":9},{"damage":13,"enemies":"Slime Boss","floor":16,"turns":7},{"damage":10,"enemies":"Shell Parasite","floor":18,"turns":4},{"damage":0,"enemies":"Chosen","floor":21,"turns":3},{"damage":0,"enemies":"Snecko","floor":22,"turns":4},{"damage":12,"enemies":"Gremlin Leader","floor":23,"turns":5},{"damage":20,"enemies":"Slavers","floor":25,"turns":5},{"damage":0,"enemies":"Snake Plant","floor":28,"turns":2},{"damage":13,"enemies":"Book of Stabbing","floor":29,"turns":5},{"damage":0,"enemies":"Centurion and Healer","floor":31,"turns":3},{"damage":0,"enemies":"Automaton","floor":33,"turns":8},{"damage":6,"enemies":"Orb Walker","floor":35,"turns":2},{"damage":10,"enemies":"3 Darklings","floor":36,"turns":5},{"damage":19,"enemies":"Maw","floor":41,"turns":5},{"damage":19,"enemies":"Jaw Worm Horde","floor":44,"turns":5},{"damage":2,"enemies":"Transient","floor":45,"turns":5},{"damage":29,"enemies":"Maw","floor":46,"turns":5},{"damage":48,"enemies":"Awakened One","floor":50,"turns":3}],"seed_played":"7219275587098932899","potions_obtained":[{"floor":1,"key":"Dexterity Potion"},{"floor":10,"key":"FocusPotion"},{"floor":16,"key":"SteroidPotion"}],"is_trial":false,"path_per_floor":["M","$","M","M","?","E","R","M","T","M","M","R","E","$","R","B",null,"M","?","$","M","M","E","R","E","T","?","M","E","?","M","R","B",null,"M","M","?","$","?","R","M","?","T","M","M","M","$","T","R","B"],"character_chosen":"DEFECT","items_purchased":["FTL","Runic Capacitor","Vajra","Medical Kit"],"campfire_rested":3,"item_purchase_floors":[2,14,38,47],"current_hp_per_floor":[75,75,75,75,75,36,36,36,36,36,29,51,42,42,42,29,64,54,54,54,54,54,42,42,22,22,22,22,13,13,17,54,58,71,65,59,59,59,59,59,44,44,44,29,31,6,6,6,42,0],"gold":14,"neow_bonus":"THREE_ENEMY_KILL","is_prod":false,"is_daily":false,"chose_seed":false,"campfire_upgraded":4,"win_rate":0,"timestamp":1567208112,"path_taken":["M","?","M","M","?","E","R","M","T","M","M","R","E","$","R","BOSS","M","?","$","M","M","E","R","E","T","?","?","E","?","M","R","BOSS","M","M","?","$","?","R","M","?","T","M","?","M","$","?","R","BOSS"],"build_version":"2019-07-17","purchased_purges":4,"victory":false,"max_hp_per_floor":[75,75,75,75,75,75,75,75,75,75,75,75,75,75,75,75,75,75,75,75,75,75,75,75,75,75,75,75,75,75,75,75,75,75,75,75,71,71,71,71,71,71,71,71,71,71,71,71,71,71],"card_choices":[{"not_picked":["Scrape","Lockon"],"picked":"Conserve Battery","floor":1},{"not_picked":["Barrage","Force Field"],"picked":"Compile Driver","floor":3},{"not_picked":["Turbo","Gash"],"picked":"Streamline","floor":4},{"not_picked":["Hello World","Streamline"],"picked":"Skim","floor":6},{"not_picked":["Auto Shields","Rip and Tear"],"picked":"Chill","floor":8},{"not_picked":["Conserve Battery","Go for the Eyes"],"picked":"Coolheaded","floor":10},{"not_picked":["Redo","Go for the Eyes"],"picked":"Core Surge","floor":11},{"not_picked":["Sunder","Streamline","Turbo"],"picked":"SKIP","floor":13},{"not_picked":["Thunder Strike","Buffer"],"picked":"Biased Cognition","floor":16},{"not_picked":["Fusion","Rebound+1"],"picked":"White Noise+1","floor":18},{"not_picked":["Compile Driver","Sunder","Leap"],"picked":"SKIP","floor":21},{"not_picked":["Turbo","Scrape"],"picked":"Beam Cell+1","floor":22},{"not_picked":["Redo","Gash"],"picked":"Barrage+1","floor":23},{"not_picked":["Fission","Barrage+1"],"picked":"Chaos+1","floor":25},{"not_picked":["Conserve Battery","Compile Driver"],"picked":"Ball Lightning","floor":28},{"not_picked":["Chaos","Scrape","Rebound"],"picked":"SKIP","floor":29},{"not_picked":["Rebound+1","Redo","Gash"],"picked":"SKIP","floor":31},{"not_picked":["Multi-Cast","Biased Cognition"],"picked":"Echo Form","floor":33},{"not_picked":["White Noise","Leap+1","Steam"],"picked":"SKIP","floor":35},{"not_picked":["Sunder+1","Beam Cell+1"],"picked":"Conserve Battery+1","floor":36},{"not_picked":["Steam+1","Rip and Tear+1"],"picked":"Melter+1","floor":41},{"not_picked":["Bandage Up","Mind Blast"],"picked":"Panacea","floor":42},{"not_picked":["Redo+1","Steam"],"picked":"Sweeping Beam+1","floor":44},{"not_picked":["Rebound+1","Ball Lightning","Meteor Strike"],"picked":"SKIP","floor":45},{"not_picked":["Recycle","Compile Driver+1","Chill"],"picked":"SKIP","floor":46}],"player_experience":458614,"relics_obtained":[{"floor":6,"key":"Art of War"},{"floor":9,"key":"Bag of Marbles"},{"floor":13,"key":"Anchor"},{"floor":23,"key":"War Paint"},{"floor":25,"key":"Sundial"},{"floor":26,"key":"Bronze Scales"},{"floor":29,"key":"Regal Pillow"},{"floor":43,"key":"Whetstone"},{"floor":48,"key":"Turnip"}],"event_choices":[{"damage_healed":0,"gold_gain":55,"player_choice":"Gained Gold","damage_taken":0,"max_hp_gain":0,"max_hp_loss":0,"event_name":"Golden Wing","floor":5,"gold_loss":0},{"damage_healed":0,"gold_gain":0,"player_choice":"Smashed Altar","damage_taken":0,"max_hp_gain":0,"max_hp_loss":0,"event_name":"Forgotten Altar","floor":19,"gold_loss":0,"cards_obtained":["Decay"]},{"damage_healed":0,"gold_gain":0,"player_choice":"2 cards matched","damage_taken":0,"max_hp_gain":0,"max_hp_loss":0,"event_name":"Match and Keep!","floor":27,"gold_loss":0,"cards_obtained":["Bandage Up","Machine Learning"]},{"damage_healed":0,"gold_gain":200,"player_choice":"Gold","damage_taken":0,"max_hp_gain":0,"max_hp_loss":0,"event_name":"Wheel of Change","floor":30,"gold_loss":0},{"damage_healed":0,"gold_gain":0,"player_choice":"Max HP","damage_taken":0,"max_hp_gain":0,"max_hp_loss":4,"event_name":"Winding Halls","floor":37,"gold_loss":0},{"cards_removed":["Streamline"],"damage_healed":0,"gold_gain":0,"player_choice":"Removed Attack","damage_taken":0,"max_hp_gain":0,"max_hp_loss":0,"event_name":"Falling","floor":39,"gold_loss":0},{"damage_healed":0,"gold_gain":0,"player_choice":"Memory 1","damage_taken":0,"max_hp_gain":0,"max_hp_loss":0,"event_name":"SensoryStone","floor":42,"gold_loss":0}],"is_beta":false,"boss_relics":[{"not_picked":["Black Star","Lizard Tail"],"picked":"Sozu"},{"not_picked":["Busted Crown","Philosopher\u0027s Stone"],"picked":"Inserter"}],"items_purged_floors":[2,20,38,47],"is_endless":false,"potions_floor_spawned":[1,10,16,18,23,28,29,33,35,36],"killed_by":"Awakened One","ascension_level":5}