{"gold_per_floor":[117,136,136,155,172,172,200,220,302,302,318,318,131,151,151,254,254,268,268,29,49,2,2,12,32,110,110,110,110,110,110,110,208,208,220,220,320,333,333,333,62,62,62,62,62,62,62,62,62,62],"floor_reached":50,"playtime":2089,"items_purged":["Normality","Strike_B","Strike_B"],"score":501,"play_id":"eac85b28-5074-45a0-944e-c03751ec5fe7","local_time":"20190511130807","is_ascension_mode":true,"campfire_choices":[{"floor":6,"key":"REST"},{"floor":10,"key":"REST"},{"data":"Genetic Algorithm","floor":12,"key":"SMITH"},{"floor":15,"key":"REST"},{"data":"Self Repair","floor":23,"key":"SMITH"},{"data":"Scrape","floor":29,"key":"SMITH"},{"data":"Chaos","floor":32,"key":"SMITH"},{"floor":40,"key":"REST"},{"data":"Capacitor","floor":42,"key":"SMITH"},{"data":"Mind Blast","floor":44,"key":"SMITH"},{"data":"Dualcast","floor":45,"key":"SMITH"},{"data":"Echo Form","floor":46,"key":"SMITH"},{"data":"Go for the Eyes","floor":47,"key":"SMITH"},{"data":"Melter","floor":49,"key":"SMITH"}],"neow_cost":"NONE","seed_source_timestamp":8006205847500,"circlet_count":0,"master_deck":["Strike_B","Strike_B","Defend_B","Defend_B","Defend_B","Defend_B+1","Zap","Dualcast+1","Sweeping Beam","Melter+1","Zap","Gash","Go for the Eyes+1","Chaos+1","Hologram","Genetic Algorithm+1","Gash","Self Repair+1","Stack","Echo Form+1","Leap+1","Capacitor+1","Scrape+1","Hologram","Gash","Seek+1","Electrodynamics","Mind Blast+1","Stack"],"relics":["Cracked Core","Oddly Smooth Stone","Art of War","Bottled Lightning","Nuclear Battery","Matryoshka","Sozu","WingedGreaves","War Paint","Blue Candle","Omamori"],"potions_floor_usage":[8,11,16],"damage_taken":[{"damage":6,"enemies":"Jaw Worm","floor":1,"turns":4},{"damage":0,"enemies":"Cultist","floor":2,"turns":3},{"damage":2,"enemies":"2 Louse","floor":4,"turns":2},{"damage":28,"enemies":"Gremlin Gang","floor":5,"turns":4},{"damage":48,"enemies":"Gremlin Nob","floor":7,"turns":5},{"damage":0,"enemies":"3 Louse","floor":8,"turns":2},{"damage":6,"enemies":"Looter","floor":11,"turns":3},{"damage":12,"enemies":"2 Fungi Beasts","floor":14,"turns":3},{"damage":6,"enemies":"Slime Boss","floor":16,"turns":8},{"damage":33,"enemies":"Chosen","floor":18,"turns":6},{"damage":10,"enemies":"3 Byrds","floor":21,"turns":6},{"damage":15,"enemies":"Cultist and Chosen","floor":24,"turns":6},{"damage":29,"enemies":"Shelled Parasite and Fungi","floor":25,"turns":6},{"damage":42,"enemies":"Collector","floor":33,"turns":8},{"damage":14,"enemies":"3 Darklings","floor":35,"turns":5},{"damage":19,"enemies":"Mind Bloom Boss Battle","floor":37,"turns":7},{"damage":23,"enemies":"Orb Walker","floor":38,"turns":4},{"damage":101,"enemies":"Time Eater","floor":50,"turns":12}],"seed_played":"-4567790179116168525","potions_obtained":[{"floor":5,"key":"Regen Potion"},{"floor":7,"key":"Fire Potion"},{"floor":14,"key":"Explosive Potion"},{"floor":24,"key":"Ancient Potion"}],"is_trial":false,"path_per_floor":["M","M","?","M","M","R","E","M","T","R","M","R","$","M","R","B",null,"M","?","$","M","$","R","M","M","T","?","$","R","?","?","R","B",null,"M","?","?","M","?","R","$","R","T","R","R","R","R","?","R","B"],"character_chosen":"DEFECT","items_purchased":["Self Repair","Stack","Capacitor","Scrape","Gash","War Paint"],"campfire_rested":4,"item_purchase_floors":[13,13,20,20,22,41],"current_hp_per_floor":[69,69,69,67,39,61,13,13,13,35,38,38,38,33,55,56,75,49,42,42,39,39,39,34,25,25,50,50,50,50,50,50,18,75,71,71,62,49,49,71,71,71,71,71,71,71,71,71,71,0],"gold":62,"neow_bonus":"RANDOM_COMMON_RELIC","is_prod":false,"is_daily":false,"chose_seed":false,"campfire_upgraded":10,"win_rate":0,"timestamp":1557594487,"path_taken":["M","M","?","M","?","R","E","M","T","R","?","R","$","M","R","BOSS","M","?","$","?","$","R","M","?","T","?","$","R","?","?","R","BOSS","M","?","?","M","?","R","$","R","T","R","R","R","R","?","R","BOSS"],"build_version":"2019-01-23","purchased_purges":3,"victory":false,"max_hp_per_floor":[75,75,75,75,75,75,75,75,75,75,75,75,75,75,75,75,75,75,75,75,75,75,75,75,75,75,75,75,75,75,75,75,75,75,75,75,75,75,75,75,75,75,75,75,75,75,75,75,75,75],"card_choices":[{"not_picked":["Beam Cell","Streamline"],"picked":"Sweeping Beam","floor":1},{"not_picked":["Hologram","Conserve Battery"],"picked":"Melter","floor":2},{"not_picked":["Doom and Gloom","Melter"],"picked":"Go for the Eyes","floor":4},{"not_picked":["Sweeping Beam","Steam"],"picked":"Chaos","floor":5},{"not_picked":["Reprogram","Multi-Cast"],"picked":"Hologram","floor":7},{"not_picked":["Compile Driver","Conserve Battery"],"picked":"Genetic Algorithm","floor":8},{"not_picked":["Chill","Reprogram"],"picked":"Gash","floor":11},{"not_picked":["Turbo","Stack"],"picked":"Gash","floor":14},{"not_picked":["Fission","Creative AI"],"picked":"Echo Form","floor":16},{"not_picked":["Conserve Battery","Cold Snap"],"picked":"Leap+1","floor":18},{"not_picked":["Steam","Leap"],"picked":"Hologram","floor":21},{"not_picked":["Gash","Hologram"],"picked":"Seek","floor":24},{"not_picked":["Hello World","Turbo","Stack"],"picked":"SKIP","floor":25},{"not_picked":["Fission","Core Surge"],"picked":"Electrodynamics","floor":33},{"not_picked":["Tempest","Fusion+1","Steam"],"picked":"SKIP","floor":35},{"not_picked":["Purity","HandOfGreed"],"picked":"Mind Blast","floor":36},{"not_picked":["Storm","Self Repair"],"picked":"Stack","floor":38}],"player_experience":259212,"relics_obtained":[{"floor":7,"key":"Art of War"},{"floor":9,"key":"Bottled Lightning"},{"floor":26,"key":"Matryoshka"},{"floor":37,"key":"WingedGreaves"},{"floor":43,"key":"Blue Candle"},{"floor":43,"key":"Omamori"}],"event_choices":[{"damage_healed":0,"gold_gain":0,"player_choice":"3 cards matched","damage_taken":0,"max_hp_gain":0,"max_hp_loss":0,"event_name":"Match and Keep!","floor":3,"gold_loss":0,"cards_obtained":["Normality","Zap","Gash"]},{"damage_healed":0,"gold_gain":0,"player_choice":"","damage_taken":7,"max_hp_gain":0,"max_hp_loss":0,"event_name":"Knowing Skull","floor":19,"potions_obtained":[],"gold_loss":0,"cards_obtained":[]},{"damage_healed":25,"gold_gain":0,"player_choice":"Heal","damage_taken":0,"max_hp_gain":0,"max_hp_loss":0,"event_name":"The Library","floor":27,"gold_loss":0},{"damage_healed":0,"gold_gain":0,"player_choice":"Ignored","damage_taken":0,"max_hp_gain":0,"max_hp_loss":0,"event_name":"Cursed Tome","floor":30,"gold_loss":0},{"damage_healed":0,"gold_gain":0,"player_choice":"Ignored","damage_taken":0,"max_hp_gain":0,"max_hp_loss":0,"event_name":"Vampires","floor":31,"gold_loss":0},{"damage_healed":0,"gold_gain":0,"player_choice":"Memory 1","damage_taken":0,"max_hp_gain":0,"max_hp_loss":0,"event_name":"SensoryStone","floor":36,"gold_loss":0},{"damage_healed":0,"gold_gain":0,"player_choice":"Fight","damage_taken":0,"max_hp_gain":0,"max_hp_loss":0,"event_name":"MindBloom","floor":37,"gold_loss":0},{"damage_healed":0,"gold_gain":0,"player_choice":"Ignored","damage_taken":0,"max_hp_gain":0,"max_hp_loss":0,"event_name":"Tomb of Lord Red Mask","floor":39,"gold_loss":0},{"cards_removed":["Gash"],"damage_healed":0,"gold_gain":0,"player_choice":"Removed Attack","damage_taken":0,"max_hp_gain":0,"max_hp_loss":0,"event_name":"Falling","floor":48,"gold_loss":0}],"is_beta":false,"boss_relics":[{"not_picked":["Philosopher\u0027s Stone","White Beast Statue"],"picked":"Nuclear Battery"},{"not_picked":["Velvet Choker","Lizard Tail"],"picked":"Sozu"}],"items_purged_floors":[13,20,41],"is_endless":false,"potions_floor_spawned":[5,7,14,24,35,38],"killed_by":"Time Eater","ascension_level":3}