{"gold_per_floor":[116,116,130,61,76,76,91,91,91,91,116,129,129,146,146,220,220,237,207],"floor_reached":19,"playtime":554,"items_purged":[],"score":287,"play_id":"eb6bc23e-654d-4e5a-92ca-9b93a749cf5a","local_time":"20190607194404","is_ascension_mode":true,"campfire_choices":[{"data":"Searing Blow","floor":6,"key":"SMITH"},{"data":"Searing Blow+1","floor":10,"key":"SMITH"},{"data":"Searing Blow+2","floor":13,"key":"SMITH"},{"data":"Searing Blow+3","floor":15,"key":"SMITH"}],"neow_cost":"NONE","seed_source_timestamp":10613608483500,"circlet_count":0,"master_deck":["AscendersBane","Strike_R","Strike_R","Strike_R","Strike_R","Strike_R","Defend_R","Defend_R","Defend_R","Defend_R","Bash","Perfected Strike","Shrug It Off","Searing Blow+4","Twin Strike","Inflame","Metallicize","Twin Strike+1","True Grit","Double Tap","Flame Barrier+1"],"relics":["Burning Blood","Molten Egg 2","Ice Cream","Eternal Feather"],"potions_floor_usage":[16,19],"damage_taken":[{"damage":7,"enemies":"2 Louse","floor":1,"turns":3},{"damage":1,"enemies":"Cultist","floor":3,"turns":3},{"damage":15,"enemies":"Small Slimes","floor":5,"turns":3},{"damage":5,"enemies":"Gremlin Gang","floor":7,"turns":6},{"damage":51,"enemies":"Lagavulin","floor":11,"turns":6},{"damage":0,"enemies":"Large Slime","floor":12,"turns":4},{"damage":3,"enemies":"Looter","floor":14,"turns":2},{"damage":25,"enemies":"The Guardian","floor":16,"turns":11},{"damage":54,"enemies":"3 Byrds","floor":18,"turns":9},{"damage":22,"enemies":"2 Thieves","floor":19,"turns":2}],"seed_played":"-3437941906286573978","potions_obtained":[{"floor":5,"key":"GamblersBrew"},{"floor":7,"key":"Ancient Potion"},{"floor":14,"key":"SkillPotion"},{"floor":18,"key":"Fire Potion"}],"is_trial":false,"path_per_floor":["M","?","M","$","M","R","M","?","T","R","E","M","R","M","R","B",null,"M","M"],"character_chosen":"IRONCLAD","items_purchased":["Searing Blow"],"campfire_rested":0,"item_purchase_floors":[4],"current_hp_per_floor":[67,67,72,72,63,63,64,75,75,75,30,36,36,39,39,20,61,13,0],"gold":207,"neow_bonus":"RANDOM_COLORLESS","is_prod":false,"is_daily":false,"chose_seed":false,"campfire_upgraded":4,"win_rate":0,"timestamp":1559951044,"path_taken":["M","?","?","$","M","R","M","?","T","R","E","M","R","M","R","BOSS","M","?"],"build_version":"2019-01-23","purchased_purges":0,"victory":false,"max_hp_per_floor":[75,75,75,75,75,75,75,75,75,75,75,75,75,75,75,75,75,75,75],"card_choices":[{"not_picked":["Warcry","Body Slam"],"picked":"Perfected Strike","floor":1},{"not_picked":["Flex","Disarm"],"picked":"Shrug It Off","floor":3},{"not_picked":["Sword Boomerang","Bloodletting"],"picked":"Twin Strike","floor":5},{"not_picked":["Flex","Clothesline"],"picked":"Inflame","floor":7},{"not_picked":["Demon Form","Searing Blow+1"],"picked":"Metallicize","floor":11},{"not_picked":["Wild Strike+1","Warcry"],"picked":"Twin Strike+1","floor":12},{"not_picked":["Thunderclap+1","Sword Boomerang+1"],"picked":"True Grit","floor":14},{"not_picked":["Bludgeon+1","Berserk"],"picked":"Double Tap","floor":16},{"not_picked":["Wild Strike+1","Iron Wave+1"],"picked":"Flame Barrier+1","floor":18}],"player_experience":382984,"relics_obtained":[{"floor":9,"key":"Molten Egg 2"},{"floor":11,"key":"Ice Cream"}],"event_choices":[{"damage_healed":0,"gold_gain":0,"player_choice":"Ignored","damage_taken":0,"max_hp_gain":0,"max_hp_loss":0,"event_name":"WeMeetAgain","floor":2,"gold_loss":0},{"cards_removed":["Impatience"],"damage_healed":11,"gold_gain":0,"player_choice":"Offered Uncommon","damage_taken":0,"max_hp_gain":0,"max_hp_loss":0,"event_name":"Bonfire Elementals","floor":8,"gold_loss":0}],"is_beta":false,"boss_relics":[{"not_picked":["Pandora\u0027s Box","Orrery"],"picked":"Eternal Feather"}],"items_purged_floors":[],"is_endless":false,"potions_floor_spawned":[5,7,11,14,18],"killed_by":"2 Thieves","ascension_level":14}