{"gold_per_floor":[115,34,54,129,143,143,162,176,246,246,276,276,303,315,315,392,392,392,392,51,51,51,51,51,51,51,51,51,51,1,1,1,1,1,1,1,1,1,1],"floor_reached":39,"playtime":1123,"items_purged":["Strike_R"],"score":731,"play_id":"bbeb8ec2-fef5-4489-992a-08216fa8cadc","local_time":"20190623145316","is_ascension_mode":true,"campfire_choices":[{"data":"Rage","floor":6,"key":"SMITH"},{"data":"Disarm","floor":10,"key":"SMITH"},{"data":"Anger","floor":15,"key":"SMITH"},{"floor":23,"key":"REST"},{"data":"Shrug It Off","floor":25,"key":"SMITH"},{"data":"Flex","floor":27,"key":"SMITH"},{"floor":32,"key":"REST"}],"neow_cost":"NONE","seed_source_timestamp":4903608905700,"circlet_count":0,"master_deck":["AscendersBane","Strike_R+1","Strike_R+1","Strike_R+1","Strike_R+1","Defend_R+1","Defend_R+1","Defend_R+1","Defend_R+1","Bash+1","Shrug It Off+1","Rage+1","Anger+1","Twin Strike","Cleave","Disarm+1","Sword Boomerang+1","Pommel Strike+1","Flex+1","Fiend Fire+1","Hemokinesis+1","Sword Boomerang+1","Armaments+1","Uppercut+1","Battle Trance+1","Immolate+1"],"relics":["Burning Blood","Molten Egg 2","Unceasing Top","Bronze Scales","Ectoplasm","Singing Bowl","Anchor","White Beast Statue","Sundial"],"potions_floor_usage":[7,16,22,33,33,38],"damage_taken":[{"damage":7,"enemies":"Small Slimes","floor":1,"turns":3},{"damage":6,"enemies":"Cultist","floor":3,"turns":4},{"damage":8,"enemies":"Jaw Worm","floor":5,"turns":3},{"damage":0,"enemies":"3 Louse","floor":7,"turns":2},{"damage":7,"enemies":"2 Fungi Beasts","floor":8,"turns":3},{"damage":17,"enemies":"Lagavulin","floor":11,"turns":6},{"damage":7,"enemies":"3 Sentries","floor":13,"turns":9},{"damage":5,"enemies":"Gremlin Gang","floor":14,"turns":2},{"damage":15,"enemies":"The Guardian","floor":16,"turns":9},{"damage":29,"enemies":"Shell Parasite","floor":18,"turns":5},{"damage":9,"enemies":"3 Byrds","floor":19,"turns":4},{"damage":35,"enemies":"Shelled Parasite and Fungi","floor":21,"turns":4},{"damage":1,"enemies":"Snake Plant","floor":22,"turns":3},{"damage":8,"enemies":"Snecko","floor":24,"turns":5},{"damage":9,"enemies":"Cultist and Chosen","floor":31,"turns":5},{"damage":13,"enemies":"Champ","floor":33,"turns":7},{"damage":34,"enemies":"3 Darklings","floor":35,"turns":3},{"damage":9,"enemies":"3 Shapes","floor":36,"turns":3},{"damage":40,"enemies":"Sphere and 2 Shapes","floor":38,"turns":5},{"damage":13,"enemies":"4 Shapes","floor":39,"turns":5}],"seed_played":"8876730733803361681","potions_obtained":[{"floor":5,"key":"Explosive Potion"},{"floor":7,"key":"SpeedPotion"},{"floor":12,"key":"SteroidPotion"},{"floor":16,"key":"PowerPotion"},{"floor":24,"key":"Dexterity Potion"},{"floor":35,"key":"SteroidPotion"},{"floor":36,"key":"LiquidBronze"},{"floor":38,"key":"Poison Potion"}],"is_trial":false,"path_per_floor":["M","$","M","?","M","R","M","M","T","R","E","?","E","M","R","B",null,"M","M","$","M","M","R","M","R","T","R","?","?","?","M","R","B",null,"M","M","T","M","M"],"character_chosen":"IRONCLAD","items_purchased":["Rage","Singing Bowl"],"campfire_rested":2,"item_purchase_floors":[2,20],"current_hp_per_floor":[67,67,67,56,54,54,60,59,59,59,48,48,47,48,48,39,66,43,40,40,11,16,38,36,36,36,36,36,36,36,35,58,51,71,45,44,44,12,0],"gold":1,"neow_bonus":"UPGRADE_CARD","is_prod":false,"is_daily":false,"chose_seed":false,"campfire_upgraded":5,"win_rate":0,"timestamp":1561315996,"path_taken":["M","$","M","?","M","R","M","M","T","R","E","?","E","M","R","BOSS","M","M","$","M","?","R","M","R","T","R","?","?","?","M","R","BOSS","M","?","?","M","?"],"build_version":"2019-01-23","purchased_purges":1,"victory":false,"max_hp_per_floor":[75,75,75,75,75,75,75,75,75,75,75,75,75,75,75,75,75,75,75,75,75,75,75,75,75,75,75,75,75,75,77,77,77,77,79,81,81,83,83],"card_choices":[{"not_picked":["Corruption","Ghostly Armor"],"picked":"Shrug It Off","floor":1},{"not_picked":["Flex","Heavy Blade"],"picked":"Anger","floor":3},{"not_picked":["Corruption","Bloodletting"],"picked":"Twin Strike","floor":5},{"not_picked":["Sentinel","Warcry"],"picked":"Cleave","floor":7},{"not_picked":["Limit Break","Flex"],"picked":"Disarm","floor":8},{"not_picked":["Body Slam+1","Evolve"],"picked":"Sword Boomerang+1","floor":11},{"not_picked":["Battle Trance","Clothesline+1"],"picked":"Pommel Strike+1","floor":13},{"not_picked":["Clash+1","Body Slam+1"],"picked":"Flex","floor":14},{"not_picked":["Demon Form","Dark Embrace"],"picked":"Fiend Fire+1","floor":16},{"not_picked":["Cleave+1","Combust"],"picked":"Hemokinesis+1","floor":18},{"not_picked":["Dropkick+1","Intimidate"],"picked":"Sword Boomerang+1","floor":19},{"not_picked":["Flex","Rampage+1"],"picked":"Armaments+1","floor":21},{"not_picked":["True Grit","Sword Boomerang+1"],"picked":"Uppercut+1","floor":22},{"not_picked":["Armaments","Pommel Strike+1"],"picked":"Battle Trance+1","floor":24},{"not_picked":["Anger+1","Second Wind","Thunderclap+1"],"picked":"Singing Bowl","floor":31},{"not_picked":["Impervious","Berserk"],"picked":"Immolate+1","floor":33},{"not_picked":["Searing Blow+1","Infernal Blade","Pommel Strike+1"],"picked":"Singing Bowl","floor":35},{"not_picked":["Headbutt+1","Heavy Blade+1","Pommel Strike+1"],"picked":"Singing Bowl","floor":36},{"not_picked":["Bloodletting","Cleave+1","Clothesline+1"],"picked":"Singing Bowl","floor":38}],"player_experience":407761,"relics_obtained":[{"floor":9,"key":"Molten Egg 2"},{"floor":11,"key":"Unceasing Top"},{"floor":13,"key":"Bronze Scales"},{"floor":26,"key":"Anchor"},{"floor":37,"key":"Sundial"}],"event_choices":[{"damage_healed":0,"gold_gain":75,"player_choice":"Gather Gold","damage_taken":11,"max_hp_gain":0,"max_hp_loss":0,"event_name":"World of Goop","floor":4,"gold_loss":0},{"damage_healed":0,"gold_gain":0,"player_choice":"Got Potions","damage_taken":0,"max_hp_gain":0,"max_hp_loss":0,"event_name":"Lab","floor":12,"gold_loss":0},{"damage_healed":0,"gold_gain":0,"player_choice":"Simplicity","damage_taken":0,"max_hp_gain":0,"max_hp_loss":0,"event_name":"Back to Basics","floor":29,"gold_loss":0,"cards_upgraded":["Strike_R","Strike_R","Strike_R","Strike_R","Defend_R","Defend_R","Defend_R","Defend_R"]},{"damage_healed":0,"gold_gain":0,"player_choice":"Bet on Owner","damage_taken":0,"max_hp_gain":0,"max_hp_loss":0,"event_name":"The Joust","floor":30,"gold_loss":50}],"is_beta":false,"boss_relics":[{"not_picked":["Runic Dome","Busted Crown"],"picked":"Ectoplasm"},{"not_picked":["Snecko Eye","Runic Pyramid"],"picked":"White Beast Statue"}],"items_purged_floors":[20],"is_endless":false,"potions_floor_spawned":[5,7,16,21,24,31,35,36,38],"killed_by":"4 Shapes","ascension_level":17}