{"gold_per_floor":[112,131,33,108,118,180,180,180,180,180,193,225,73,93,93,195,245,255,271,146,146,146,157,177,191,191,191,71,71,16,33,33,33],"floor_reached":33,"playtime":2232,"items_purged":["Strike_B","Strike_B","Strike_B","Strike_B"],"score":257,"play_id":"a4059226-98e8-40d7-a2cc-4fc2173074b8","local_time":"20190901101422","is_ascension_mode":false,"campfire_choices":[{"floor":8,"key":"REST"},{"floor":10,"key":"REST"},{"data":"Redo","floor":15,"key":"SMITH"},{"floor":27,"key":"REST"},{"floor":32,"key":"REST"}],"neow_cost":"NONE","seed_source_timestamp":1999104608339,"circlet_count":0,"master_deck":["Defend_B","Defend_B","Defend_B","Defend_B","Zap+1","Dualcast","Ball Lightning","Redo+1","Barrage+1","Coolheaded","Sunder+1","Go for the Eyes","Conserve Battery","Storm","Echo Form","Melter","Gash","Self Repair","Beam Cell+1","Loop","Compile Driver"],"relics":["Cracked Core","Tiny Chest","Bottled Flame","Art of War","Tiny House","MutagenicStrength","The Courier"],"potions_floor_usage":[16,19,25,33],"damage_taken":[{"damage":6,"enemies":"Jaw Worm","floor":1,"turns":3},{"damage":0,"enemies":"Small Slimes","floor":2,"turns":2},{"damage":9,"enemies":"2 Louse","floor":5,"turns":2},{"damage":19,"enemies":"3 Sentries","floor":6,"turns":7},{"damage":7,"enemies":"Blue Slaver","floor":11,"turns":3},{"damage":6,"enemies":"Gremlin Nob","floor":12,"turns":3},{"damage":5,"enemies":"Looter","floor":14,"turns":3},{"damage":9,"enemies":"The Guardian","floor":16,"turns":9},{"damage":6,"enemies":"Chosen","floor":18,"turns":3},{"damage":2,"enemies":"3 Byrds","floor":19,"turns":4},{"damage":35,"enemies":"3 Cultists","floor":23,"turns":6},{"damage":12,"enemies":"Centurion and Healer","floor":24,"turns":5},{"damage":15,"enemies":"Snake Plant","floor":25,"turns":4},{"damage":8,"enemies":"Snecko","floor":31,"turns":5},{"damage":89,"enemies":"Automaton","floor":33,"turns":6}],"seed_played":"5803537332509616205","potions_obtained":[{"floor":6,"key":"SpeedPotion"},{"floor":14,"key":"Energy Potion"},{"floor":17,"key":"Energy Potion"},{"floor":18,"key":"Weak Potion"},{"floor":24,"key":"AttackPotion"}],"is_trial":false,"path_per_floor":["M","M","$","?","M","E","?","R","T","R","M","E","$","M","R","B",null,"M","M","$","?","?","M","M","M","T","R","$","?","$","M","R","B"],"character_chosen":"DEFECT","items_purchased":["Barrage","Conserve Battery","Loop"],"campfire_rested":4,"item_purchase_floors":[3,13,30],"current_hp_per_floor":[69,69,69,58,49,30,30,52,52,74,67,61,61,56,56,47,80,74,72,72,72,72,37,25,17,17,41,41,41,41,33,57,0],"gold":33,"neow_bonus":"UPGRADE_CARD","is_prod":false,"is_daily":false,"chose_seed":false,"campfire_upgraded":1,"win_rate":0,"timestamp":1567304062,"path_taken":["M","M","$","?","M","E","?","R","T","R","M","E","$","M","R","BOSS","M","M","$","?","?","M","M","M","T","R","?","?","?","?","R","BOSS"],"build_version":"2019-07-17","purchased_purges":4,"victory":false,"max_hp_per_floor":[75,75,75,75,75,75,75,75,75,75,75,75,75,75,75,75,80,80,80,80,80,80,80,80,80,80,80,80,80,80,80,80,80],"card_choices":[{"not_picked":["Streamline","Stack"],"picked":"Ball Lightning","floor":1},{"not_picked":["Streamline","Barrage"],"picked":"Redo","floor":2},{"not_picked":["Hello World","Leap"],"picked":"Coolheaded","floor":5},{"not_picked":["Turbo","Steam"],"picked":"Sunder","floor":6},{"not_picked":["Steam","Meteor Strike"],"picked":"Go for the Eyes","floor":11},{"not_picked":["Lockon","Streamline","Heatsinks"],"picked":"SKIP","floor":12},{"not_picked":["Hologram","Glacier"],"picked":"Storm","floor":14},{"not_picked":["Seek","Meteor Strike"],"picked":"Echo Form","floor":16},{"not_picked":["Go for the Eyes","Aggregate"],"picked":"Melter","floor":17},{"not_picked":["Double Energy","Rip and Tear","Sweeping Beam+1"],"picked":"SKIP","floor":18},{"not_picked":["Barrage","Coolheaded"],"picked":"Gash","floor":19},{"not_picked":["Sweeping Beam+1","Stack","Streamline+1"],"picked":"SKIP","floor":23},{"not_picked":["Stack","Streamline+1"],"picked":"Self Repair","floor":24},{"not_picked":["Turbo","Coolheaded"],"picked":"Beam Cell+1","floor":25},{"not_picked":["Gash","Creative AI"],"picked":"Compile Driver","floor":31}],"player_experience":264651,"relics_obtained":[{"floor":6,"key":"Tiny Chest"},{"floor":9,"key":"Bottled Flame"},{"floor":12,"key":"Art of War"},{"floor":26,"key":"The Courier"}],"event_choices":[{"damage_healed":0,"gold_gain":75,"player_choice":"Gather Gold","damage_taken":11,"max_hp_gain":0,"max_hp_loss":0,"event_name":"World of Goop","floor":4,"gold_loss":0},{"damage_healed":0,"gold_gain":0,"player_choice":"Grow","damage_taken":0,"max_hp_gain":0,"max_hp_loss":0,"event_name":"Living Wall","floor":7,"gold_loss":0,"cards_upgraded":["Sunder"]},{"damage_healed":0,"gold_gain":0,"player_choice":"Inject Mutagens","damage_taken":0,"relics_obtained":["MutagenicStrength"],"max_hp_gain":0,"max_hp_loss":0,"event_name":"Drug Dealer","floor":21,"gold_loss":0},{"damage_healed":0,"gold_gain":0,"player_choice":"Ignored","damage_taken":0,"max_hp_gain":0,"max_hp_loss":0,"event_name":"Vampires","floor":22,"gold_loss":0},{"damage_healed":0,"gold_gain":0,"player_choice":"Ignored","damage_taken":0,"max_hp_gain":0,"max_hp_loss":0,"event_name":"Ghosts","floor":29,"gold_loss":0}],"is_beta":false,"boss_relics":[{"not_picked":["Fusion Hammer","Runic Dome"],"picked":"Tiny House"}],"items_purged_floors":[3,13,20,28],"is_endless":false,"potions_floor_spawned":[6,14,18,24],"killed_by":"Automaton","ascension_level":0}