{"gold_per_floor":[118,43,43,59,59,59,94,107,107,124,144,164,164],"floor_reached":13,"playtime":531,"items_purged":["Strike_R"],"score":131,"play_id":"d816b9f0-a03c-4e48-9143-9f136b2dfb4c","local_time":"20190505172516","is_ascension_mode":true,"campfire_choices":[{"data":"Bash","floor":6,"key":"SMITH"}],"neow_cost":"NONE","seed_source_timestamp":21808384792800,"circlet_count":0,"master_deck":["AscendersBane","Strike_R","Strike_R","Strike_R+1","Defend_R+1","Defend_R+1","Defend_R+1","Defend_R","Bash+1","True Grit","Fiend Fire","Headbutt","Carnage","Twin Strike","Inflame"],"relics":["Burning Blood","Blue Candle","War Paint"],"potions_floor_usage":[7],"damage_taken":[{"damage":7,"enemies":"2 Louse","floor":1,"turns":3},{"damage":5,"enemies":"Jaw Worm","floor":4,"turns":4},{"damage":32,"enemies":"Lagavulin","floor":7,"turns":6},{"damage":5,"enemies":"Cultist","floor":8,"turns":4},{"damage":17,"enemies":"Exordium Wildlife","floor":10,"turns":7},{"damage":23,"enemies":"3 Louse","floor":11,"turns":3},{"damage":8,"enemies":"Large Slime","floor":12,"turns":6},{"damage":0,"enemies":"3 Sentries","floor":13,"turns":1}],"seed_played":"-2338148787532142064","potions_obtained":[{"floor":4,"key":"Poison Potion"},{"floor":11,"key":"EssenceOfSteel"},{"floor":12,"key":"Fire Potion"}],"is_trial":false,"path_per_floor":["M","$","?","M","?","R","E","M","T","M","M","M","E"],"character_chosen":"IRONCLAD","items_purchased":[],"campfire_rested":0,"item_purchase_floors":[],"current_hp_per_floor":[79,79,61,62,62,62,36,37,37,26,9,7,7],"gold":164,"neow_bonus":"TEN_PERCENT_HP_BONUS","is_prod":false,"is_daily":false,"chose_seed":false,"campfire_upgraded":1,"win_rate":0,"timestamp":1557091516,"path_taken":["M","$","?","M","?","R","E","?","T","M","M","M","E"],"build_version":"2019-01-23","purchased_purges":1,"victory":false,"max_hp_per_floor":[88,88,88,88,88,88,88,88,88,88,88,88,88],"card_choices":[{"not_picked":["Sword Boomerang","Seeing Red"],"picked":"True Grit","floor":1},{"not_picked":["Perfected Strike","Wild Strike","Cleave"],"picked":"SKIP","floor":4},{"not_picked":["Dropkick","Hemokinesis"],"picked":"Fiend Fire","floor":7},{"not_picked":["Cleave","Thunderclap"],"picked":"Headbutt","floor":8},{"not_picked":["Sentinel","Bloodletting"],"picked":"Carnage","floor":10},{"not_picked":["Clothesline","Sword Boomerang"],"picked":"Twin Strike","floor":11},{"not_picked":["Anger","Bloodletting"],"picked":"Inflame","floor":12}],"player_experience":202767,"relics_obtained":[{"floor":7,"key":"Blue Candle"},{"floor":9,"key":"War Paint"}],"event_choices":[{"damage_healed":0,"gold_gain":0,"player_choice":"Entered Light","damage_taken":18,"max_hp_gain":0,"max_hp_loss":0,"event_name":"Shining Light","floor":3,"gold_loss":0,"cards_upgraded":["Defend_R","Strike_R"]},{"cards_removed":["Strike_R"],"damage_healed":0,"gold_gain":0,"player_choice":"Offered Basic","damage_taken":0,"max_hp_gain":0,"max_hp_loss":0,"event_name":"Bonfire Elementals","floor":5,"gold_loss":0}],"is_beta":false,"boss_relics":[],"items_purged_floors":[2],"is_endless":false,"potions_floor_spawned":[4,11,12],"killed_by":"3 Sentries","ascension_level":10}