{"gold_per_floor":[117,43,43,58,58,58,87,87,87,116,135,135,204,39,39,112,112,131,4,72,87,107,107,107],"floor_reached":24,"playtime":619,"items_purged":["Strike_R"],"score":391,"play_id":"b75e8a03-ad52-4d25-9327-54ebfea8cefb","local_time":"20190728140232","is_ascension_mode":true,"campfire_choices":[{"data":"Bash","floor":6,"key":"SMITH"},{"data":"Flame Barrier","floor":12,"key":"SMITH"},{"floor":15,"key":"REST"},{"data":"True Grit","floor":23,"key":"SMITH"}],"neow_cost":"NONE","seed_source_timestamp":5852332579300,"circlet_count":0,"master_deck":["AscendersBane","Strike_R","Strike_R","Strike_R","Strike_R","Defend_R","Defend_R","Defend_R","Defend_R","Bash+1","Whirlwind","Spot Weakness","Cleave","Flame Barrier+1","True Grit+1","Pommel Strike","Clothesline","Feed","Ghostly Armor","Immolate","Thunderclap"],"relics":["Burning Blood","Happy Flower","SsserpentHead","Centennial Puzzle","Ornamental Fan","Cursed Key"],"potions_floor_usage":[7,10,16,22],"damage_taken":[{"damage":9,"enemies":"Jaw Worm","floor":1,"turns":4},{"damage":6,"enemies":"Cultist","floor":4,"turns":3},{"damage":50,"enemies":"Lagavulin","floor":7,"turns":6},{"damage":6,"enemies":"Gremlin Nob","floor":10,"turns":3},{"damage":13,"enemies":"Small Slimes","floor":11,"turns":3},{"damage":12,"enemies":"3 Louse","floor":13,"turns":2},{"damage":40,"enemies":"The Guardian","floor":16,"turns":14},{"damage":0,"enemies":"3 Byrds","floor":18,"turns":1},{"damage":8,"enemies":"2 Thieves","floor":20,"turns":3},{"damage":11,"enemies":"Snake Plant","floor":21,"turns":3},{"damage":16,"enemies":"Centurion and Healer","floor":22,"turns":4},{"damage":70,"enemies":"Gremlin Leader","floor":24,"turns":6}],"seed_played":"7309240656608508715","potions_obtained":[{"floor":0,"key":"AttackPotion"},{"floor":0,"key":"Regen Potion"},{"floor":13,"key":"Block Potion"},{"floor":21,"key":"GamblersBrew"}],"is_trial":false,"path_per_floor":["M","$","?","M","$","R","E","?","T","E","M","R","M","$","R","B",null,"M","$","M","M","M","R","E"],"character_chosen":"IRONCLAD","items_purchased":["Spot Weakness","Feed","Ghostly Armor","Thunderclap"],"campfire_rested":1,"item_purchase_floors":[2,14,14,19],"current_hp_per_floor":[65,65,65,65,65,65,35,35,35,35,28,28,22,22,44,13,62,68,68,69,64,57,57,0],"gold":107,"neow_bonus":"THREE_SMALL_POTIONS","is_prod":false,"is_daily":false,"chose_seed":false,"campfire_upgraded":3,"win_rate":0,"timestamp":1564336952,"path_taken":["M","$","?","M","$","R","E","?","T","E","M","R","?","$","R","BOSS","M","$","?","M","M","R","E"],"build_version":"2019-07-17","purchased_purges":1,"victory":false,"max_hp_per_floor":[75,75,75,75,75,75,75,75,75,75,75,75,75,75,75,78,78,78,78,81,81,84,84,84],"card_choices":[{"not_picked":["Twin Strike","Dual Wield"],"picked":"Whirlwind","floor":1},{"not_picked":["Searing Blow","Perfected Strike"],"picked":"Cleave","floor":4},{"not_picked":["Dark Embrace","Disarm"],"picked":"Flame Barrier","floor":7},{"not_picked":["Warcry","Spot Weakness"],"picked":"True Grit","floor":10},{"not_picked":["Sword Boomerang","Havoc"],"picked":"Pommel Strike","floor":11},{"not_picked":["Shockwave","Fire Breathing"],"picked":"Clothesline","floor":13},{"not_picked":["Barricade","Berserk"],"picked":"Immolate","floor":16},{"not_picked":["Warcry","Dual Wield","Blood for Blood"],"picked":"SKIP","floor":18},{"not_picked":["Flex","Dropkick","Warcry"],"picked":"SKIP","floor":20},{"not_picked":["Searing Blow","Warcry","Wild Strike"],"picked":"SKIP","floor":21},{"not_picked":["Hemokinesis","Anger","Blood for Blood"],"picked":"SKIP","floor":22}],"player_experience":445440,"relics_obtained":[{"floor":7,"key":"Happy Flower"},{"floor":9,"key":"Centennial Puzzle"},{"floor":10,"key":"Ornamental Fan"}],"event_choices":[{"damage_healed":0,"gold_gain":0,"player_choice":"Ignored","damage_taken":0,"max_hp_gain":0,"max_hp_loss":0,"event_name":"Golden Wing","floor":3,"gold_loss":0},{"damage_healed":0,"gold_gain":0,"player_choice":"Trade","damage_taken":0,"relics_obtained":["SsserpentHead"],"max_hp_gain":0,"max_hp_loss":0,"event_name":"FaceTrader","floor":8,"gold_loss":0}],"is_beta":false,"boss_relics":[{"not_picked":["Runic Cube","Tiny House"],"picked":"Cursed Key"}],"items_purged_floors":[19],"is_endless":false,"potions_floor_spawned":[1,4,13,21],"killed_by":"Gremlin Leader","ascension_level":18}