{"gold_per_floor":[114,114,114,134,145,180,180,196,196,213,213,223,243,256,256,256],"floor_reached":16,"playtime":290,"items_purged":[],"score":201,"play_id":"2d9b05e8-9c39-4691-9fab-09b1f437b386","local_time":"20190802181801","is_ascension_mode":true,"campfire_choices":[{"data":"Armaments","floor":7,"key":"SMITH"},{"data":"Perfected Strike","floor":11,"key":"SMITH"},{"data":"Spot Weakness","floor":15,"key":"SMITH"}],"neow_cost":"NONE","seed_source_timestamp":5851792541100,"circlet_count":0,"master_deck":["AscendersBane","Strike_R","Strike_R","Strike_R","Strike_R","Strike_R","Defend_R","Defend_R","Defend_R","Bash+1","Perfected Strike+1","Thunderclap","Armaments+1","Cleave","Wild Strike","Iron Wave","Spot Weakness+1","Headbutt"],"relics":["Burning Blood","NeowsBlessing","Matryoshka","Potion Belt","Pear"],"potions_floor_usage":[13,16,16],"damage_taken":[{"damage":0,"enemies":"2 Louse","floor":1,"turns":1},{"damage":0,"enemies":"Small Slimes","floor":4,"turns":1},{"damage":0,"enemies":"Cultist","floor":5,"turns":1},{"damage":32,"enemies":"Gremlin Nob","floor":6,"turns":4},{"damage":16,"enemies":"Blue Slaver","floor":8,"turns":4},{"damage":12,"enemies":"Looter","floor":10,"turns":3},{"damage":13,"enemies":"Exordium Wildlife","floor":12,"turns":3},{"damage":1,"enemies":"Red Slaver","floor":13,"turns":3},{"damage":13,"enemies":"Blue Slaver","floor":14,"turns":3},{"damage":36,"enemies":"The Guardian","floor":16,"turns":7}],"seed_played":"6829198239100382404","potions_obtained":[{"floor":6,"key":"Strength Potion"},{"floor":8,"key":"Explosive Potion"},{"floor":10,"key":"Strength Potion"},{"floor":12,"key":"Weak Potion"},{"floor":14,"key":"Ancient Potion"}],"is_trial":false,"path_per_floor":["M","?","?","M","M","E","R","M","T","M","R","M","M","M","R","B"],"character_chosen":"IRONCLAD","items_purchased":[],"campfire_rested":0,"item_purchase_floors":[],"current_hp_per_floor":[74,67,67,73,75,49,49,39,49,43,43,36,41,34,34,0],"gold":256,"neow_bonus":"THREE_ENEMY_KILL","is_prod":false,"is_daily":false,"chose_seed":false,"campfire_upgraded":3,"win_rate":0,"timestamp":1564784281,"path_taken":["M","?","?","M","?","E","R","M","T","M","R","M","M","M","R","BOSS"],"build_version":"2019-07-17","purchased_purges":0,"victory":false,"max_hp_per_floor":[75,75,75,75,75,75,75,75,85,85,85,85,85,85,85,85],"card_choices":[{"not_picked":["True Grit","Havoc"],"picked":"Perfected Strike","floor":1},{"not_picked":["Infernal Blade","Blood for Blood"],"picked":"Thunderclap","floor":4},{"not_picked":["Flex","Thunderclap"],"picked":"Armaments","floor":5},{"not_picked":["Heavy Blade","Thunderclap"],"picked":"Cleave","floor":6},{"not_picked":["Clash","Barricade","Wild Strike"],"picked":"SKIP","floor":8},{"not_picked":["Thunderclap","Reckless Charge"],"picked":"Wild Strike","floor":10},{"not_picked":["Battle Trance","Armaments"],"picked":"Iron Wave","floor":12},{"not_picked":["Cleave","Anger"],"picked":"Spot Weakness","floor":13},{"not_picked":["Perfected Strike","Warcry"],"picked":"Headbutt","floor":14}],"player_experience":449885,"relics_obtained":[{"floor":6,"key":"Matryoshka"},{"floor":9,"key":"Potion Belt"},{"floor":9,"key":"Pear"}],"event_choices":[{"cards_removed":["Defend_R"],"damage_healed":0,"gold_gain":0,"player_choice":"Card Removal","damage_taken":7,"max_hp_gain":0,"max_hp_loss":0,"event_name":"Golden Wing","floor":2,"gold_loss":0},{"damage_healed":0,"gold_gain":0,"player_choice":"Forge","damage_taken":0,"max_hp_gain":0,"max_hp_loss":0,"event_name":"Accursed Blacksmith","floor":3,"gold_loss":0,"cards_upgraded":["Bash"]}],"is_beta":false,"boss_relics":[],"items_purged_floors":[],"is_endless":false,"potions_floor_spawned":[6,8,10,12,14],"killed_by":"The Guardian","ascension_level":18}