{"gold_per_floor":[219,48,61,61,8,8,8,8,8,35,49,64,81,95,95,200,200,217,217,217,217,230,230,230],"floor_reached":24,"playtime":865,"items_purged":[],"score":304,"play_id":"bb2c0eb8-bbe5-4580-a3c9-05149b43c848","local_time":"20190511185257","is_ascension_mode":true,"campfire_choices":[{"data":"Perfected Strike","floor":6,"key":"SMITH"},{"data":"Bash","floor":8,"key":"SMITH"},{"data":"Pummel","floor":15,"key":"SMITH"},{"floor":23,"key":"REST"}],"neow_cost":"NONE","seed_source_timestamp":29920198796800,"circlet_count":0,"master_deck":["AscendersBane","Strike_R","Strike_R","Strike_R","Strike_R","Defend_R","Defend_R","Defend_R","Bash+1","Sword Boomerang","Perfected Strike+1","Spot Weakness","Heavy Blade","Pummel+1","Immolate","Twin Strike","Limit Break","RitualDagger"],"relics":["Burning Blood","Pen Nib","Pantograph","Boot","Cursed Key"],"potions_floor_usage":[10,18,19,24],"damage_taken":[{"damage":6,"enemies":"Cultist","floor":1,"turns":4},{"damage":7,"enemies":"Small Slimes","floor":3,"turns":3},{"damage":20,"enemies":"3 Sentries","floor":10,"turns":4},{"damage":7,"enemies":"Jaw Worm","floor":11,"turns":2},{"damage":7,"enemies":"Looter","floor":12,"turns":3},{"damage":10,"enemies":"2 Fungi Beasts","floor":13,"turns":3},{"damage":13,"enemies":"Blue Slaver","floor":14,"turns":2},{"damage":26,"enemies":"Slime Boss","floor":16,"turns":7},{"damage":7,"enemies":"Chosen","floor":18,"turns":3},{"damage":18,"enemies":"Colosseum Slavers","floor":19,"turns":3},{"damage":35,"enemies":"3 Byrds","floor":22,"turns":4},{"damage":57,"enemies":"Slavers","floor":24,"turns":3}],"seed_played":"7595825762784412436","potions_obtained":[{"floor":3,"key":"SneckoOil"},{"floor":13,"key":"SpeedPotion"},{"floor":16,"key":"SteroidPotion"},{"floor":18,"key":"Energy Potion"},{"floor":22,"key":"Weak Potion"}],"is_trial":false,"path_per_floor":["M","$","M","?","$","R","?","R","T","E","M","M","M","M","R","B",null,"M","?","?","?","M","R","E"],"character_chosen":"IRONCLAD","items_purchased":["Perfected Strike","Pen Nib","Heavy Blade"],"campfire_rested":1,"item_purchase_floors":[2,2,5],"current_hp_per_floor":[72,72,71,71,71,71,71,71,71,57,56,55,51,44,44,49,72,71,59,59,53,24,48,0],"gold":230,"neow_bonus":"HUNDRED_GOLD","is_prod":false,"is_daily":false,"chose_seed":false,"campfire_upgraded":3,"win_rate":0,"timestamp":1557615177,"path_taken":["M","$","?","?","?","R","?","R","T","E","?","M","M","M","R","BOSS","M","?","?","?","M","R","E"],"build_version":"2019-01-23","purchased_purges":0,"victory":false,"max_hp_per_floor":[80,80,80,80,80,80,80,80,80,80,80,80,80,80,80,80,80,80,80,80,80,80,80,80],"card_choices":[{"not_picked":["Combust","Entrench"],"picked":"Sword Boomerang","floor":1},{"not_picked":["Wild Strike","Clothesline"],"picked":"Spot Weakness","floor":3},{"not_picked":["Flex","Disarm"],"picked":"Pummel","floor":10},{"not_picked":["Hemokinesis","Thunderclap","Corruption"],"picked":"SKIP","floor":11},{"not_picked":["Perfected Strike","Thunderclap"],"picked":"Immolate","floor":12},{"not_picked":["Intimidate","Warcry"],"picked":"Twin Strike","floor":13},{"not_picked":["Uppercut","Cleave","Flex"],"picked":"SKIP","floor":14},{"not_picked":["Brutality","Double Tap"],"picked":"Limit Break","floor":16},{"not_picked":["Entrench","Clothesline","Dropkick+1"],"picked":"SKIP","floor":18},{"not_picked":["Iron Wave+1","Second Wind","Rupture"],"picked":"SKIP","floor":22}],"player_experience":265186,"relics_obtained":[{"floor":9,"key":"Pantograph"},{"floor":10,"key":"Boot"}],"event_choices":[{"cards_removed":["Strike_R"],"damage_healed":0,"gold_gain":0,"player_choice":"Card Removal","damage_taken":0,"max_hp_gain":0,"max_hp_loss":0,"event_name":"Wheel of Change","floor":4,"gold_loss":0},{"cards_removed":["Defend_R"],"damage_healed":0,"gold_gain":0,"player_choice":"Purged","damage_taken":0,"max_hp_gain":0,"max_hp_loss":0,"event_name":"Purifier","floor":7,"gold_loss":0},{"damage_healed":0,"gold_gain":0,"player_choice":"Fight","damage_taken":0,"max_hp_gain":0,"max_hp_loss":0,"event_name":"Colosseum","floor":19,"gold_loss":0},{"damage_healed":0,"gold_gain":0,"player_choice":"Fled From Nobs","damage_taken":0,"max_hp_gain":0,"max_hp_loss":0,"event_name":"Colosseum","floor":19,"gold_loss":0},{"damage_healed":0,"gold_gain":0,"player_choice":"Ignored","damage_taken":0,"max_hp_gain":0,"max_hp_loss":0,"event_name":"Ghosts","floor":20,"gold_loss":0},{"damage_healed":0,"gold_gain":0,"player_choice":"Joined the Cult","damage_taken":6,"max_hp_gain":0,"max_hp_loss":0,"event_name":"Nest","floor":21,"gold_loss":0,"cards_obtained":["RitualDagger"]}],"is_beta":false,"boss_relics":[{"not_picked":["Black Star","Lizard Tail"],"picked":"Cursed Key"}],"items_purged_floors":[],"is_endless":false,"potions_floor_spawned":[3,13,16,18,22],"killed_by":"Slavers","ascension_level":11}