{"gold_per_floor":[111,36,36,53,73,73,93,128,128,145,163,163,163,177,177,276,276,286,286,45,45,11,11,11,11,90,90,90,105,105,124,124,124],"floor_reached":33,"playtime":1382,"items_purged":["Defend_R","Defend_R"],"score":365,"play_id":"9c644d78-0425-4a73-bf8c-5cb931391cb9","local_time":"20190509095846","is_ascension_mode":true,"campfire_choices":[{"data":"Perfected Strike","floor":6,"key":"SMITH"},{"floor":12,"key":"REST"},{"data":"Flame Barrier","floor":15,"key":"SMITH"},{"data":"True Grit","floor":23,"key":"SMITH"},{"data":"RitualDagger","floor":25,"key":"SMITH"},{"data":"Uppercut","floor":27,"key":"SMITH"},{"floor":30,"key":"REST"},{"data":"Battle Trance","floor":32,"key":"SMITH"}],"neow_cost":"NONE","seed_source_timestamp":1263096192300,"circlet_count":0,"master_deck":["AscendersBane","Strike_R","Strike_R","Strike_R","Strike_R","Strike_R","Defend_R","Bash","Offering","Perfected Strike+1","Limit Break","Shrug It Off","Iron Wave","Uppercut+1","Flame Barrier+1","Double Tap","Headbutt","True Grit+1","Finesse","Battle Trance+1","RitualDagger+1","Twin Strike","Twin Strike"],"relics":["Burning Blood","Odd Mushroom","Mummified Hand","Dream Catcher","Lantern","Lizard Tail","Pantograph"],"potions_floor_usage":[8,16,16,16,33],"damage_taken":[{"damage":10,"enemies":"Small Slimes","floor":1,"turns":5},{"damage":14,"enemies":"2 Louse","floor":4,"turns":3},{"damage":6,"enemies":"Cultist","floor":5,"turns":3},{"damage":10,"enemies":"The Mushroom Lair","floor":7,"turns":4},{"damage":28,"enemies":"Lagavulin","floor":8,"turns":5},{"damage":3,"enemies":"3 Louse","floor":10,"turns":3},{"damage":24,"enemies":"Lots of Slimes","floor":11,"turns":5},{"damage":14,"enemies":"Large Slime","floor":14,"turns":5},{"damage":36,"enemies":"Hexaghost","floor":16,"turns":9},{"damage":10,"enemies":"2 Thieves","floor":18,"turns":4},{"damage":25,"enemies":"Shell Parasite","floor":29,"turns":5},{"damage":18,"enemies":"Snecko","floor":31,"turns":5},{"damage":121,"enemies":"Collector","floor":33,"turns":8}],"seed_played":"-7071944840685466273","potions_obtained":[{"floor":5,"key":"FearPotion"},{"floor":7,"key":"BloodPotion"},{"floor":8,"key":"BloodPotion"},{"floor":14,"key":"LiquidBronze"},{"floor":31,"key":"Energy Potion"}],"is_trial":false,"path_per_floor":["M","$","?","M","M","R","?","E","T","M","M","R","?","M","R","B",null,"M","?","$","?","$","R","?","R","T","R","?","M","R","M","R","B"],"character_chosen":"IRONCLAD","items_purchased":["True Grit","Finesse","Battle Trance"],"campfire_rested":2,"item_purchase_floors":[20,20,22],"current_hp_per_floor":[68,68,68,60,60,60,56,34,34,37,19,43,40,32,32,18,65,61,61,61,61,61,61,55,55,55,55,55,36,60,48,48,0],"gold":124,"neow_bonus":"ONE_RANDOM_RARE_CARD","is_prod":false,"is_daily":false,"chose_seed":false,"campfire_upgraded":6,"win_rate":0,"timestamp":1557410326,"path_taken":["M","$","?","M","M","R","?","E","T","M","M","R","?","M","R","BOSS","M","?","$","?","$","R","?","R","T","R","?","M","R","M","R","BOSS"],"build_version":"2019-01-23","purchased_purges":2,"victory":false,"max_hp_per_floor":[80,80,80,80,80,80,80,80,80,80,80,80,80,80,80,80,80,80,80,80,80,80,80,80,80,80,80,80,80,80,80,80,80],"card_choices":[{"not_picked":["Bloodletting","Combust"],"picked":"Perfected Strike","floor":1},{"not_picked":["Headbutt","Perfected Strike"],"picked":"Shrug It Off","floor":4},{"not_picked":["Heavy Blade","Havoc","Warcry"],"picked":"SKIP","floor":5},{"not_picked":["Reckless Charge","Flex"],"picked":"Iron Wave","floor":7},{"not_picked":["Iron Wave","Clash","Flex"],"picked":"SKIP","floor":8},{"not_picked":["Sever Soul","Clothesline"],"picked":"Uppercut","floor":10},{"not_picked":["Dropkick","Shrug It Off","Exhume"],"picked":"SKIP","floor":11},{"not_picked":["Iron Wave","Havoc"],"picked":"Flame Barrier","floor":12},{"not_picked":["Intimidate","Clothesline","Iron Wave"],"picked":"SKIP","floor":14},{"not_picked":["Dark Embrace","Limit Break"],"picked":"Double Tap","floor":16},{"not_picked":["Pummel+1","Burning Pact","Metallicize+1"],"picked":"SKIP","floor":18},{"not_picked":["Combust","Heavy Blade"],"picked":"Twin Strike","floor":29},{"not_picked":["Iron Wave","Thunderclap"],"picked":"Twin Strike","floor":31}],"player_experience":217623,"relics_obtained":[{"floor":7,"key":"Odd Mushroom"},{"floor":8,"key":"Mummified Hand"},{"floor":9,"key":"Dream Catcher"},{"floor":26,"key":"Pantograph"}],"event_choices":[{"damage_healed":0,"gold_gain":0,"cards_transformed":["Defend_R"],"player_choice":"Change","damage_taken":0,"max_hp_gain":0,"max_hp_loss":0,"event_name":"Living Wall","floor":3,"gold_loss":0,"cards_obtained":["Limit Break"]},{"damage_healed":0,"gold_gain":0,"player_choice":"Fought Mushrooms","damage_taken":0,"max_hp_gain":0,"max_hp_loss":0,"event_name":"Mushrooms","floor":7,"gold_loss":0},{"damage_healed":0,"gold_gain":0,"player_choice":"Success","damage_taken":3,"relics_obtained":["Lantern"],"max_hp_gain":0,"max_hp_loss":0,"event_name":"Scrap Ooze","floor":13,"gold_loss":0},{"damage_healed":0,"gold_gain":0,"player_choice":"Read","damage_taken":0,"max_hp_gain":0,"max_hp_loss":0,"event_name":"The Library","floor":19,"gold_loss":0,"cards_obtained":["Headbutt"]},{"damage_healed":0,"gold_gain":0,"player_choice":"Joined the Cult","damage_taken":6,"max_hp_gain":0,"max_hp_loss":0,"event_name":"Nest","floor":24,"gold_loss":0,"cards_obtained":["RitualDagger"]},{"damage_healed":0,"gold_gain":0,"player_choice":"Ignored","damage_taken":0,"max_hp_gain":0,"max_hp_loss":0,"event_name":"Ghosts","floor":28,"gold_loss":0}],"is_beta":false,"boss_relics":[{"not_picked":["Runic Dome","Black Star"],"picked":"Lizard Tail"}],"items_purged_floors":[2,20],"is_endless":false,"potions_floor_spawned":[5,7,8,14,31],"killed_by":"Collector","ascension_level":10}