{"gold_per_floor":[118,42,58,71,71,71,101,115,115,127,127,23,50,62,62,161,161,161,161,161,131,56,56,56,56,56,56,56,56,56,56,56,56,56,56,56,56,56,56,56,56,56,56,56,56,5,5,5,5,5,5,5,5,5],"floor_reached":54,"playtime":1534,"items_purged":[],"score":827,"play_id":"de3e73fe-40a7-4fcc-8d08-2b61e6381628","local_time":"20190718174138","is_ascension_mode":true,"campfire_choices":[{"data":"Bash","floor":6,"key":"SMITH"},{"data":"Perfected Strike","floor":11,"key":"SMITH"},{"data":"Armaments","floor":15,"key":"SMITH"},{"data":"Berserk","floor":24,"key":"SMITH"},{"data":"True Grit","floor":28,"key":"SMITH"},{"floor":32,"key":"RECALL"},{"data":"Shrug It Off","floor":40,"key":"SMITH"},{"data":"Wild Strike","floor":45,"key":"SMITH"},{"floor":49,"key":"REST"},{"data":"Limit Break","floor":52,"key":"SMITH"}],"neow_cost":"NONE","seed_source_timestamp":1122256621200,"circlet_count":0,"master_deck":["Strike_R","Strike_R","Strike_R","Strike_R","Strike_R","Defend_R","Defend_R","Defend_R","Defend_R","Bash+1","Perfected Strike+1","Inflame+1","Twin Strike","Twin Strike","Pommel Strike","True Grit+1","Armaments+1","Shrug It Off+1","Feed","Berserk+1","Whirlwind","Flex","Twin Strike+1","Ghostly Armor","Shrug It Off+1","Twin Strike","Iron Wave+1","Perfected Strike+1","Wild Strike+1","Twin Strike+1","Decay","Infernal Blade+1","Limit Break+1","Pommel Strike"],"relics":["Burning Blood","NeowsBlessing","Vajra","Bronze Scales","Ornamental Fan","Ectoplasm","Pocketwatch","Lantern","Blood Vial","Pantograph","Blue Candle","Cursed Key","Happy Flower","Bag of Preparation"],"potions_floor_usage":[16,18,23,25,31,33,44,47,47,50],"damage_taken":[{"damage":0,"enemies":"Cultist","floor":1,"turns":1},{"damage":0,"enemies":"Jaw Worm","floor":3,"turns":1},{"damage":0,"enemies":"2 Louse","floor":4,"turns":1},{"damage":14,"enemies":"Gremlin Nob","floor":7,"turns":3},{"damage":8,"enemies":"Gremlin Gang","floor":8,"turns":3},{"damage":4,"enemies":"2 Fungi Beasts","floor":10,"turns":2},{"damage":9,"enemies":"Lagavulin","floor":13,"turns":5},{"damage":5,"enemies":"Looter","floor":14,"turns":2},{"damage":35,"enemies":"Slime Boss","floor":16,"turns":8},{"damage":9,"enemies":"3 Byrds","floor":18,"turns":4},{"damage":10,"enemies":"2 Thieves","floor":21,"turns":3},{"damage":8,"enemies":"Gremlin Leader","floor":23,"turns":4},{"damage":25,"enemies":"Slavers","floor":25,"turns":5},{"damage":1,"enemies":"3 Cultists","floor":29,"turns":3},{"damage":2,"enemies":"Chosen and Byrds","floor":30,"turns":3},{"damage":14,"enemies":"Book of Stabbing","floor":31,"turns":4},{"damage":73,"enemies":"Automaton","floor":33,"turns":9},{"damage":20,"enemies":"3 Darklings","floor":35,"turns":4},{"damage":6,"enemies":"Orb Walker","floor":36,"turns":3},{"damage":6,"enemies":"Sphere and 2 Shapes","floor":39,"turns":5},{"damage":31,"enemies":"Nemesis","floor":41,"turns":5},{"damage":39,"enemies":"Spire Growth","floor":44,"turns":5},{"damage":50,"enemies":"Giant Head","floor":47,"turns":7},{"damage":0,"enemies":"3 Darklings","floor":48,"turns":3},{"damage":81,"enemies":"Time Eater","floor":50,"turns":8},{"damage":101,"enemies":"Shield and Spear","floor":54,"turns":5}],"seed_played":"-4170101835007315866","potions_obtained":[{"floor":3,"key":"PowerPotion"},{"floor":10,"key":"PowerPotion"},{"floor":13,"key":"LiquidBronze"},{"floor":14,"key":"SkillPotion"},{"floor":16,"key":"Explosive Potion"},{"floor":18,"key":"Block Potion"},{"floor":21,"key":"Regen Potion"},{"floor":29,"key":"LiquidBronze"},{"floor":31,"key":"Regen Potion"},{"floor":35,"key":"BloodPotion"},{"floor":36,"key":"EssenceOfSteel"},{"floor":47,"key":"SteroidPotion"}],"is_trial":false,"path_per_floor":["M","$","M","M","$","R","E","M","T","M","R","$","E","M","R","B",null,"M","?","?","M","?","E","R","E","T","?","R","M","M","E","R","B",null,"M","M","$","?","M","R","E","?","T","M","R","$","E","M","R","B",null,"R","$","E"],"character_chosen":"IRONCLAD","items_purchased":["Inflame","True Grit","Armaments","Strength Potion"],"campfire_rested":1,"item_purchase_floors":[2,12,12,46],"current_hp_per_floor":[80,80,80,80,80,80,72,70,70,72,72,72,69,70,70,44,83,80,80,80,79,79,77,77,72,72,72,72,83,89,82,82,23,90,76,78,78,78,83,83,60,60,60,41,41,41,22,33,61,13,96,96,96,0],"gold":5,"neow_bonus":"THREE_ENEMY_KILL","is_prod":false,"is_daily":false,"chose_seed":false,"campfire_upgraded":8,"win_rate":0,"timestamp":1563486098,"path_taken":["M","?","M","M","$","R","E","M","T","M","R","?","E","?","R","BOSS","M","?","?","?","?","E","R","E","T","?","R","?","M","E","R","BOSS","M","M","$","?","?","R","E","?","T","M","R","?","E","M","R","BOSS","R","$","E"],"build_version":"2019-07-17","purchased_purges":0,"victory":false,"max_hp_per_floor":[80,80,80,80,80,80,80,80,80,80,80,80,80,80,80,83,83,83,83,83,86,86,86,86,86,86,86,86,90,90,90,90,90,90,90,90,90,90,93,93,93,93,93,93,93,93,93,96,96,96,96,96,96,96],"card_choices":[{"not_picked":["Cleave","Rage"],"picked":"Perfected Strike","floor":1},{"not_picked":["Heavy Blade","Dropkick"],"picked":"Twin Strike","floor":3},{"not_picked":["Searing Blow","Wild Strike"],"picked":"Carnage","floor":4},{"not_picked":["Battle Trance","Pummel"],"picked":"Disarm","floor":7},{"not_picked":["Uppercut","Havoc"],"picked":"Twin Strike","floor":8},{"not_picked":["Headbutt","Sentinel"],"picked":"Pommel Strike","floor":10},{"not_picked":["Intimidate","Clash"],"picked":"Shrug It Off","floor":13},{"not_picked":["Wild Strike","Hemokinesis"],"picked":"Feed","floor":14},{"not_picked":["Juggernaut","Feed"],"picked":"Berserk","floor":16},{"not_picked":["Heavy Blade","True Grit"],"picked":"Whirlwind","floor":18},{"not_picked":["Intimidate+1","Whirlwind"],"picked":"Flex","floor":21},{"not_picked":["Headbutt+1","Wild Strike"],"picked":"Twin Strike+1","floor":23},{"not_picked":["Anger","Fiend Fire","Body Slam"],"picked":"SKIP","floor":25},{"not_picked":["Pommel Strike","Rampage"],"picked":"Ghostly Armor","floor":29},{"not_picked":["Perfected Strike","Havoc"],"picked":"Shrug It Off+1","floor":30},{"not_picked":["Clash+1","Body Slam"],"picked":"Twin Strike","floor":31},{"not_picked":["Clothesline","Dual Wield"],"picked":"Iron Wave+1","floor":35},{"not_picked":["True Grit+1","Pommel Strike+1"],"picked":"Perfected Strike+1","floor":36},{"not_picked":["Clothesline+1","Second Wind"],"picked":"Wild Strike","floor":39},{"not_picked":["Anger+1","Clash"],"picked":"Twin Strike+1","floor":41},{"not_picked":["Carnage","Pummel"],"picked":"Infernal Blade+1","floor":44},{"not_picked":["Blood for Blood+1","Cleave+1"],"picked":"Limit Break","floor":47},{"not_picked":["Flex+1","Evolve+1"],"picked":"Pommel Strike","floor":48}],"player_experience":435453,"relics_obtained":[{"floor":7,"key":"Vajra"},{"floor":9,"key":"Bronze Scales"},{"floor":13,"key":"Ornamental Fan"},{"floor":23,"key":"Lantern"},{"floor":25,"key":"Blood Vial"},{"floor":26,"key":"Pantograph"},{"floor":31,"key":"Blue Candle"},{"floor":41,"key":"Happy Flower"},{"floor":47,"key":"Bag of Preparation"}],"event_choices":[{"damage_healed":0,"gold_gain":0,"player_choice":"Opened","damage_taken":0,"relics_obtained":["Pocketwatch"],"max_hp_gain":0,"max_hp_loss":0,"event_name":"The Mausoleum","floor":19,"gold_loss":0},{"damage_healed":0,"gold_gain":0,"player_choice":"Bought 0 Potions","damage_taken":0,"max_hp_gain":0,"max_hp_loss":0,"event_name":"The Woman in Blue","floor":20,"gold_loss":0},{"cards_removed":["Carnage"],"damage_healed":0,"gold_gain":0,"player_choice":"Gave Gold","damage_taken":0,"max_hp_gain":0,"max_hp_loss":0,"event_name":"Beggar","floor":22,"gold_loss":75},{"damage_healed":0,"gold_gain":0,"player_choice":"Ignored","damage_taken":0,"max_hp_gain":0,"max_hp_loss":0,"event_name":"NoteForYourself","floor":27,"gold_loss":0},{"damage_healed":0,"gold_gain":0,"player_choice":"Forge","damage_taken":0,"max_hp_gain":0,"max_hp_loss":0,"event_name":"Accursed Blacksmith","floor":38,"gold_loss":0,"cards_upgraded":["Inflame"]},{"cards_removed":["Disarm"],"damage_healed":0,"gold_gain":0,"player_choice":"Removed Skill","damage_taken":0,"max_hp_gain":0,"max_hp_loss":0,"event_name":"Falling","floor":42,"gold_loss":0}],"is_beta":false,"boss_relics":[{"not_picked":["Orrery","Black Blood"],"picked":"Ectoplasm"},{"not_picked":["Velvet Choker","Lizard Tail"],"picked":"Cursed Key"}],"items_purged_floors":[],"is_endless":false,"potions_floor_spawned":[3,10,13,14,16,18,21,29,31,35,36,39,47],"killed_by":"Shield and Spear","ascension_level":1}