{"gold_per_floor":[114,114,134,59,74,103,103,132,132,132,132,151,179,179,179,254,254,266,280,7,25,25,38,38,64,88,103,103,117,145,159,159,236,236,255,267,322,322,341,376,394,394,419,454,454,18,52,71,71,71],"floor_reached":51,"playtime":4982,"items_purged":["Strike_B","Strike_B"],"score":1872,"play_id":"72cf21a7-8ef1-4ccb-9ca8-5563680c5412","local_time":"20190802173723","is_ascension_mode":true,"campfire_choices":[{"data":"Zap","floor":7.0,"key":"SMITH"},{"data":"Undo","floor":11.0,"key":"SMITH"},{"floor":15.0,"key":"REST"},{"data":"Defragment","floor":24,"key":"SMITH"},{"data":"Defragment","floor":28,"key":"SMITH"},{"data":"Defragment","floor":32,"key":"SMITH"},{"data":"Defragment","floor":42,"key":"SMITH"},{"data":"Creative AI","floor":45,"key":"SMITH"},{"data":"Loop","floor":49,"key":"SMITH"}],"neow_cost":"NONE","seed_source_timestamp":0,"circlet_count":0,"master_deck":["AscendersBane","Defend_B","Defend_B","Defend_B","Zap+1","Dualcast","Steam Power","Sweeping Beam","Compile Driver","Sweeping Beam","Undo+1","Beam Cell","Coolheaded+1","All For One","Electrodynamics","Conserve Battery+1","Defragment+1","Go for the Eyes","Defragment+1","Ball Lightning","Reinforced Body+1","Gash","Conserve Battery+1","Defragment+1","Creative AI+1","Undo+1","Hologram+1","Defragment+1","Coolheaded+1","Loop+1","Conserve Battery+1","Seek+1","Tempest+1"],"special_seed":0,"relics":["Cracked Core","Potion Belt","Mercury Hourglass","Toxic Egg 2","Bag of Preparation","PreservedInsect","Nuclear Battery","Anchor","Symbiotic Virus","Orichalcum","Mummified Hand","Philosopher\u0027s Stone","Girya","Lantern","Boot","Art of War","Pear","Blue Candle"],"potions_floor_usage":[33,33,37,50,50,50,50],"damage_taken":[{"damage":3.0,"enemies":"2 Louse","floor":1.0,"turns":3.0},{"damage":1.0,"enemies":"Cultist","floor":3.0,"turns":3.0},{"damage":9.0,"enemies":"Jaw Worm","floor":5.0,"turns":4.0},{"damage":6.0,"enemies":"Gremlin Nob","floor":6.0,"turns":3.0},{"damage":10.0,"enemies":"3 Sentries","floor":8.0,"turns":5.0},{"damage":3.0,"enemies":"Blue Slaver","floor":12.0,"turns":3.0},{"damage":13.0,"enemies":"Gremlin Nob","floor":13.0,"turns":3.0},{"damage":0.0,"enemies":"The Guardian","floor":16.0,"turns":12.0},{"damage":0.0,"enemies":"Spheric Guardian","floor":18.0,"turns":3.0},{"damage":0.0,"enemies":"3 Byrds","floor":19.0,"turns":2.0},{"damage":0,"enemies":"Snake Plant","floor":21,"turns":4},{"damage":0,"enemies":"Centurion and Healer","floor":23,"turns":5},{"damage":5,"enemies":"Book of Stabbing","floor":25,"turns":3},{"damage":0,"enemies":"Snecko","floor":27,"turns":4},{"damage":2,"enemies":"3 Cultists","floor":29,"turns":3},{"damage":0,"enemies":"Slavers","floor":30,"turns":2},{"damage":0,"enemies":"Snake Plant","floor":31,"turns":3},{"damage":26,"enemies":"Collector","floor":33,"turns":8},{"damage":0,"enemies":"3 Shapes","floor":35,"turns":4},{"damage":0,"enemies":"3 Darklings","floor":36,"turns":3},{"damage":1,"enemies":"2 Orb Walkers","floor":37,"turns":4},{"damage":0,"enemies":"4 Shapes","floor":39,"turns":2},{"damage":0,"enemies":"Nemesis","floor":40,"turns":3},{"damage":0,"enemies":"Sphere and 2 Shapes","floor":41,"turns":3},{"damage":0,"enemies":"Giant Head","floor":44,"turns":6},{"damage":0,"enemies":"Reptomancer","floor":47,"turns":4},{"damage":0,"enemies":"Jaw Worm Horde","floor":48,"turns":2},{"damage":0,"enemies":"Donu and Deca","floor":50,"turns":5}],"seed_played":"181605400069931128","potions_obtained":[{"floor":2.0,"key":"FairyPotion"},{"floor":2.0,"key":"EntropicBrew"},{"floor":3.0,"key":"Weak Potion"},{"floor":8.0,"key":"FocusPotion"},{"floor":19.0,"key":"PowerPotion"},{"floor":23,"key":"Ancient Potion"},{"floor":30,"key":"PowerPotion"},{"floor":35,"key":"SteroidPotion"},{"floor":41,"key":"GamblersBrew"},{"floor":47,"key":"FocusPotion"}],"is_trial":false,"path_per_floor":["M","?","M","$","M","E","R","E","T","T","R","M","E","?","R","B",null,"M","M","$","M","?","M","R","E","T","M","R","M","E","M","R","B",null,"M","M","?","?","M","E","M","R","T","E","R","$","E","M","R","B",null],"character_chosen":"DEFECT","items_purchased":["Anchor","Loop","Pear","Conserve Battery+1","FearPotion"],"campfire_rested":1,"item_purchase_floors":[20,46,46,46,46],"current_hp_per_floor":[61,61,60,60,51,45,45,35,35,35,35,32,19,12,33,33,62,62,62,62,62,62,62,62,57,57,57,57,55,55,55,55,29,61,61,61,60,60,60,60,60,60,60,60,60,70,70,70,70,70],"gold":71,"neow_bonus":"TRANSFORM_CARD","is_prod":false,"is_daily":false,"chose_seed":false,"campfire_upgraded":8,"win_rate":0,"timestamp":1564792643,"path_taken":["M","?","?","?","M","E","R","E","T","?","R","M","E","?","R","BOSS","M","M","$","M","?","M","R","E","T","M","R","M","E","M","R","BOSS","M","M","?","?","M","E","M","R","T","E","R","$","E","M","R","BOSS"],"build_version":"2019-07-17","purchased_purges":2,"victory":true,"max_hp_per_floor":[71,71,71,71,71,71,71,71,71,71,71,71,71,71,71,71,71,71,71,71,71,71,71,71,71,71,71,71,71,71,71,71,71,71,71,71,71,71,71,71,71,71,71,71,71,81,81,81,81,81],"card_choices":[{"not_picked":["Stack","Rebound"],"picked":"Sweeping Beam","floor":1.0},{"not_picked":["Gash","Rebound"],"picked":"Compile Driver","floor":3.0},{"not_picked":["Capacitor","Turbo"],"picked":"Sweeping Beam","floor":5.0},{"not_picked":["Lockon","Buffer"],"picked":"Undo","floor":6.0},{"not_picked":["Aggregate","Reboot"],"picked":"Beam Cell","floor":8.0},{"not_picked":["Undo+1","Turbo+1"],"picked":"Coolheaded+1","floor":12.0},{"not_picked":["Go for the Eyes","Sunder"],"picked":"All For One","floor":13.0},{"not_picked":["Amplify+1","Hyperbeam"],"picked":"Electrodynamics","floor":16.0},{"not_picked":["Loop","Beam Cell"],"picked":"Conserve Battery+1","floor":18.0},{"not_picked":["Chill+1","Gash"],"picked":"Defragment","floor":19.0},{"not_picked":["Chill+1","Fusion+1"],"picked":"Go for the Eyes","floor":21},{"not_picked":["Turbo+1","Stack+1"],"picked":"Ball Lightning","floor":23},{"not_picked":["Force Field+1","Beam Cell"],"picked":"Reinforced Body+1","floor":25},{"not_picked":["Sweeping Beam","Ball Lightning","Compile Driver"],"picked":"SKIP","floor":27},{"not_picked":["Chaos+1","Chill+1"],"picked":"Gash","floor":29},{"not_picked":["Leap+1","Rebound"],"picked":"Conserve Battery+1","floor":30},{"not_picked":["Undo+1","White Noise+1"],"picked":"Defragment","floor":31},{"not_picked":["Electrodynamics","Thunder Strike"],"picked":"Creative AI","floor":33},{"not_picked":["Force Field+1","Beam Cell"],"picked":"Undo+1","floor":35},{"not_picked":["Rebound","Melter","Stack+1"],"picked":"SKIP","floor":36},{"not_picked":["Sweeping Beam+1","Beam Cell"],"picked":"Hologram+1","floor":37},{"not_picked":["Thunder Strike","Sweeping Beam","BootSequence+1"],"picked":"SKIP","floor":39},{"not_picked":["Hologram+1","Stack+1"],"picked":"Defragment","floor":40},{"not_picked":["Beam Cell","Compile Driver","Scrape"],"picked":"SKIP","floor":41},{"not_picked":["Beam Cell","Compile Driver","Scrape"],"picked":"SKIP","floor":41},{"not_picked":["Rainbow+1","Gash+1"],"picked":"Coolheaded+1","floor":44},{"not_picked":["Beam Cell+1","Force Field+1"],"picked":"Seek+1","floor":47},{"not_picked":["Chaos+1","Defragment"],"picked":"Tempest+1","floor":48}],"player_experience":599237,"relics_obtained":[{"floor":6.0,"key":"Potion Belt"},{"floor":8.0,"key":"Mercury Hourglass"},{"floor":9.0,"key":"Toxic Egg 2"},{"floor":10.0,"key":"Bag of Preparation"},{"floor":13.0,"key":"PreservedInsect"},{"floor":25,"key":"Symbiotic Virus"},{"floor":26,"key":"Orichalcum"},{"floor":30,"key":"Mummified Hand"},{"floor":37,"key":"Girya"},{"floor":40,"key":"Lantern"},{"floor":43,"key":"Boot"},{"floor":44,"key":"Art of War"},{"floor":47,"key":"Blue Candle"}],"event_choices":[{"damage_healed":0.0,"max_hp_gain":0.0,"max_hp_loss":0.0,"gold_gain":0.0,"event_name":"Lab","player_choice":"Got Potions","floor":2.0,"gold_loss":0.0,"damage_taken":0.0},{"cards_removed":["Strike_B"],"damage_healed":0.0,"max_hp_gain":0.0,"max_hp_loss":0.0,"gold_gain":0.0,"event_name":"Golden Wing","player_choice":"Card Removal","floor":14.0,"gold_loss":0.0,"damage_taken":7.0},{"damage_healed":0,"gold_gain":0,"player_choice":"Copied","damage_taken":0,"max_hp_gain":0,"max_hp_loss":0,"event_name":"Duplicator","floor":22,"gold_loss":0,"cards_obtained":["Defragment"]},{"damage_healed":0,"gold_gain":0,"player_choice":"Fight","damage_taken":0,"max_hp_gain":0,"max_hp_loss":0,"event_name":"Mysterious Sphere","floor":37,"gold_loss":0},{"cards_removed":["Defend_B"],"damage_healed":0,"gold_gain":0,"player_choice":"Removed Skill","damage_taken":0,"max_hp_gain":0,"max_hp_loss":0,"event_name":"Falling","floor":38,"gold_loss":0}],"is_beta":false,"boss_relics":[{"not_picked":["Sozu","Coffee Dripper"],"picked":"Nuclear Battery"},{"not_picked":["Pandora\u0027s Box","White Beast Statue"],"picked":"Philosopher\u0027s Stone"}],"items_purged_floors":[4,20],"is_endless":false,"potions_floor_spawned":[3,5,8,19,23,25,30,31,35,41,47,48],"ascension_level":19}