{"gold_per_floor":[112,112,125,50,64,94,94,156,202,152,184,184,196,208,208,281,281,296,308,170,196,207,234,234,265,319,352,364,378,409,429,429,429],"floor_reached":33,"playtime":2910,"items_purged":["Pain","Strike_R","Strike_R"],"score":679,"play_id":"6128bf82-1ac3-4ed5-aa65-69c666e2df4b","local_time":"20190815095642","is_ascension_mode":true,"campfire_choices":[{"data":"Bash","floor":7.0,"key":"SMITH"},{"data":"Pommel Strike","floor":12.0,"key":"SMITH"},{"data":"Whirlwind","floor":15.0,"key":"SMITH"},{"floor":24.0,"key":"REST"},{"floor":32,"key":"REST"}],"neow_cost":"NONE","seed_source_timestamp":0,"circlet_count":0,"master_deck":["AscendersBane","Strike_R","Strike_R","Strike_R","Defend_R","Defend_R","Defend_R","Defend_R","Bash+1","Clothesline","Whirlwind+1","Anger","Pommel Strike+1","Rampage","Juggernaut","Armaments","Shrug It Off","Inflame","Twin Strike","Inflame","Cleave","Flex+1","True Grit","Feel No Pain","Sword Boomerang","Battle Trance"],"special_seed":0,"relics":["Burning Blood","WarpedTongs","Mercury Hourglass","Tiny Chest","Smiling Mask","Pear","Fusion Hammer","Bronze Scales","Nunchaku","Oddly Smooth Stone","Bag of Preparation","Red Mask","Shuriken"],"potions_floor_usage":[29,30,33,33],"damage_taken":[{"damage":14.0,"enemies":"Jaw Worm","floor":1.0,"turns":4.0},{"damage":2.0,"enemies":"Cultist","floor":3.0,"turns":3.0},{"damage":1.0,"enemies":"2 Louse","floor":5.0,"turns":2.0},{"damage":17.0,"enemies":"3 Sentries","floor":6.0,"turns":5.0},{"damage":14.0,"enemies":"Lagavulin","floor":8.0,"turns":5.0},{"damage":6.0,"enemies":"Gremlin Nob","floor":11.0,"turns":3.0},{"damage":4.0,"enemies":"Exordium Thugs","floor":13.0,"turns":3.0},{"damage":3.0,"enemies":"Looter","floor":14.0,"turns":2.0},{"damage":18.0,"enemies":"Slime Boss","floor":16.0,"turns":6.0},{"damage":0.0,"enemies":"Chosen","floor":18.0,"turns":3.0},{"damage":11.0,"enemies":"Spheric Guardian","floor":19.0,"turns":3.0},{"damage":34.0,"enemies":"Shelled Parasite and Fungi","floor":22.0,"turns":5.0},{"damage":38.0,"enemies":"Gremlin Leader","floor":23.0,"turns":4.0},{"damage":26.0,"enemies":"Slavers","floor":25.0,"turns":3.0},{"damage":0.0,"enemies":"Masked Bandits","floor":27.0,"turns":2.0},{"damage":3.0,"enemies":"Snake Plant","floor":28.0,"turns":2.0},{"damage":0,"enemies":"Centurion and Healer","floor":29,"turns":5},{"damage":16,"enemies":"Book of Stabbing","floor":30,"turns":4},{"damage":6,"enemies":"Cultist and Chosen","floor":31,"turns":4},{"damage":71,"enemies":"Collector","floor":33,"turns":8}],"seed_played":"-4790491313593896238","potions_obtained":[{"floor":3.0,"key":"Weak Potion"},{"floor":5.0,"key":"Strength Potion"},{"floor":6.0,"key":"Fire Potion"},{"floor":25.0,"key":"AttackPotion"},{"floor":28,"key":"Fruit Juice"},{"floor":29,"key":"Poison Potion"},{"floor":31,"key":"Swift Potion"}],"is_trial":false,"path_per_floor":["M","?","M","$","M","E","R","E","T","$","E","R","M","M","R","B",null,"M","M","$","T","M","E","R","E","T","?","M","M","E","M","R","B"],"character_chosen":"IRONCLAD","items_purchased":["Inflame","Twin Strike"],"campfire_rested":2,"item_purchase_floors":[20,20],"current_hp_per_floor":[67,67,71,71,76,65,65,57,57,57,67,67,69,72,72,60,84,90,85,85,85,57,25,52,32,32,38,41,52,42,42,71,0],"gold":429,"neow_bonus":"TEN_PERCENT_HP_BONUS","is_prod":false,"is_daily":false,"chose_seed":false,"campfire_upgraded":3,"win_rate":0,"timestamp":1565888202,"path_taken":["M","?","M","?","M","E","R","E","T","?","E","R","M","M","R","BOSS","M","M","$","?","M","E","R","E","T","?","?","M","E","M","R","BOSS"],"build_version":"2019-07-17","purchased_purges":3,"victory":false,"max_hp_per_floor":[82,82,82,82,82,82,82,82,82,82,92,92,92,92,92,92,92,92,92,92,92,92,92,92,92,92,92,92,97,97,97,97,97],"card_choices":[{"not_picked":["Shrug It Off","Iron Wave"],"picked":"Clothesline","floor":1.0},{"not_picked":["Havoc","Dual Wield"],"picked":"Whirlwind","floor":3.0},{"not_picked":["Havoc","Sword Boomerang"],"picked":"Anger","floor":5.0},{"not_picked":["Perfected Strike","Headbutt"],"picked":"Pommel Strike","floor":6.0},{"not_picked":["Sword Boomerang","Pummel","Body Slam"],"picked":"SKIP","floor":8.0},{"not_picked":["Sentinel","Barricade","Sword Boomerang"],"picked":"SKIP","floor":11.0},{"not_picked":["Twin Strike","Heavy Blade"],"picked":"Rampage","floor":13.0},{"not_picked":["Entrench","Warcry","Perfected Strike"],"picked":"SKIP","floor":14.0},{"not_picked":["Berserk","Exhume"],"picked":"Juggernaut","floor":16.0},{"not_picked":["Thunderclap","Sentinel"],"picked":"Armaments","floor":18.0},{"not_picked":["Flex","Thunderclap"],"picked":"Shrug It Off","floor":19.0},{"not_picked":["Searing Blow","Burning Pact"],"picked":"Inflame","floor":22.0},{"not_picked":["Twin Strike","Flex"],"picked":"Cleave","floor":23.0},{"not_picked":["Body Slam","Carnage"],"picked":"Flex+1","floor":25.0},{"not_picked":["Seeing Red","Sever Soul"],"picked":"True Grit","floor":27.0},{"not_picked":["Carnage","Corruption","Combust"],"picked":"SKIP","floor":28},{"not_picked":["Havoc+1","Cleave"],"picked":"Feel No Pain","floor":29},{"not_picked":["Flex","Havoc"],"picked":"Sword Boomerang","floor":30},{"not_picked":["Perfected Strike","Armaments"],"picked":"Battle Trance","floor":31}],"player_experience":606470,"relics_obtained":[{"floor":6.0,"key":"Mercury Hourglass"},{"floor":8.0,"key":"Tiny Chest"},{"floor":9.0,"key":"Smiling Mask"},{"floor":11.0,"key":"Pear"},{"floor":21.0,"key":"Bronze Scales"},{"floor":23.0,"key":"Nunchaku"},{"floor":25.0,"key":"Oddly Smooth Stone"},{"floor":26.0,"key":"Bag of Preparation"},{"floor":27.0,"key":"Red Mask"},{"floor":30,"key":"Shuriken"}],"event_choices":[{"damage_healed":0.0,"max_hp_gain":0.0,"max_hp_loss":0.0,"gold_gain":0.0,"event_name":"Accursed Blacksmith","player_choice":"Rummage","floor":2.0,"gold_loss":0.0,"damage_taken":0.0,"relics_obtained":["WarpedTongs"],"cards_obtained":["Pain"]},{"damage_healed":0.0,"max_hp_gain":0.0,"max_hp_loss":0.0,"gold_gain":0.0,"event_name":"Masked Bandits","player_choice":"Fought Bandits","floor":27.0,"gold_loss":0.0,"damage_taken":0.0}],"is_beta":false,"boss_relics":[{"not_picked":["White Beast Statue","Astrolabe"],"picked":"Fusion Hammer"}],"items_purged_floors":[4,10,20],"is_endless":false,"potions_floor_spawned":[3,5,6,14,25,28,29,31],"killed_by":"Collector","ascension_level":20}