{"gold_per_floor":[116,291,304,314,87,118,118,135,183,210,222,234,271,299,311,323],"floor_reached":16,"playtime":669,"items_purged":["Doubt"],"score":153,"play_id":"2f6aeda3-f8ab-4cc5-863c-bfe3f20b8c89","local_time":"20190509192516","is_ascension_mode":true,"campfire_choices":[{"floor":7,"key":"REST"},{"data":"Perfected Strike","floor":12,"key":"SMITH"},{"data":"Bash","floor":15,"key":"SMITH"}],"neow_cost":"NONE","seed_source_timestamp":21192731009100,"circlet_count":0,"master_deck":["AscendersBane","Strike_R","Strike_R","Strike_R","Strike_R","Strike_R","Defend_R","Defend_R","Defend_R","Defend_R","Bash+1","Fiend Fire","Cleave","Perfected Strike+1","Evolve","Wild Strike","Spot Weakness"],"relics":["Burning Blood","Tiny Chest","Self Forming Clay","MawBank","Centennial Puzzle","Ancient Tea Set"],"potions_floor_usage":[10,14,16,16],"damage_taken":[{"damage":0,"enemies":"2 Louse","floor":1,"turns":3},{"damage":19,"enemies":"Small Slimes","floor":3,"turns":4},{"damage":8,"enemies":"Jaw Worm","floor":4,"turns":4},{"damage":55,"enemies":"Lagavulin","floor":6,"turns":7},{"damage":6,"enemies":"Exordium Thugs","floor":8,"turns":4},{"damage":9,"enemies":"Large Slime","floor":10,"turns":5},{"damage":7,"enemies":"3 Louse","floor":14,"turns":2},{"damage":32,"enemies":"Slime Boss","floor":16,"turns":11}],"seed_played":"6207145343760797762","potions_obtained":[{"floor":3,"key":"Energy Potion"},{"floor":6,"key":"Fire Potion"},{"floor":8,"key":"Weak Potion"},{"floor":14,"key":"Poison Potion"}],"is_trial":false,"path_per_floor":["M","?","M","M","$","E","R","M","T","M","?","R","T","M","R","B"],"character_chosen":"IRONCLAD","items_purchased":["Perfected Strike","Tiny Chest"],"campfire_rested":1,"item_purchase_floors":[5,5],"current_hp_per_floor":[78,78,65,63,63,14,38,38,38,35,32,32,32,31,31,0],"gold":323,"neow_bonus":"ONE_RANDOM_RARE_CARD","is_prod":false,"is_daily":false,"chose_seed":false,"campfire_upgraded":2,"win_rate":0,"timestamp":1557444316,"path_taken":["M","?","M","M","$","E","R","M","T","M","?","R","?","M","R","BOSS"],"build_version":"2019-01-23","purchased_purges":1,"victory":false,"max_hp_per_floor":[80,80,80,80,80,80,80,80,80,80,80,80,80,80,80,80],"card_choices":[{"not_picked":["Thunderclap","Blood for Blood"],"picked":"Cleave","floor":1},{"not_picked":["Metallicize","Sentinel","Dual Wield"],"picked":"SKIP","floor":3},{"not_picked":["Feel No Pain","Body Slam","Heavy Blade"],"picked":"SKIP","floor":4},{"not_picked":["Heavy Blade","Dark Embrace"],"picked":"Evolve","floor":6},{"not_picked":["Cleave","Dropkick","Clash"],"picked":"SKIP","floor":8},{"not_picked":["Ghostly Armor","Sword Boomerang"],"picked":"Wild Strike","floor":10},{"not_picked":["Body Slam","Bloodletting"],"picked":"Spot Weakness","floor":14}],"player_experience":225769,"relics_obtained":[{"floor":6,"key":"Self Forming Clay"},{"floor":9,"key":"MawBank"},{"floor":13,"key":"Ancient Tea Set"}],"event_choices":[{"damage_healed":0,"gold_gain":175,"player_choice":"AGREE","damage_taken":0,"max_hp_gain":0,"max_hp_loss":0,"event_name":"Liars Game","floor":2,"gold_loss":0,"cards_obtained":["Doubt"]},{"damage_healed":0,"gold_gain":0,"player_choice":"Success","damage_taken":3,"relics_obtained":["Centennial Puzzle"],"max_hp_gain":0,"max_hp_loss":0,"event_name":"Scrap Ooze","floor":11,"gold_loss":0}],"is_beta":false,"boss_relics":[],"items_purged_floors":[5],"is_endless":false,"potions_floor_spawned":[3,6,8,14],"killed_by":"Slime Boss","ascension_level":10}