{"gold_per_floor":[112,130,130,145,161,188,188,217,293,308,343,357,357,377,377,479,479,499,516,17,17,33,33,61,61,61,61,61,61,61,77,77,173,173,187,187,187,0,12,41,55,71,120,120,120,153,153,165,165,165],"floor_reached":51,"playtime":2745,"items_purged":[],"score":842,"play_id":"a9488186-e2db-4fb0-80f3-2623556bdada","local_time":"20190324141934","is_ascension_mode":true,"campfire_choices":[{"data":"Cleave","floor":7,"key":"SMITH"},{"data":"Shrug It Off","floor":15,"key":"SMITH"},{"data":"Double Tap","floor":23,"key":"SMITH"},{"floor":25,"key":"DIG"},{"floor":27,"key":"DIG"},{"floor":32,"key":"DIG"},{"data":"Demon Form","floor":45,"key":"SMITH"},{"floor":49,"key":"REST"}],"neow_cost":"NONE","seed_source_timestamp":342571933600,"circlet_count":0,"master_deck":["Strike_R+1","Strike_R+1","Strike_R+1","Strike_R+1","Strike_R+1","Defend_R+1","Defend_R+1","Defend_R+1","Defend_R+1","Rage","Anger","Shrug It Off+1","Cleave+1","Perfected Strike+1","Perfected Strike+1","Disarm","Iron Wave+1","Shrug It Off","Double Tap+1","Mayhem+1","Fiend Fire+1","Uppercut+1","Twin Strike+1","Thunderclap+1","Flex","Double Tap","Headbutt+1","Flex","Warcry","Madness","Rampage+1","Pommel Strike+1","Demon Form+1","Flex+1","Iron Wave+1","Cleave+1","Power Through+1","Doubt","Blood for Blood+1","Rampage+1"],"relics":["Burning Blood","Molten Egg 2","Mango","Kunai","Bronze Scales","Astrolabe","Ornamental Fan","Shovel","Juzu Bracelet","Potion Belt","Mercury Hourglass","Orichalcum","Lizard Tail","Letter Opener","Red Mask","Frozen Egg 2","Oddly Smooth Stone","Pocketwatch"],"potions_floor_usage":[5,19,24,33,46,46,50,50],"damage_taken":[{"damage":7,"enemies":"Jaw Worm","floor":1,"turns":3},{"damage":3,"enemies":"Small Slimes","floor":2,"turns":3},{"damage":0,"enemies":"2 Louse","floor":4,"turns":2},{"damage":11,"enemies":"Exordium Thugs","floor":5,"turns":6},{"damage":11,"enemies":"3 Sentries","floor":6,"turns":6},{"damage":26,"enemies":"Lagavulin","floor":8,"turns":7},{"damage":0,"enemies":"Looter","floor":10,"turns":2},{"damage":18,"enemies":"Gremlin Nob","floor":11,"turns":4},{"damage":8,"enemies":"3 Louse","floor":12,"turns":2},{"damage":0,"enemies":"Large Slime","floor":14,"turns":4},{"damage":30,"enemies":"The Guardian","floor":16,"turns":11},{"damage":27,"enemies":"Spheric Guardian","floor":18,"turns":5},{"damage":28,"enemies":"3 Byrds","floor":19,"turns":5},{"damage":0,"enemies":"Centurion and Healer","floor":22,"turns":5},{"damage":23,"enemies":"Book of Stabbing","floor":24,"turns":4},{"damage":5,"enemies":"Snake Plant","floor":31,"turns":3},{"damage":30,"enemies":"Champ","floor":33,"turns":11},{"damage":55,"enemies":"3 Darklings","floor":35,"turns":5},{"damage":4,"enemies":"Orb Walker","floor":39,"turns":3},{"damage":3,"enemies":"Nemesis","floor":40,"turns":5},{"damage":21,"enemies":"Jaw Worm Horde","floor":41,"turns":3},{"damage":27,"enemies":"4 Shapes","floor":42,"turns":4},{"damage":52,"enemies":"Giant Head","floor":46,"turns":8},{"damage":41,"enemies":"Transient","floor":48,"turns":5},{"damage":100,"enemies":"Donu and Deca","floor":50,"turns":9}],"seed_played":"-4601727853901260929","potions_obtained":[{"floor":1,"key":"Energy Potion"},{"floor":2,"key":"BloodPotion"},{"floor":5,"key":"Regen Potion"},{"floor":12,"key":"SteroidPotion"},{"floor":22,"key":"GamblersBrew"},{"floor":24,"key":"FairyPotion"},{"floor":31,"key":"GamblersBrew"},{"floor":40,"key":"GamblersBrew"},{"floor":42,"key":"EssenceOfSteel"}],"is_trial":false,"path_per_floor":["M","M","?","M","M","E","R","E","T","M","E","M","?","M","R","B",null,"M","M","$","?","M","R","E","R","T","R","?","$","?","M","R","B",null,"M","?","T","?","M","E","M","M","T","?","R","E","?","M","R","B",null],"character_chosen":"IRONCLAD","items_purchased":["Ornamental Fan","Flex","Double Tap","Headbutt+1"],"campfire_rested":1,"item_purchase_floors":[20,20,20,20],"current_hp_per_floor":[79,80,80,80,75,70,70,64,64,70,58,56,61,67,67,43,99,78,65,65,65,71,71,68,68,68,68,68,68,68,69,69,45,99,50,50,50,50,52,55,40,19,19,99,99,53,53,18,47,19],"gold":165,"neow_bonus":"RANDOM_COLORLESS","is_prod":false,"is_daily":false,"chose_seed":false,"campfire_upgraded":4,"win_rate":0,"timestamp":1553451574,"path_taken":["M","M","?","M","M","E","R","E","T","M","E","M","?","M","R","BOSS","M","M","$","?","M","R","E","R","T","R","?","$","?","M","R","BOSS","M","?","?","?","M","E","M","M","T","?","R","E","?","M","R","BOSS"],"build_version":"2019-01-23","purchased_purges":0,"victory":true,"max_hp_per_floor":[80,80,80,80,80,80,80,94,94,94,94,94,99,99,99,99,99,99,99,99,99,99,99,99,99,99,99,99,99,99,99,99,99,99,99,99,99,99,99,99,99,99,99,99,99,99,99,99,99,99],"card_choices":[{"not_picked":["Armaments","Iron Wave"],"picked":"Rage","floor":1},{"not_picked":["Heavy Blade","Hemokinesis"],"picked":"Anger","floor":2},{"not_picked":["Pommel Strike","Fire Breathing"],"picked":"Shrug It Off","floor":4},{"not_picked":["Combust","Havoc"],"picked":"Cleave","floor":5},{"not_picked":["Sentinel","True Grit"],"picked":"Perfected Strike","floor":6},{"not_picked":["Shockwave","Bloodletting"],"picked":"Dual Wield","floor":8},{"not_picked":["Shockwave","Rampage+1"],"picked":"Perfected Strike+1","floor":10},{"not_picked":["Corruption","Clash+1"],"picked":"Disarm","floor":11},{"not_picked":["Shrug It Off","Wild Strike+1"],"picked":"Iron Wave+1","floor":12},{"not_picked":["Fire Breathing","Heavy Blade+1"],"picked":"Shrug It Off","floor":14},{"not_picked":["Fiend Fire+1","Reaper+1"],"picked":"Double Tap","floor":16},{"not_picked":["Body Slam+1","Rage"],"picked":"Twin Strike+1","floor":18},{"not_picked":["Sword Boomerang+1","Warcry"],"picked":"Thunderclap+1","floor":19},{"not_picked":["Thunderclap+1","Impervious"],"picked":"Flex","floor":22},{"not_picked":["Reckless Charge+1","Bloodletting"],"picked":"Warcry","floor":24},{"not_picked":["Armaments","Disarm"],"picked":"Pommel Strike+1","floor":31},{"not_picked":["Exhume","Bludgeon+1"],"picked":"Demon Form","floor":33},{"not_picked":["Shrug It Off","Bloodletting"],"picked":"Fire Breathing","floor":35},{"not_picked":["True Grit","Warcry+1"],"picked":"Flex+1","floor":39},{"not_picked":["Flex","Uppercut+1"],"picked":"Iron Wave+1","floor":40},{"not_picked":["Power Through","Havoc+1"],"picked":"Cleave+1","floor":41},{"not_picked":["Headbutt+1","Cleave+1"],"picked":"Power Through+1","floor":42},{"not_picked":["Headbutt+1","Feed+1"],"picked":"Blood for Blood+1","floor":46},{"not_picked":["Disarm","Hemokinesis+1"],"picked":"Rampage+1","floor":48}],"player_experience":62667,"relics_obtained":[{"floor":6,"key":"Molten Egg 2"},{"floor":8,"key":"Mango"},{"floor":9,"key":"Kunai"},{"floor":11,"key":"Bronze Scales"},{"floor":24,"key":"Shovel"},{"floor":25,"key":"Juzu Bracelet"},{"floor":26,"key":"Potion Belt"},{"floor":27,"key":"Mercury Hourglass"},{"floor":32,"key":"Orichalcum"},{"floor":37,"key":"Letter Opener"},{"floor":40,"key":"Frozen Egg 2"},{"floor":43,"key":"Oddly Smooth Stone"},{"floor":46,"key":"Pocketwatch"}],"event_choices":[{"damage_healed":0,"gold_gain":0,"player_choice":"Ignored","damage_taken":0,"max_hp_gain":0,"max_hp_loss":0,"event_name":"Golden Wing","floor":3,"gold_loss":0},{"damage_healed":0,"gold_gain":0,"player_choice":"Donut","damage_taken":0,"max_hp_gain":5,"max_hp_loss":0,"event_name":"Big Fish","floor":13,"gold_loss":0},{"damage_healed":0,"gold_gain":0,"player_choice":"Simplicity","damage_taken":0,"max_hp_gain":0,"max_hp_loss":0,"event_name":"Back to Basics","floor":21,"gold_loss":0,"cards_upgraded":["Strike_R","Strike_R","Strike_R","Strike_R","Strike_R","Defend_R","Defend_R","Defend_R","Defend_R"]},{"damage_healed":0,"gold_gain":0,"player_choice":"1 cards matched","damage_taken":0,"max_hp_gain":0,"max_hp_loss":0,"event_name":"Match and Keep!","floor":28,"gold_loss":0,"cards_obtained":["Madness"]},{"damage_healed":0,"gold_gain":0,"player_choice":"Read","damage_taken":0,"max_hp_gain":0,"max_hp_loss":0,"event_name":"The Library","floor":30,"gold_loss":0,"cards_obtained":["Rampage"]},{"damage_healed":0,"gold_gain":0,"player_choice":"Ignored","damage_taken":0,"max_hp_gain":0,"max_hp_loss":0,"event_name":"Mysterious Sphere","floor":36,"gold_loss":0},{"damage_healed":0,"gold_gain":0,"player_choice":"Paid","damage_taken":0,"relics_obtained":["Red Mask"],"max_hp_gain":0,"max_hp_loss":0,"event_name":"Tomb of Lord Red Mask","floor":38,"gold_loss":187},{"damage_healed":80,"gold_gain":0,"player_choice":"Heal","damage_taken":0,"max_hp_gain":0,"max_hp_loss":0,"event_name":"MindBloom","floor":44,"gold_loss":0,"cards_obtained":["Doubt"]},{"cards_removed":["Fire Breathing"],"damage_healed":0,"gold_gain":0,"player_choice":"Removed Power","damage_taken":0,"max_hp_gain":0,"max_hp_loss":0,"event_name":"Falling","floor":47,"gold_loss":0}],"is_beta":false,"boss_relics":[{"not_picked":["Philosopher\u0027s Stone","Mark of Pain"],"picked":"Astrolabe"},{"not_picked":["Cursed Key","Fusion Hammer"],"picked":"Lizard Tail"}],"items_purged_floors":[],"is_endless":false,"potions_floor_spawned":[1,2,5,12,14,16,18,22,24,31,40,42],"ascension_level":2}