{"gold_per_floor":[110,110,60,78,98,98,129,129,129,159,159,176,176,195,195,299,299,311,311,41,59,76,76,102,120,120,120,71,71,71,91,91,91],"floor_reached":33,"playtime":1413,"items_purged":["Strike_R"],"score":330,"play_id":"f997696c-83cc-4adf-8cb0-8071eb59b726","local_time":"20190411172317","is_ascension_mode":true,"campfire_choices":[{"data":"Bash","floor":6,"key":"SMITH"},{"data":"Twin Strike","floor":8,"key":"SMITH"},{"data":"Armaments","floor":13,"key":"SMITH"},{"data":"Power Through","floor":15,"key":"SMITH"},{"data":"Madness","floor":23,"key":"SMITH"},{"data":"Carnage","floor":29,"key":"SMITH"},{"data":"Rage","floor":32,"key":"SMITH"}],"neow_cost":"NONE","seed_source_timestamp":130424030600,"circlet_count":0,"master_deck":["Strike_R","Strike_R","Defend_R","Defend_R","Defend_R","Defend_R","Bash+1","Inflame+1","Battle Trance","Anger","Twin Strike+1","Power Through+1","Armaments+1","Pummel","Reaper","Headbutt","Shrug It Off","Carnage+1","Madness+1","Pummel","Body Slam","Disarm+1","Iron Wave","Cleave","Rage+1"],"relics":["Black Blood","Ginger","Dead Branch","Anchor","Sundial","Darkstone Periapt","Letter Opener","Juzu Bracelet"],"potions_floor_usage":[7,16,24,24,25,31,33],"damage_taken":[{"damage":13,"enemies":"Jaw Worm","floor":1,"turns":4},{"damage":11,"enemies":"2 Louse","floor":4,"turns":3},{"damage":6,"enemies":"Cultist","floor":5,"turns":3},{"damage":24,"enemies":"Gremlin Nob","floor":7,"turns":4},{"damage":20,"enemies":"Lagavulin","floor":10,"turns":4},{"damage":0,"enemies":"2 Fungi Beasts","floor":12,"turns":3},{"damage":3,"enemies":"Exordium Thugs","floor":14,"turns":4},{"damage":23,"enemies":"The Guardian","floor":16,"turns":7},{"damage":10,"enemies":"3 Byrds","floor":18,"turns":5},{"damage":4,"enemies":"Chosen","floor":21,"turns":4},{"damage":16,"enemies":"Centurion and Healer","floor":22,"turns":5},{"damage":25,"enemies":"Book of Stabbing","floor":24,"turns":4},{"damage":6,"enemies":"Snecko","floor":25,"turns":4},{"damage":6,"enemies":"Snake Plant","floor":31,"turns":4},{"damage":88,"enemies":"Champ","floor":33,"turns":8}],"seed_played":"8223709308466810608","potions_obtained":[{"floor":1,"key":"Block Potion"},{"floor":10,"key":"GamblersBrew"},{"floor":14,"key":"LiquidBronze"},{"floor":16,"key":"GamblersBrew"},{"floor":22,"key":"Poison Potion"},{"floor":24,"key":"EssenceOfSteel"},{"floor":25,"key":"Swift Potion"}],"is_trial":false,"path_per_floor":["M","?","?","M","M","R","E","R","T","E","?","M","R","M","R","B",null,"M","?","$","M","M","R","E","M","T","?","$","R","?","M","R","B"],"character_chosen":"IRONCLAD","items_purchased":["Shrug It Off","Carnage","Madness","Cleave"],"campfire_rested":0,"item_purchase_floors":[20,20,20,28],"current_hp_per_floor":[81,81,81,76,76,76,58,58,58,44,37,43,43,46,46,29,88,88,88,88,88,82,82,67,71,71,63,63,63,63,71,71,0],"gold":91,"neow_bonus":"TEN_PERCENT_HP_BONUS","is_prod":false,"is_daily":false,"chose_seed":false,"campfire_upgraded":7,"win_rate":0,"timestamp":1555017797,"path_taken":["M","?","?","M","M","R","E","R","T","E","?","M","R","M","R","BOSS","M","?","$","M","?","R","E","M","T","?","?","R","?","M","R","BOSS"],"build_version":"2019-01-23","purchased_purges":1,"victory":false,"max_hp_per_floor":[88,88,88,88,88,88,88,88,88,88,88,88,88,88,88,88,88,88,88,88,88,88,88,88,88,88,88,88,88,88,88,88,88],"card_choices":[{"not_picked":["Armaments","Wild Strike"],"picked":"Inflame","floor":1},{"not_picked":["Inflame","Burning Pact"],"picked":"Battle Trance","floor":4},{"not_picked":["Thunderclap","Body Slam"],"picked":"Anger","floor":5},{"not_picked":["True Grit","Exhume"],"picked":"Twin Strike","floor":7},{"not_picked":["Twin Strike","Uppercut"],"picked":"Power Through","floor":10},{"not_picked":["Inflame","Anger"],"picked":"Armaments","floor":12},{"not_picked":["Warcry","Sword Boomerang"],"picked":"Pummel","floor":14},{"not_picked":["Bludgeon","Juggernaut"],"picked":"Reaper","floor":16},{"not_picked":["Sword Boomerang+1","Fire Breathing"],"picked":"Headbutt","floor":18},{"not_picked":["Rampage","Ghostly Armor"],"picked":"Pummel","floor":21},{"not_picked":["True Grit","Thunderclap+1"],"picked":"Body Slam","floor":22},{"not_picked":["Sentinel","Twin Strike"],"picked":"Disarm+1","floor":24},{"not_picked":["Shrug It Off","Twin Strike"],"picked":"Iron Wave","floor":25},{"not_picked":["Warcry","Clothesline"],"picked":"Rage","floor":31}],"player_experience":99385,"relics_obtained":[{"floor":7,"key":"Ginger"},{"floor":9,"key":"Dead Branch"},{"floor":10,"key":"Anchor"},{"floor":24,"key":"Darkstone Periapt"},{"floor":26,"key":"Letter Opener"}],"event_choices":[{"damage_healed":0,"gold_gain":0,"player_choice":"Grow","damage_taken":0,"max_hp_gain":0,"max_hp_loss":0,"event_name":"Living Wall","floor":2,"gold_loss":0,"cards_upgraded":["Inflame"]},{"cards_removed":["Strike_R"],"damage_healed":0,"gold_gain":0,"player_choice":"Card Removal","damage_taken":0,"max_hp_gain":0,"max_hp_loss":0,"event_name":"The Cleric","floor":3,"gold_loss":50},{"damage_healed":0,"gold_gain":0,"player_choice":"Success","damage_taken":7,"relics_obtained":["Sundial"],"max_hp_gain":0,"max_hp_loss":0,"event_name":"Scrap Ooze","floor":11,"gold_loss":0},{"cards_removed":["Strike_R"],"damage_healed":0,"gold_gain":0,"player_choice":"Offered Basic","damage_taken":0,"max_hp_gain":0,"max_hp_loss":0,"event_name":"Bonfire Elementals","floor":19,"gold_loss":0},{"damage_healed":0,"gold_gain":0,"player_choice":"Damaged","damage_taken":8,"max_hp_gain":0,"max_hp_loss":0,"event_name":"Wheel of Change","floor":27,"gold_loss":0},{"damage_healed":0,"gold_gain":0,"player_choice":"Opened","damage_taken":0,"relics_obtained":["Juzu Bracelet"],"max_hp_gain":0,"max_hp_loss":0,"event_name":"The Mausoleum","floor":30,"gold_loss":0}],"is_beta":false,"boss_relics":[{"not_picked":["Eternal Feather","Empty Cage"],"picked":"Black Blood"}],"items_purged_floors":[20],"is_endless":false,"potions_floor_spawned":[1,10,14,16,22,24,25],"killed_by":"Champ","ascension_level":4}