{"gold_per_floor":[116,291,167,167,167,193,193,211,211,223,236,236,254,254,254,351,351,364,364,364,364,381,381,401,401,401,401],"floor_reached":27,"playtime":723,"items_purged":["Doubt"],"score":369,"play_id":"59cbf3cb-9513-42a1-bba9-56e6c71acf63","local_time":"20190510012220","is_ascension_mode":true,"campfire_choices":[{"data":"Bash","floor":7,"key":"SMITH"},{"data":"Carnage","floor":12,"key":"SMITH"},{"data":"Shockwave","floor":15,"key":"SMITH"},{"data":"RitualDagger","floor":23,"key":"SMITH"}],"neow_cost":"NONE","seed_source_timestamp":15385124168400,"circlet_count":0,"master_deck":["AscendersBane","Strike_R+1","Strike_R+1","Strike_R+1","Strike_R+1","Strike_R+1","Defend_R+1","Defend_R+1","Defend_R+1","Defend_R+1","Bash+1","Cleave","Pommel Strike","Anger","Shockwave+1","Twin Strike","Carnage+1","Shrug It Off","Double Tap","Shrug It Off","RitualDagger+1","Cleave+1","Infernal Blade"],"relics":["Black Blood","NeowsBlessing","Mummified Hand","Letter Opener","MutagenicStrength","Peace Pipe"],"potions_floor_usage":[16,22,22],"damage_taken":[{"damage":0,"enemies":"Jaw Worm","floor":1,"turns":1},{"damage":0,"enemies":"Cultist","floor":5,"turns":1},{"damage":0,"enemies":"Gremlin Nob","floor":6,"turns":1},{"damage":15,"enemies":"Small Slimes","floor":8,"turns":3},{"damage":9,"enemies":"3 Louse","floor":10,"turns":3},{"damage":8,"enemies":"2 Fungi Beasts","floor":11,"turns":2},{"damage":14,"enemies":"Blue Slaver","floor":13,"turns":3},{"damage":45,"enemies":"Hexaghost","floor":16,"turns":9},{"damage":38,"enemies":"2 Thieves","floor":18,"turns":4},{"damage":11,"enemies":"Spheric Guardian","floor":22,"turns":3},{"damage":33,"enemies":"Snecko","floor":24,"turns":5},{"damage":36,"enemies":"Cultist and Chosen","floor":27,"turns":6}],"seed_played":"7922464934659461492","potions_obtained":[{"floor":4,"key":"SkillPotion"},{"floor":4,"key":"Regen Potion"},{"floor":16,"key":"Regen Potion"},{"floor":24,"key":"GamblersBrew"}],"is_trial":false,"path_per_floor":["M","?","$","?","M","E","R","M","T","M","M","R","M","?","R","B",null,"M","?","?","?","M","R","M","?","T","M"],"character_chosen":"IRONCLAD","items_purchased":["Pommel Strike"],"campfire_rested":0,"item_purchase_floors":[3],"current_hp_per_floor":[78,78,78,78,80,80,80,71,71,68,66,66,58,63,63,24,70,42,42,42,36,54,54,31,31,31,0],"gold":401,"neow_bonus":"THREE_ENEMY_KILL","is_prod":false,"is_daily":false,"chose_seed":false,"campfire_upgraded":4,"win_rate":0,"timestamp":1557465740,"path_taken":["M","?","$","?","M","E","R","M","T","M","?","R","M","?","R","BOSS","M","?","?","?","M","R","M","?","T","M"],"build_version":"2019-01-23","purchased_purges":1,"victory":false,"max_hp_per_floor":[80,80,80,80,80,80,80,80,80,80,80,80,80,85,85,85,85,85,85,85,85,85,85,85,85,85,85],"card_choices":[{"not_picked":["Armaments","Pommel Strike"],"picked":"Cleave","floor":1},{"not_picked":["Cleave","Disarm","Pommel Strike"],"picked":"SKIP","floor":5},{"not_picked":["Impervious","Cleave"],"picked":"Anger","floor":6},{"not_picked":["Burning Pact","Twin Strike"],"picked":"Shockwave","floor":8},{"not_picked":["Sentinel","Havoc"],"picked":"Twin Strike","floor":10},{"not_picked":["Anger","Dropkick"],"picked":"Carnage","floor":11},{"not_picked":["Wild Strike","Headbutt"],"picked":"Shrug It Off","floor":13},{"not_picked":["Bludgeon","Demon Form"],"picked":"Double Tap","floor":16},{"not_picked":["Anger+1","Clash"],"picked":"Shrug It Off","floor":18},{"not_picked":["Havoc","Feel No Pain"],"picked":"Cleave+1","floor":22},{"not_picked":["True Grit","Warcry"],"picked":"Infernal Blade","floor":24}],"player_experience":234670,"relics_obtained":[{"floor":6,"key":"Mummified Hand"},{"floor":9,"key":"Letter Opener"},{"floor":26,"key":"Peace Pipe"}],"event_choices":[{"damage_healed":0,"gold_gain":175,"player_choice":"AGREE","damage_taken":0,"max_hp_gain":0,"max_hp_loss":0,"event_name":"Liars Game","floor":2,"gold_loss":0,"cards_obtained":["Doubt"]},{"damage_healed":0,"gold_gain":0,"player_choice":"Got Potions","damage_taken":0,"max_hp_gain":0,"max_hp_loss":0,"event_name":"Lab","floor":4,"gold_loss":0},{"damage_healed":0,"gold_gain":0,"player_choice":"Donut","damage_taken":0,"max_hp_gain":5,"max_hp_loss":0,"event_name":"Big Fish","floor":14,"gold_loss":0},{"damage_healed":0,"gold_gain":0,"player_choice":"Ignored","damage_taken":0,"max_hp_gain":0,"max_hp_loss":0,"event_name":"Vampires","floor":19,"gold_loss":0},{"damage_healed":0,"gold_gain":0,"player_choice":"Inject Mutagens","damage_taken":0,"relics_obtained":["MutagenicStrength"],"max_hp_gain":0,"max_hp_loss":0,"event_name":"Drug Dealer","floor":20,"gold_loss":0},{"damage_healed":0,"gold_gain":0,"player_choice":"Joined the Cult","damage_taken":6,"max_hp_gain":0,"max_hp_loss":0,"event_name":"Nest","floor":21,"gold_loss":0,"cards_obtained":["RitualDagger"]},{"damage_healed":0,"gold_gain":0,"player_choice":"Simplicity","damage_taken":0,"max_hp_gain":0,"max_hp_loss":0,"event_name":"Back to Basics","floor":25,"gold_loss":0,"cards_upgraded":["Strike_R","Strike_R","Strike_R","Strike_R","Strike_R","Defend_R","Defend_R","Defend_R","Defend_R"]}],"is_beta":false,"boss_relics":[{"not_picked":["Astrolabe","Coffee Dripper"],"picked":"Black Blood"}],"items_purged_floors":[3],"is_endless":false,"potions_floor_spawned":[8,10,13,16,24],"killed_by":"Cultist and Chosen","ascension_level":11}