{"gold_per_floor":[114,114,134,8,20,45,45,64,88,26,46,46,80,90,90,186,186,186,199,46,62,80,80,80],"floor_reached":24,"playtime":939,"items_purged":["Strike_R","Strike_R"],"score":353,"play_id":"bc5244b9-350c-48f8-8839-135370902b76","local_time":"20190508204655","is_ascension_mode":true,"campfire_choices":[{"data":"True Grit","floor":7,"key":"SMITH"},{"floor":12,"key":"REST"},{"data":"Rampage","floor":15,"key":"SMITH"}],"neow_cost":"NONE","seed_source_timestamp":1253199199500,"circlet_count":0,"master_deck":["AscendersBane","Strike_R","Strike_R","Defend_R","Defend_R","Defend_R","Defend_R","Bash+1","Headbutt","True Grit+1","Twin Strike","Clothesline","Rampage+1","Battle Trance","Fiend Fire","Shrug It Off","Headbutt"],"relics":["Burning Blood","Blood Vial","Potion Belt","Pen Nib","Dream Catcher","Cursed Key"],"potions_floor_usage":[13,13,18,24,24],"damage_taken":[{"damage":11,"enemies":"Jaw Worm","floor":1,"turns":5},{"damage":1,"enemies":"Cultist","floor":3,"turns":3},{"damage":5,"enemies":"2 Louse","floor":5,"turns":3},{"damage":32,"enemies":"Gremlin Nob","floor":6,"turns":4},{"damage":14,"enemies":"Exordium Thugs","floor":8,"turns":4},{"damage":17,"enemies":"Large Slime","floor":11,"turns":4},{"damage":0,"enemies":"Lagavulin","floor":13,"turns":3},{"damage":1,"enemies":"Blue Slaver","floor":14,"turns":3},{"damage":50,"enemies":"Hexaghost","floor":16,"turns":8},{"damage":0,"enemies":"3 Byrds","floor":18,"turns":1},{"damage":0,"enemies":"Spheric Guardian","floor":19,"turns":2},{"damage":23,"enemies":"Centurion and Healer","floor":21,"turns":5},{"damage":45,"enemies":"Sentry and Sphere","floor":22,"turns":6},{"damage":28,"enemies":"Slavers","floor":24,"turns":3}],"seed_played":"3011353786909118135","potions_obtained":[{"floor":5,"key":"Energy Potion"},{"floor":6,"key":"SteroidPotion"},{"floor":13,"key":"SmokeBomb"},{"floor":16,"key":"Weak Potion"},{"floor":19,"key":"PowerPotion"}],"is_trial":false,"path_per_floor":["M","?","M","$","M","E","R","M","T","?","M","R","E","M","R","B",null,"M","M","$","M","M","?","E"],"character_chosen":"IRONCLAD","items_purchased":["True Grit","Headbutt"],"campfire_rested":1,"item_purchase_floors":[4,20],"current_hp_per_floor":[67,67,72,72,73,47,47,41,41,41,32,56,64,71,71,29,67,75,80,80,63,26,26,0],"gold":80,"neow_bonus":"UPGRADE_CARD","is_prod":false,"is_daily":false,"chose_seed":false,"campfire_upgraded":2,"win_rate":0,"timestamp":1557362815,"path_taken":["M","?","M","$","?","E","R","M","T","?","?","R","E","M","R","BOSS","M","M","$","M","M","?","E"],"build_version":"2019-01-23","purchased_purges":2,"victory":false,"max_hp_per_floor":[80,80,80,80,80,80,80,80,80,80,80,80,80,80,80,80,80,80,80,80,80,80,80,80],"card_choices":[{"not_picked":["Reckless Charge","Anger"],"picked":"Headbutt","floor":1},{"not_picked":["Sentinel","Warcry","Pummel"],"picked":"SKIP","floor":3},{"not_picked":["Bloodletting","Feel No Pain"],"picked":"Twin Strike","floor":5},{"not_picked":["Wild Strike","Thunderclap"],"picked":"Clothesline","floor":6},{"not_picked":["Cleave","Rage"],"picked":"Rampage","floor":8},{"not_picked":["Twin Strike","Brutality"],"picked":"Battle Trance","floor":11},{"not_picked":["Reckless Charge","Sword Boomerang","Sever Soul"],"picked":"SKIP","floor":13},{"not_picked":["Body Slam","Intimidate","Uppercut"],"picked":"SKIP","floor":14},{"not_picked":["Barricade","Berserk"],"picked":"Fiend Fire","floor":16},{"not_picked":["Feel No Pain","True Grit"],"picked":"Shrug It Off","floor":19},{"not_picked":["Searing Blow+1","Sword Boomerang+1","Headbutt"],"picked":"SKIP","floor":21},{"not_picked":["Thunderclap","Twin Strike+1","Havoc"],"picked":"SKIP","floor":22}],"player_experience":214582,"relics_obtained":[{"floor":6,"key":"Blood Vial"},{"floor":9,"key":"Potion Belt"},{"floor":13,"key":"Dream Catcher"}],"event_choices":[{"cards_removed":["Strike_R"],"damage_healed":0,"gold_gain":0,"player_choice":"Purged","damage_taken":0,"max_hp_gain":0,"max_hp_loss":0,"event_name":"Purifier","floor":2,"gold_loss":0},{"damage_healed":0,"gold_gain":0,"player_choice":"Paid Gold","damage_taken":0,"relics_obtained":["Pen Nib"],"max_hp_gain":0,"max_hp_loss":0,"event_name":"WeMeetAgain","floor":10,"gold_loss":62},{"damage_healed":0,"gold_gain":0,"player_choice":"Ignored","damage_taken":0,"max_hp_gain":0,"max_hp_loss":0,"event_name":"Ghosts","floor":23,"gold_loss":0}],"is_beta":false,"boss_relics":[{"not_picked":["Calling Bell","Coffee Dripper"],"picked":"Cursed Key"}],"items_purged_floors":[4,20],"is_endless":false,"potions_floor_spawned":[5,6,13,16,19],"killed_by":"Slavers","ascension_level":10}