{"gold_per_floor":[217,61,22,22,32,61,61,89,114,114,191,201,214,225,225,324,324,336,336,336,350,368,368,424,424,424,161,179,191,191,191,191,289,289,306,324,324,341,166,166,179,179,232,232,244,194,212,227,227,227],"floor_reached":50,"playtime":2828,"items_purged":["Strike_R","Mayhem","Strike_R"],"score":474,"play_id":"30787317-c270-4116-8784-0a97f8ca1eda","local_time":"20190827202629","is_ascension_mode":false,"campfire_choices":[{"data":"Bash","floor":7,"key":"SMITH"},{"floor":10,"key":"REST"},{"data":"Flame Barrier","floor":15,"key":"SMITH"},{"data":"Perfected Strike","floor":23,"key":"SMITH"},{"data":"Iron Wave","floor":25,"key":"SMITH"},{"data":"Perfected Strike","floor":30,"key":"SMITH"},{"floor":32,"key":"REST"},{"data":"Barricade","floor":40,"key":"SMITH"},{"floor":49,"key":"REST"}],"neow_cost":"NONE","seed_source_timestamp":1197192350027934,"circlet_count":0,"master_deck":["Strike_R","Strike_R+1","Strike_R","Defend_R","Defend_R","Defend_R","Defend_R","Bash+1","Iron Wave+1","Impervious","Flame Barrier+1","Shrug It Off","Headbutt+1","Battle Trance","Perfected Strike+1","Pommel Strike","Demon Form","Inflame+1","Second Wind+1","Combust","Perfected Strike+1","Shrug It Off","Juggernaut","Barricade+1","Shrug It Off+1","Seeing Red","Dark Shackles","Body Slam+1","Combust","Inflame+1"],"relics":["Burning Blood","Mummified Hand","Juzu Bracelet","Art of War","Happy Flower","Sozu","Tiny Chest","Blood Vial","Whetstone","Smiling Mask"],"potions_floor_usage":[16,50],"damage_taken":[{"damage":1,"enemies":"Cultist","floor":1,"turns":4},{"damage":0,"enemies":"Small Slimes","floor":5,"turns":4},{"damage":40,"enemies":"Gremlin Nob","floor":6,"turns":6},{"damage":34,"enemies":"3 Sentries","floor":8,"turns":13},{"damage":2,"enemies":"2 Louse","floor":12,"turns":3},{"damage":11,"enemies":"Red Slaver","floor":13,"turns":4},{"damage":4,"enemies":"Large Slime","floor":14,"turns":7},{"damage":33,"enemies":"The Guardian","floor":16,"turns":15},{"damage":0,"enemies":"Chosen","floor":18,"turns":3},{"damage":5,"enemies":"Spheric Guardian","floor":21,"turns":3},{"damage":0,"enemies":"Snake Plant","floor":22,"turns":4},{"damage":14,"enemies":"Slavers","floor":24,"turns":4},{"damage":13,"enemies":"Cultist and Chosen","floor":28,"turns":6},{"damage":37,"enemies":"3 Cultists","floor":29,"turns":5},{"damage":56,"enemies":"Automaton","floor":33,"turns":10},{"damage":11,"enemies":"3 Shapes","floor":35,"turns":3},{"damage":11,"enemies":"3 Darklings","floor":36,"turns":6},{"damage":5,"enemies":"4 Shapes","floor":38,"turns":7},{"damage":7,"enemies":"Maw","floor":41,"turns":7},{"damage":13,"enemies":"3 Darklings","floor":45,"turns":5},{"damage":63,"enemies":"Transient","floor":47,"turns":5},{"damage":9,"enemies":"Writhing Mass","floor":48,"turns":6},{"damage":56,"enemies":"Time Eater","floor":50,"turns":6}],"seed_played":"1450657248878810790","potions_obtained":[{"floor":1,"key":"FearPotion"},{"floor":12,"key":"EssenceOfSteel"},{"floor":13,"key":"Block Potion"}],"is_trial":false,"path_per_floor":["M","$","$","T","M","E","R","E","T","R","?","M","M","M","R","B",null,"M","?","?","M","M","R","E","R","T","$","M","M","R","?","R","B",null,"M","M","?","M","$","R","M","?","T","T","M","$","M","M","R","B"],"character_chosen":"IRONCLAD","items_purchased":["Impervious","Flame Barrier","Mayhem","Combust"],"campfire_rested":3,"item_purchase_floors":[2,3,27,39],"current_hp_per_floor":[80,80,80,80,80,46,46,18,18,42,42,46,41,43,43,16,80,80,80,65,66,72,72,64,64,64,64,59,30,30,30,55,7,85,80,77,77,80,80,80,81,81,81,81,74,74,19,18,42,0],"gold":227,"neow_bonus":"HUNDRED_GOLD","is_prod":false,"is_daily":false,"chose_seed":false,"campfire_upgraded":6,"win_rate":0,"timestamp":1566930389,"path_taken":["M","?","$","?","M","E","R","E","T","R","?","M","M","M","R","BOSS","M","?","?","M","M","R","E","R","T","$","M","M","R","?","R","BOSS","M","M","?","M","$","R","M","?","T","?","M","$","M","M","R","BOSS"],"build_version":"2019-07-17","purchased_purges":3,"victory":false,"max_hp_per_floor":[80,80,80,80,80,80,80,80,80,80,80,80,80,80,80,80,80,80,80,85,85,85,85,85,85,85,85,85,85,85,85,85,85,85,85,85,85,85,85,85,85,81,81,81,81,81,81,81,81,81],"card_choices":[{"not_picked":["Carnage","True Grit"],"picked":"Iron Wave","floor":1},{"not_picked":["Warcry","Twin Strike"],"picked":"Shrug It Off","floor":5},{"not_picked":["Clothesline","Whirlwind"],"picked":"Headbutt","floor":6},{"not_picked":["Dropkick","Ghostly Armor"],"picked":"Battle Trance","floor":8},{"not_picked":["Hemokinesis","Burning Pact"],"picked":"Entrench","floor":12},{"not_picked":["Flame Barrier","Corruption"],"picked":"Perfected Strike","floor":13},{"not_picked":["Metallicize","Iron Wave"],"picked":"Pommel Strike","floor":14},{"not_picked":["Impervious","Reaper"],"picked":"Demon Form","floor":16},{"not_picked":["Clash+1","Shrug It Off"],"picked":"Inflame+1","floor":18},{"not_picked":["Blood for Blood","Iron Wave"],"picked":"Second Wind+1","floor":21},{"not_picked":["Sword Boomerang","Disarm"],"picked":"Combust","floor":22},{"not_picked":["Clothesline","Cleave"],"picked":"Perfected Strike","floor":24},{"not_picked":["Body Slam+1","Pummel"],"picked":"Shrug It Off","floor":28},{"not_picked":["Anger","Flex"],"picked":"Juggernaut","floor":29},{"not_picked":["Feed","Fiend Fire"],"picked":"Barricade","floor":33},{"not_picked":["Disarm+1","Entrench+1"],"picked":"Shrug It Off+1","floor":35},{"not_picked":["Battle Trance+1","Clothesline"],"picked":"Seeing Red","floor":36},{"not_picked":["Finesse","Violence"],"picked":"Dark Shackles","floor":37},{"not_picked":["Second Wind+1","Shockwave+1"],"picked":"Body Slam+1","floor":38},{"not_picked":["Shrug It Off+1","Heavy Blade+1","Thunderclap"],"picked":"SKIP","floor":41},{"not_picked":["True Grit","Heavy Blade+1","Thunderclap"],"picked":"SKIP","floor":45},{"not_picked":["Rage","Flame Barrier+1"],"picked":"Inflame+1","floor":47},{"not_picked":["Infernal Blade+1","Cleave","Iron Wave+1"],"picked":"SKIP","floor":48}],"player_experience":50609,"relics_obtained":[{"floor":4,"key":"Mummified Hand"},{"floor":6,"key":"Juzu Bracelet"},{"floor":8,"key":"Art of War"},{"floor":9,"key":"Happy Flower"},{"floor":24,"key":"Tiny Chest"},{"floor":26,"key":"Blood Vial"},{"floor":43,"key":"Whetstone"},{"floor":44,"key":"Smiling Mask"}],"event_choices":[{"damage_healed":0,"gold_gain":77,"player_choice":"Gained Gold","damage_taken":0,"max_hp_gain":0,"max_hp_loss":0,"event_name":"Golden Wing","floor":11,"gold_loss":0},{"cards_removed":["Entrench"],"damage_healed":0,"gold_gain":0,"player_choice":"Purged","damage_taken":0,"max_hp_gain":0,"max_hp_loss":0,"event_name":"Purifier","floor":19,"gold_loss":0},{"damage_healed":0,"gold_gain":0,"player_choice":"Shed Blood","damage_taken":20,"max_hp_gain":5,"max_hp_loss":0,"event_name":"Forgotten Altar","floor":20,"gold_loss":0},{"damage_healed":0,"gold_gain":0,"player_choice":"Ignored","damage_taken":0,"max_hp_gain":0,"max_hp_loss":0,"event_name":"Cursed Tome","floor":31,"gold_loss":0},{"damage_healed":0,"gold_gain":0,"player_choice":"Memory 1","damage_taken":0,"max_hp_gain":0,"max_hp_loss":0,"event_name":"SensoryStone","floor":37,"gold_loss":0},{"damage_healed":0,"gold_gain":0,"player_choice":"Max HP","damage_taken":0,"max_hp_gain":0,"max_hp_loss":4,"event_name":"Winding Halls","floor":42,"gold_loss":0}],"is_beta":false,"boss_relics":[{"not_picked":["Lizard Tail","Runic Dome"],"picked":"Sozu"},{"not_picked":["Coffee Dripper","Snecko Eye","Pandora\u0027s Box"]}],"items_purged_floors":[27,39,46],"is_endless":false,"potions_floor_spawned":[1,12,13,18,24,28,33,35,38,45,48],"killed_by":"Time Eater","ascension_level":0}