{"gold_per_floor":[110,110,60,60,71,104,121,121,147,147,178,178,191,191,191,287,287,301,226,226,33,43,69,82,7,7,7,25,25,25],"floor_reached":30,"playtime":1655,"items_purged":["Strike_B"],"score":283,"play_id":"227b77b8-7591-4315-a0fc-0dce17a1f737","local_time":"20190831161758","is_ascension_mode":false,"campfire_choices":[{"floor":10,"key":"REST"},{"data":"Dualcast","floor":12,"key":"SMITH"},{"floor":15,"key":"REST"},{"floor":27,"key":"REST"}],"neow_cost":"NONE","seed_source_timestamp":3136599186212,"circlet_count":0,"master_deck":["Strike_B","Defend_B","Defend_B","Defend_B","Defend_B","Zap","Dualcast+1","Tempest","FTL","Beam Cell","Compile Driver","Creative AI+1","Conserve Battery","Multi-Cast","Heatsinks+1","Recycle","Rebound","Steam Power","Cold Snap","Storm+1","Fusion+1","Coolheaded","Leap"],"relics":["Cracked Core","FaceOfCleric","Happy Flower","Bronze Scales","Frozen Egg 2","Orrery","Chemical X","Du-Vu Doll","Bag of Preparation"],"potions_floor_usage":[6,14,28,30],"damage_taken":[{"damage":1,"enemies":"Cultist","floor":1,"turns":3},{"damage":9,"enemies":"2 Louse","floor":5,"turns":3},{"damage":46,"enemies":"3 Sentries","floor":6,"turns":11},{"damage":0,"enemies":"Small Slimes","floor":7,"turns":3},{"damage":13,"enemies":"Gremlin Nob","floor":11,"turns":3},{"damage":7,"enemies":"Blue Slaver","floor":13,"turns":3},{"damage":0,"enemies":"Lots of Slimes","floor":14,"turns":1},{"damage":16,"enemies":"Slime Boss","floor":16,"turns":7},{"damage":10,"enemies":"3 Byrds","floor":18,"turns":3},{"damage":3,"enemies":"Spheric Guardian","floor":22,"turns":3},{"damage":35,"enemies":"Book of Stabbing","floor":23,"turns":4},{"damage":24,"enemies":"Centurion and Healer","floor":24,"turns":6},{"damage":11,"enemies":"Chosen and Byrds","floor":28,"turns":4},{"damage":58,"enemies":"Slavers","floor":30,"turns":3}],"seed_played":"2949716659932103150","potions_obtained":[{"floor":1,"key":"SmokeBomb"},{"floor":5,"key":"Weak Potion"},{"floor":11,"key":"Strength Potion"},{"floor":24,"key":"Regen Potion"},{"floor":28,"key":"SkillPotion"}],"is_trial":false,"path_per_floor":["M","?","?","?","M","E","M","?","T","R","E","R","M","M","R","B",null,"M","?","?","$","M","E","M","$","T","R","M","?","E"],"character_chosen":"DEFECT","items_purchased":["Chemical X"],"campfire_rested":3,"item_purchase_floors":[21],"current_hp_per_floor":[81,86,86,86,78,33,34,34,34,61,49,49,43,44,71,56,94,85,85,85,85,83,49,26,26,26,55,57,57,0],"gold":25,"neow_bonus":"TEN_PERCENT_HP_BONUS","is_prod":false,"is_daily":false,"chose_seed":false,"campfire_upgraded":1,"win_rate":0,"timestamp":1567239478,"path_taken":["M","?","?","?","?","E","M","?","T","R","E","R","M","?","R","BOSS","M","?","?","$","M","E","M","?","T","R","M","?","E"],"build_version":"2019-07-17","purchased_purges":1,"victory":false,"max_hp_per_floor":[82,87,87,87,88,89,90,90,90,90,91,91,92,93,93,94,94,95,95,95,95,96,97,98,98,98,98,99,99,99],"card_choices":[{"not_picked":["Stack","Consume"],"picked":"Tempest","floor":1},{"not_picked":["Lockon","Sweeping Beam"],"picked":"FTL","floor":5},{"not_picked":["Storm","Go for the Eyes"],"picked":"Beam Cell","floor":6},{"not_picked":["Barrage","Cold Snap"],"picked":"Compile Driver","floor":7},{"not_picked":["Leap","Heatsinks"],"picked":"Creative AI","floor":11},{"not_picked":["Turbo","Hologram"],"picked":"Conserve Battery","floor":13},{"not_picked":["Reboot","Amplify"],"picked":"Multi-Cast","floor":16},{"not_picked":["Barrage","Turbo"],"picked":"Heatsinks+1","floor":17},{"not_picked":["Chaos","Aggregate"],"picked":"Recycle","floor":17},{"not_picked":["Reinforced Body","Beam Cell"],"picked":"Rebound","floor":17},{"not_picked":["Turbo","Heatsinks+1"],"picked":"Steam Power","floor":17},{"not_picked":["Barrage","Sweeping Beam"],"picked":"Cold Snap","floor":17},{"not_picked":["Sweeping Beam","Turbo","Genetic Algorithm"],"picked":"SKIP","floor":18},{"not_picked":["Stack","Cold Snap","Streamline"],"picked":"SKIP","floor":22},{"not_picked":["Leap","Stack"],"picked":"Fusion+1","floor":23},{"not_picked":["Stack","Rebound"],"picked":"Coolheaded","floor":24},{"not_picked":["Genetic Algorithm","Streamline"],"picked":"Leap","floor":28}],"player_experience":254847,"relics_obtained":[{"floor":6,"key":"Happy Flower"},{"floor":9,"key":"Bronze Scales"},{"floor":11,"key":"Frozen Egg 2"},{"floor":23,"key":"Du-Vu Doll"},{"floor":26,"key":"Bag of Preparation"}],"event_choices":[{"damage_healed":0,"gold_gain":0,"player_choice":"Donut","damage_taken":0,"max_hp_gain":5,"max_hp_loss":0,"event_name":"Big Fish","floor":2,"gold_loss":0},{"cards_removed":["Strike_B"],"damage_healed":0,"gold_gain":0,"player_choice":"Card Removal","damage_taken":0,"max_hp_gain":0,"max_hp_loss":0,"event_name":"The Cleric","floor":3,"gold_loss":50},{"damage_healed":0,"gold_gain":0,"player_choice":"Trade","damage_taken":0,"relics_obtained":["FaceOfCleric"],"max_hp_gain":0,"max_hp_loss":0,"event_name":"FaceTrader","floor":4,"gold_loss":0},{"damage_healed":0,"gold_gain":0,"player_choice":"Ignored","damage_taken":0,"max_hp_gain":0,"max_hp_loss":0,"event_name":"NoteForYourself","floor":8,"gold_loss":0},{"cards_removed":["Strike_B"],"damage_healed":0,"gold_gain":0,"player_choice":"Gave Gold","damage_taken":0,"max_hp_gain":0,"max_hp_loss":0,"event_name":"Beggar","floor":19,"gold_loss":75},{"damage_healed":0,"gold_gain":0,"player_choice":"Read","damage_taken":0,"max_hp_gain":0,"max_hp_loss":0,"event_name":"The Library","floor":20,"gold_loss":0,"cards_obtained":["Storm"]}],"is_beta":false,"boss_relics":[{"not_picked":["White Beast Statue","Eternal Feather"],"picked":"Orrery"}],"items_purged_floors":[25],"is_endless":false,"potions_floor_spawned":[1,5,11,14,24,28],"killed_by":"Slavers","ascension_level":0}