{"gold_per_floor":[117,128,146,160,110,135,135,135,161,173,183,183,214,236,236,339,339,358,358,12,31,31,31,45,55,78,104,122,42,42,70,70,70],"floor_reached":33,"playtime":2463,"items_purged":["Strike_R","Strike_R"],"score":475,"play_id":"afec5820-c281-4327-9682-55f2fa3c592a","local_time":"20190519121553","is_ascension_mode":true,"campfire_choices":[{"data":"Bash","floor":7,"key":"SMITH"},{"data":"Iron Wave","floor":12,"key":"SMITH"},{"data":"Spot Weakness","floor":15,"key":"SMITH"},{"floor":23,"key":"REST"},{"floor":32,"key":"REST"}],"neow_cost":"NONE","seed_source_timestamp":1442641518600,"circlet_count":0,"master_deck":["AscendersBane","Strike_R","Strike_R","Defend_R","Defend_R","Defend_R","Defend_R","Bash+1","Shrug It Off","Cleave","Spot Weakness+1","True Grit+1","Headbutt","Iron Wave+1","Rampage","Heavy Blade","Ghostly Armor","Immolate","Double Tap","Shrug It Off"],"relics":["Burning Blood","Red Skull","Bag of Preparation","Orichalcum","Pen Nib","Odd Mushroom","Fusion Hammer","Enchiridion","Medical Kit","Centennial Puzzle","Juzu Bracelet","The Courier","Matryoshka"],"potions_floor_usage":[11,13,25,31,33,33],"damage_taken":[{"damage":6,"enemies":"2 Louse","floor":1,"turns":4},{"damage":4,"enemies":"Small Slimes","floor":2,"turns":4},{"damage":6,"enemies":"Cultist","floor":3,"turns":3},{"damage":18,"enemies":"Looter","floor":4,"turns":4},{"damage":25,"enemies":"Lagavulin","floor":6,"turns":7},{"damage":3,"enemies":"Blue Slaver","floor":10,"turns":3},{"damage":1,"enemies":"3 Louse","floor":11,"turns":3},{"damage":10,"enemies":"Gremlin Nob","floor":13,"turns":3},{"damage":5,"enemies":"The Mushroom Lair","floor":14,"turns":3},{"damage":33,"enemies":"Slime Boss","floor":16,"turns":7},{"damage":10,"enemies":"Shell Parasite","floor":18,"turns":5},{"damage":11,"enemies":"2 Thieves","floor":21,"turns":3},{"damage":13,"enemies":"Snake Plant","floor":24,"turns":4},{"damage":7,"enemies":"Snecko","floor":25,"turns":4},{"damage":35,"enemies":"Gremlin Leader","floor":27,"turns":6},{"damage":2,"enemies":"Centurion and Healer","floor":28,"turns":3},{"damage":17,"enemies":"Slavers","floor":31,"turns":2},{"damage":53,"enemies":"Champ","floor":33,"turns":8}],"seed_played":"-2799543741169968941","potions_obtained":[{"floor":10,"key":"SteroidPotion"},{"floor":11,"key":"Ancient Potion"},{"floor":13,"key":"Fruit Juice"},{"floor":24,"key":"Weak Potion"},{"floor":25,"key":"Strength Potion"},{"floor":27,"key":"Weak Potion"},{"floor":31,"key":"SpeedPotion"}],"is_trial":false,"path_per_floor":["M","M","M","M","?","E","R","?","T","M","M","R","E","?","R","B",null,"M","?","$","M","?","R","M","M","T","E","M","$","?","E","R","B"],"character_chosen":"IRONCLAD","items_purchased":["Double Tap","Medical Kit"],"campfire_rested":2,"item_purchase_floors":[20,20],"current_hp_per_floor":[72,74,74,62,62,43,43,43,43,46,51,51,52,53,53,26,70,66,50,50,45,45,70,63,62,62,33,37,37,37,26,51,0],"gold":70,"neow_bonus":"RANDOM_COMMON_RELIC","is_prod":false,"is_daily":false,"chose_seed":false,"campfire_upgraded":3,"win_rate":0,"timestamp":1558282553,"path_taken":["M","M","M","M","?","E","R","?","T","?","M","R","E","?","R","BOSS","M","?","$","M","?","R","M","M","T","E","M","$","?","E","R","BOSS"],"build_version":"2019-01-23","purchased_purges":2,"victory":false,"max_hp_per_floor":[80,80,80,80,80,80,80,80,80,80,80,80,85,85,85,85,85,85,85,85,85,85,85,85,85,85,85,85,85,85,85,85,85],"card_choices":[{"not_picked":["Wild Strike","Warcry"],"picked":"Shrug It Off","floor":1},{"not_picked":["Havoc","True Grit"],"picked":"Cleave","floor":2},{"not_picked":["Body Slam","Pommel Strike"],"picked":"Spot Weakness","floor":3},{"not_picked":["Thunderclap","Perfected Strike"],"picked":"True Grit","floor":4},{"not_picked":["Dark Embrace","Perfected Strike"],"picked":"Headbutt","floor":6},{"not_picked":["Shrug It Off","Seeing Red"],"picked":"Iron Wave","floor":10},{"not_picked":["Blood for Blood","Perfected Strike"],"picked":"Rampage","floor":11},{"not_picked":["Body Slam","Power Through"],"picked":"Heavy Blade","floor":13},{"not_picked":["Cleave","Rupture"],"picked":"Ghostly Armor","floor":14},{"not_picked":["Offering","Feed"],"picked":"Immolate","floor":16},{"not_picked":["Searing Blow+1","Anger","Armaments"],"picked":"SKIP","floor":18},{"not_picked":["Warcry","Anger","Clash"],"picked":"SKIP","floor":21},{"not_picked":["Double Tap","Clothesline","Flex"],"picked":"SKIP","floor":24},{"not_picked":["Combust","Warcry","Reckless Charge"],"picked":"SKIP","floor":25},{"not_picked":["Evolve","Burning Pact+1","Iron Wave"],"picked":"SKIP","floor":27},{"not_picked":["Entrench","True Grit","Shockwave"],"picked":"SKIP","floor":28},{"not_picked":["Clash+1","Uppercut+1"],"picked":"Shrug It Off","floor":31}],"player_experience":308377,"relics_obtained":[{"floor":6,"key":"Bag of Preparation"},{"floor":9,"key":"Orichalcum"},{"floor":13,"key":"Pen Nib"},{"floor":14,"key":"Odd Mushroom"},{"floor":19,"key":"Enchiridion"},{"floor":26,"key":"Juzu Bracelet"},{"floor":27,"key":"The Courier"},{"floor":31,"key":"Matryoshka"}],"event_choices":[{"cards_removed":["Strike_R"],"damage_healed":0,"gold_gain":0,"player_choice":"Card Removal","damage_taken":0,"max_hp_gain":0,"max_hp_loss":0,"event_name":"The Cleric","floor":5,"gold_loss":50},{"damage_healed":0,"gold_gain":0,"player_choice":"Forge","damage_taken":0,"max_hp_gain":0,"max_hp_loss":0,"event_name":"Accursed Blacksmith","floor":8,"gold_loss":0,"cards_upgraded":["True Grit"]},{"damage_healed":0,"gold_gain":0,"player_choice":"Fought Mushrooms","damage_taken":0,"max_hp_gain":0,"max_hp_loss":0,"event_name":"Mushrooms","floor":14,"gold_loss":0},{"damage_healed":0,"gold_gain":0,"player_choice":"Obtained Book","damage_taken":16,"max_hp_gain":0,"max_hp_loss":0,"event_name":"Cursed Tome","floor":19,"gold_loss":0},{"damage_healed":0,"gold_gain":0,"player_choice":"Gave Potion","damage_taken":0,"relics_obtained":["Centennial Puzzle"],"max_hp_gain":0,"max_hp_loss":0,"event_name":"WeMeetAgain","floor":22,"gold_loss":0}],"is_beta":false,"boss_relics":[{"not_picked":["Velvet Choker","Runic Cube"],"picked":"Fusion Hammer"}],"items_purged_floors":[20,29],"is_endless":false,"potions_floor_spawned":[10,11,13,24,25,27,28,31],"killed_by":"Champ","ascension_level":12}