{"gold_per_floor":[359,359,27,43,43,43,73,88,88,88,88,102,114,131,131,232,232,216,216,233,233,249,249,299,299],"floor_reached":25,"playtime":1233,"items_purged":[],"score":375,"play_id":"092ce2e8-2806-4c5c-944a-0beefee4c9d3","local_time":"20190519213845","is_ascension_mode":true,"campfire_choices":[{"data":"Shrug It Off","floor":6,"key":"SMITH"},{"data":"Shrug It Off","floor":10,"key":"SMITH"},{"data":"Iron Wave","floor":15,"key":"SMITH"},{"data":"True Grit","floor":23,"key":"SMITH"}],"neow_cost":"PERCENT_DAMAGE","seed_source_timestamp":1980269566900,"circlet_count":0,"master_deck":["AscendersBane","Strike_R","Strike_R","Strike_R","Strike_R","Strike_R","Defend_R","Defend_R","Defend_R","Defend_R","Bash+1","Heavy Blade","Shrug It Off+1","Shrug It Off+1","Headbutt","True Grit+1","Iron Wave+1","Fiend Fire","Flex","Pommel Strike+1"],"relics":["Burning Blood","Pear","Mango","Magic Flower","Strawberry","Mark of Pain","Du-Vu Doll"],"potions_floor_usage":[14,16,25],"damage_taken":[{"damage":0,"enemies":"2 Louse","floor":1,"turns":5},{"damage":3,"enemies":"Cultist","floor":4,"turns":4},{"damage":24,"enemies":"Gremlin Nob","floor":7,"turns":4},{"damage":3,"enemies":"Jaw Worm","floor":8,"turns":4},{"damage":1,"enemies":"2 Fungi Beasts","floor":12,"turns":4},{"damage":6,"enemies":"Red Slaver","floor":13,"turns":4},{"damage":0,"enemies":"Exordium Wildlife","floor":14,"turns":6},{"damage":72,"enemies":"The Guardian","floor":16,"turns":20},{"damage":15,"enemies":"2 Thieves","floor":18,"turns":4},{"damage":23,"enemies":"Spheric Guardian","floor":20,"turns":4},{"damage":24,"enemies":"Centurion and Healer","floor":22,"turns":6},{"damage":68,"enemies":"Gremlin Leader","floor":25,"turns":6}],"seed_played":"-5231974929362118831","potions_obtained":[{"floor":8,"key":"EntropicBrew"},{"floor":12,"key":"Block Potion"},{"floor":14,"key":"SteroidPotion"},{"floor":16,"key":"Ancient Potion"},{"floor":18,"key":"PowerPotion"}],"is_trial":false,"path_per_floor":["M","?","$","M","?","R","E","M","T","R","?","M","M","M","R","B",null,"M","?","M","T","M","R","?","E"],"character_chosen":"IRONCLAD","items_purchased":["Mango","Shrug It Off"],"campfire_rested":0,"item_purchase_floors":[3,3],"current_hp_per_floor":[57,64,78,81,81,81,63,69,76,76,76,84,87,96,96,33,92,86,86,72,72,57,57,57,0],"gold":299,"neow_bonus":"TWO_FIFTY_GOLD","is_prod":false,"is_daily":false,"chose_seed":false,"campfire_upgraded":4,"win_rate":0,"timestamp":1558316325,"path_taken":["M","?","$","M","?","R","E","M","T","R","?","M","M","M","R","BOSS","M","?","M","?","M","R","?","E"],"build_version":"2019-01-23","purchased_purges":0,"victory":false,"max_hp_per_floor":[80,90,104,104,104,104,104,104,111,111,111,111,111,111,111,111,111,111,111,111,111,111,111,111,111],"card_choices":[{"not_picked":["Havoc","Power Through"],"picked":"Heavy Blade","floor":1},{"not_picked":["Clothesline","Evolve"],"picked":"Shrug It Off","floor":4},{"not_picked":["Burning Pact","Heavy Blade","Shrug It Off"],"picked":"SKIP","floor":7},{"not_picked":["Anger","Havoc"],"picked":"Headbutt","floor":8},{"not_picked":["Bloodletting","Shrug It Off"],"picked":"True Grit","floor":12},{"not_picked":["Barricade","Wild Strike"],"picked":"Iron Wave","floor":13},{"not_picked":["Shrug It Off","Thunderclap","Hemokinesis"],"picked":"SKIP","floor":14},{"not_picked":["Brutality","Demon Form"],"picked":"Fiend Fire","floor":16},{"not_picked":["Seeing Red","Combust","Clash+1"],"picked":"SKIP","floor":18},{"not_picked":["Bloodletting","True Grit"],"picked":"Flex","floor":20},{"not_picked":["Sword Boomerang","Combust"],"picked":"Pommel Strike+1","floor":22}],"player_experience":317434,"relics_obtained":[{"floor":7,"key":"Magic Flower"},{"floor":9,"key":"Strawberry"},{"floor":21,"key":"Du-Vu Doll"}],"event_choices":[{"damage_healed":0,"gold_gain":0,"player_choice":"Success","damage_taken":3,"relics_obtained":["Pear"],"max_hp_gain":0,"max_hp_loss":0,"event_name":"Scrap Ooze","floor":2,"gold_loss":0},{"damage_healed":0,"gold_gain":0,"player_choice":"Grow","damage_taken":0,"max_hp_gain":0,"max_hp_loss":0,"event_name":"Living Wall","floor":5,"gold_loss":0,"cards_upgraded":["Bash"]},{"damage_healed":0,"gold_gain":0,"player_choice":"Bought 0 Potions","damage_taken":0,"max_hp_gain":0,"max_hp_loss":0,"event_name":"The Woman in Blue","floor":11,"gold_loss":0},{"damage_healed":0,"gold_gain":0,"player_choice":"Ignored","damage_taken":0,"max_hp_gain":0,"max_hp_loss":0,"event_name":"Ghosts","floor":19,"gold_loss":0},{"damage_healed":0,"gold_gain":100,"player_choice":"Bet on Murderer","damage_taken":0,"max_hp_gain":0,"max_hp_loss":0,"event_name":"The Joust","floor":24,"gold_loss":50}],"is_beta":false,"boss_relics":[{"not_picked":["Empty Cage","Coffee Dripper"],"picked":"Mark of Pain"}],"items_purged_floors":[],"is_endless":false,"potions_floor_spawned":[8,12,14,16,18],"killed_by":"Gremlin Leader","ascension_level":12}