{"gold_per_floor":[114,114,114,129,144,144,174,174,199,229,229,179,217,236,236,236],"floor_reached":16,"playtime":545,"items_purged":[],"score":143,"play_id":"a8a3d7b7-f1f4-4c96-8e57-b4b87603dc33","local_time":"20190602122905","daily_mods":["Cursed Run","ControlledChaos","Elite Swarm"],"is_ascension_mode":false,"campfire_choices":[{"data":"Glacier","floor":6,"key":"SMITH"},{"data":"Multi-Cast","floor":8,"key":"SMITH"},{"data":"Biased Cognition","floor":15,"key":"SMITH"}],"neow_cost":"","seed_source_timestamp":0,"circlet_count":0,"master_deck":["Strike_B","Strike_B","Strike_B","Defend_B","Defend_B","Defend_B","Defend_B","Zap+1","Dualcast","Glacier+1","Go for the Eyes","Go for the Eyes","Multi-Cast+1","Regret","Biased Cognition+1","Core Surge","Redo"],"special_seed":18049,"relics":["Cursed Key","Darkstone Periapt","Du-Vu Doll","Frozen Eye","Symbiotic Virus","Bag of Marbles","Juzu Bracelet","Dodecahedron","Golden Idol","Meat on the Bone"],"potions_floor_usage":[13,16,16],"damage_taken":[{"damage":0,"enemies":"2 Louse","floor":1,"turns":2},{"damage":0,"enemies":"Small Slimes","floor":4,"turns":3},{"damage":0,"enemies":"Cultist","floor":5,"turns":3},{"damage":0,"enemies":"Lagavulin","floor":7,"turns":4},{"damage":7,"enemies":"3 Sentries","floor":10,"turns":6},{"damage":6,"enemies":"Gremlin Nob","floor":13,"turns":3},{"damage":2,"enemies":"Large Slime","floor":14,"turns":3},{"damage":46,"enemies":"The Guardian","floor":16,"turns":8}],"seed_played":"8756904744522302853","potions_obtained":[{"floor":1,"key":"SpeedPotion"},{"floor":4,"key":"Poison Potion"},{"floor":10,"key":"Poison Potion"}],"is_trial":false,"path_per_floor":["M","?","?","M","M","R","E","R","T","E","?","?","E","M","R","B"],"character_chosen":"DEFECT","items_purchased":[],"campfire_rested":0,"item_purchase_floors":[],"current_hp_per_floor":[75,75,75,75,75,75,75,75,81,74,54,54,48,46,46,0],"gold":236,"neow_bonus":"","is_prod":false,"is_daily":true,"chose_seed":false,"campfire_upgraded":3,"win_rate":0,"timestamp":1559492945,"path_taken":["M","?","?","M","?","R","E","R","T","E","?","?","E","M","R","BOSS"],"build_version":"2019-01-23","purchased_purges":0,"victory":false,"max_hp_per_floor":[75,75,75,75,75,75,75,75,81,81,81,81,81,81,81,81],"card_choices":[{"not_picked":["Recycle","Sweeping Beam"],"picked":"Glacier","floor":1},{"not_picked":["Gash","Rebound"],"picked":"Go for the Eyes","floor":4},{"not_picked":["Hello World","Tempest"],"picked":"Go for the Eyes","floor":5},{"not_picked":["Thunder Strike","Seek"],"picked":"Multi-Cast","floor":7},{"not_picked":["Hyperbeam","All For One"],"picked":"Biased Cognition","floor":10},{"not_picked":["Meteor Strike","Fission"],"picked":"Core Surge","floor":13},{"not_picked":["White Noise","BootSequence"],"picked":"Redo","floor":14}],"player_experience":374747,"relics_obtained":[{"floor":3,"key":"Symbiotic Virus"},{"floor":7,"key":"Bag of Marbles"},{"floor":9,"key":"Juzu Bracelet"},{"floor":10,"key":"Dodecahedron"},{"floor":13,"key":"Meat on the Bone"}],"event_choices":[{"damage_healed":0,"gold_gain":0,"player_choice":"Grow","damage_taken":0,"max_hp_gain":0,"max_hp_loss":0,"event_name":"Living Wall","floor":2,"gold_loss":0,"cards_upgraded":["Zap"]},{"damage_healed":0,"gold_gain":0,"player_choice":"Relic","damage_taken":0,"max_hp_gain":0,"max_hp_loss":0,"event_name":"Wheel of Change","floor":3,"gold_loss":0},{"damage_healed":0,"gold_gain":0,"player_choice":"Take Damage","damage_taken":20,"relics_obtained":["Golden Idol"],"max_hp_gain":0,"max_hp_loss":0,"event_name":"Golden Idol","floor":11,"gold_loss":0},{"cards_removed":["Strike_B"],"damage_healed":0,"gold_gain":0,"player_choice":"Card Removal","damage_taken":0,"max_hp_gain":0,"max_hp_loss":0,"event_name":"The Cleric","floor":12,"gold_loss":50}],"is_beta":false,"boss_relics":[],"items_purged_floors":[],"is_endless":false,"potions_floor_spawned":[1,4,10],"killed_by":"The Guardian","ascension_level":0}