{"gold_per_floor":[111,2,16,27,27,27,27,59,59,59,59,59,79,111,111,212,212,227,46,46,63,77,77,92,92,170,181,196,196,196,2,2,100,100,115,131,131,80,91,91,120,120,120,120,120,139,156,167,167,167],"floor_reached":51,"playtime":2449,"items_purged":[],"score":836,"play_id":"e27333eb-e620-4019-9435-f7e8c52e8176","local_time":"20190330030347","is_ascension_mode":true,"campfire_choices":[{"data":"Double Tap","floor":7,"key":"SMITH"},{"data":"Bash","floor":10,"key":"SMITH"},{"floor":12,"key":"REST"},{"data":"Metallicize","floor":15,"key":"SMITH"},{"data":"Pommel Strike","floor":23,"key":"SMITH"},{"floor":25,"key":"REST"},{"floor":29,"key":"REST"},{"data":"Ghostly Armor","floor":32,"key":"SMITH"},{"floor":40,"key":"REST"},{"floor":49,"key":"REST"}],"neow_cost":"TEN_PERCENT_HP_LOSS","seed_source_timestamp":8543669287799,"circlet_count":0,"master_deck":["Strike_R+1","Strike_R+1","Strike_R","Strike_R","Strike_R+1","Defend_R","Defend_R","Defend_R+1","Defend_R","Bash+1","Double Tap+1","Pommel Strike+1","Inflame","Ghostly Armor+1","Metallicize+1","Thunderclap","Sword Boomerang","Anger","Rage","Bludgeon","Blood for Blood","Perfected Strike","Headbutt","Armaments+1","Battle Trance+1","Uppercut","Pummel+1","Anger+1","Flex","Shockwave+1","Flex","Limit Break","Shrug It Off+1","Headbutt","Shrug It Off+1","Writhe","Doubt","Infernal Blade+1","Spot Weakness+1","Armaments+1"],"relics":["Burning Blood","Whetstone","Singing Bowl","Boot","Orrery","Oddly Smooth Stone","Mercury Hourglass","Paper Frog","Pen Nib","Sozu","Sundial","Toxic Egg 2"],"potions_floor_usage":[8,14,28,28,41],"damage_taken":[{"damage":6,"enemies":"Cultist","floor":1,"turns":3},{"damage":0,"enemies":"Small Slimes","floor":3,"turns":3},{"damage":2,"enemies":"Jaw Worm","floor":4,"turns":3},{"damage":25,"enemies":"3 Sentries","floor":8,"turns":9},{"damage":14,"enemies":"Red Slaver","floor":13,"turns":2},{"damage":16,"enemies":"Gremlin Nob","floor":14,"turns":3},{"damage":24,"enemies":"The Guardian","floor":16,"turns":9},{"damage":10,"enemies":"Spheric Guardian","floor":18,"turns":4},{"damage":4,"enemies":"Shell Parasite","floor":21,"turns":5},{"damage":36,"enemies":"Snake Plant","floor":22,"turns":3},{"damage":19,"enemies":"Snecko","floor":24,"turns":4},{"damage":24,"enemies":"Shelled Parasite and Fungi","floor":27,"turns":4},{"damage":12,"enemies":"Chosen and Byrds","floor":28,"turns":4},{"damage":57,"enemies":"Collector","floor":33,"turns":10},{"damage":8,"enemies":"Orb Walker","floor":35,"turns":3},{"damage":18,"enemies":"3 Shapes","floor":36,"turns":4},{"damage":61,"enemies":"Maw","floor":39,"turns":8},{"damage":27,"enemies":"Nemesis","floor":41,"turns":6},{"damage":20,"enemies":"4 Shapes","floor":46,"turns":5},{"damage":14,"enemies":"Transient","floor":47,"turns":5},{"damage":28,"enemies":"Jaw Worm Horde","floor":48,"turns":4},{"damage":51,"enemies":"Awakened One","floor":50,"turns":8}],"seed_played":"8438172402262772310","potions_obtained":[{"floor":4,"key":"GamblersBrew"},{"floor":13,"key":"Swift Potion"},{"floor":21,"key":"BloodPotion"},{"floor":27,"key":"Dexterity Potion"},{"floor":33,"key":"Swift Potion"}],"is_trial":false,"path_per_floor":["M","$","M","M","$","?","R","E","T","R","?","R","M","E","R","B",null,"M","$","?","M","M","R","M","R","T","M","M","R","?","$","R","B",null,"M","M","?","$","M","R","E","?","T","?","?","M","M","M","R","B",null],"character_chosen":"IRONCLAD","items_purchased":["Inflame","Ghostly Armor","Oddly Smooth Stone","Uppercut","Pen Nib","Flex","Headbutt"],"campfire_rested":5,"item_purchase_floors":[2,2,19,19,31,31,38],"current_hp_per_floor":[72,72,72,72,72,58,58,39,39,39,44,67,59,49,49,31,79,75,75,75,77,47,47,34,57,57,39,42,66,66,66,66,15,81,79,69,69,69,16,41,20,20,20,41,85,71,63,41,66,21],"gold":167,"neow_bonus":"THREE_RARE_CARDS","is_prod":false,"is_daily":false,"chose_seed":false,"campfire_upgraded":5,"win_rate":0,"timestamp":1553929427,"path_taken":["M","$","?","M","$","?","R","E","T","R","?","R","M","E","R","BOSS","M","$","?","M","M","R","M","R","T","?","M","R","?","?","R","BOSS","M","M","?","$","?","R","E","?","T","?","?","M","M","M","R","BOSS"],"build_version":"2019-01-23","purchased_purges":0,"victory":true,"max_hp_per_floor":[72,72,72,72,72,72,72,72,72,72,77,77,77,77,77,77,79,79,79,79,79,79,79,79,79,79,79,81,81,81,81,81,81,81,81,83,83,83,85,85,85,85,85,85,85,85,85,85,85,85],"card_choices":[{"not_picked":["Juggernaut","Exhume"],"picked":"Double Tap","floor":0},{"not_picked":["Armaments","True Grit"],"picked":"Pommel Strike","floor":1},{"not_picked":["Warcry","Evolve"],"picked":"Metallicize","floor":3},{"not_picked":["Entrench","True Grit"],"picked":"Thunderclap","floor":4},{"not_picked":["Havoc","Rage"],"picked":"Sword Boomerang","floor":8},{"not_picked":["Rage","Cleave"],"picked":"Anger","floor":13},{"not_picked":["Power Through","Combust"],"picked":"Rage","floor":14},{"not_picked":["Barricade","Impervious"],"picked":"Bludgeon","floor":16},{"not_picked":["Thunderclap","Reckless Charge","Sword Boomerang"],"picked":"Singing Bowl","floor":17},{"not_picked":["Sword Boomerang","Warcry"],"picked":"Blood for Blood","floor":17},{"not_picked":["Havoc","Headbutt"],"picked":"Perfected Strike","floor":17},{"not_picked":["Dual Wield","Bloodletting"],"picked":"Headbutt","floor":17},{"not_picked":["Body Slam","True Grit"],"picked":"Armaments","floor":17},{"not_picked":["Wild Strike","Disarm"],"picked":"Battle Trance+1","floor":18},{"not_picked":["Clash","Berserk"],"picked":"Pummel+1","floor":21},{"not_picked":["Infernal Blade","Iron Wave"],"picked":"Anger+1","floor":22},{"not_picked":["Intimidate","Battle Trance"],"picked":"Flex","floor":24},{"not_picked":["Intimidate+1","Perfected Strike"],"picked":"Shockwave+1","floor":27},{"not_picked":["Carnage","True Grit+1","Entrench"],"picked":"Singing Bowl","floor":28},{"not_picked":["Feed","Fiend Fire"],"picked":"Limit Break","floor":33},{"not_picked":["Reckless Charge+1","Iron Wave+1"],"picked":"Shrug It Off+1","floor":35},{"not_picked":["True Grit","Clothesline","Disarm+1"],"picked":"Singing Bowl","floor":36},{"not_picked":["Armaments","Body Slam","Thunderclap+1"],"picked":"Singing Bowl","floor":39},{"not_picked":["Sentinel","Twin Strike+1"],"picked":"Shrug It Off+1","floor":41},{"not_picked":["Armaments+1","Sword Boomerang"],"picked":"Infernal Blade+1","floor":46},{"not_picked":["Perfected Strike","Heavy Blade+1"],"picked":"Spot Weakness+1","floor":47},{"not_picked":["Second Wind+1","Iron Wave"],"picked":"Armaments+1","floor":48}],"player_experience":75193,"relics_obtained":[{"floor":8,"key":"Whetstone"},{"floor":9,"key":"Singing Bowl"},{"floor":14,"key":"Boot"},{"floor":26,"key":"Mercury Hourglass"},{"floor":41,"key":"Sundial"},{"floor":43,"key":"Toxic Egg 2"}],"event_choices":[{"damage_healed":0,"gold_gain":0,"player_choice":"Entered Light","damage_taken":14,"max_hp_gain":0,"max_hp_loss":0,"event_name":"Shining Light","floor":6,"gold_loss":0,"cards_upgraded":["Defend_R","Strike_R"]},{"damage_healed":0,"gold_gain":0,"player_choice":"Donut","damage_taken":0,"max_hp_gain":5,"max_hp_loss":0,"event_name":"Big Fish","floor":11,"gold_loss":0},{"damage_healed":0,"gold_gain":0,"player_choice":"Forge","damage_taken":0,"max_hp_gain":0,"max_hp_loss":0,"event_name":"Accursed Blacksmith","floor":20,"gold_loss":0,"cards_upgraded":["Armaments"]},{"damage_healed":0,"gold_gain":0,"player_choice":"Opened","damage_taken":0,"relics_obtained":["Paper Frog"],"max_hp_gain":0,"max_hp_loss":0,"event_name":"The Mausoleum","floor":30,"gold_loss":0},{"damage_healed":0,"gold_gain":0,"player_choice":"Leave","damage_taken":0,"max_hp_gain":0,"max_hp_loss":0,"event_name":"FaceTrader","floor":37,"gold_loss":0},{"damage_healed":0,"gold_gain":0,"player_choice":"Ignored","damage_taken":0,"max_hp_gain":0,"max_hp_loss":0,"event_name":"Mysterious Sphere","floor":42,"gold_loss":0},{"damage_healed":21,"gold_gain":0,"player_choice":"Writhe","damage_taken":0,"max_hp_gain":0,"max_hp_loss":0,"event_name":"Winding Halls","floor":44,"gold_loss":0,"cards_obtained":["Writhe"]},{"damage_healed":44,"gold_gain":0,"player_choice":"Heal","damage_taken":0,"max_hp_gain":0,"max_hp_loss":0,"event_name":"MindBloom","floor":45,"gold_loss":0,"cards_obtained":["Doubt"]}],"is_beta":false,"boss_relics":[{"not_picked":["Runic Pyramid","Black Star"],"picked":"Orrery"},{"not_picked":["Tiny House","Eternal Feather"],"picked":"Sozu"}],"items_purged_floors":[],"is_endless":false,"potions_floor_spawned":[4,13,21,27,33,35,47],"ascension_level":3}