{"gold_per_floor":[118,118,136,136,60,87,87,99,99,115,115,130,156,208,208,282,282,296,306,134,150,161,161,161,172,172,3,30,30,49,49,49,49],"floor_reached":33,"playtime":912,"items_purged":[],"score":513,"play_id":"0605cdef-24c1-4e33-b369-25fc05ad6114","local_time":"20190531182954","is_ascension_mode":true,"campfire_choices":[{"data":"Carnage","floor":7,"key":"SMITH"},{"data":"Shrug It Off","floor":11,"key":"SMITH"},{"data":"Inflame","floor":15,"key":"SMITH"},{"floor":23,"key":"REST"},{"floor":29,"key":"REST"},{"floor":32,"key":"REST"}],"neow_cost":"NONE","seed_source_timestamp":1126448977800,"circlet_count":0,"master_deck":["AscendersBane","Strike_R","Strike_R","Strike_R","Strike_R+1","Strike_R","Defend_R","Defend_R+1","Defend_R","Defend_R","Bash+1","Battle Trance","Shrug It Off+1","Whirlwind","Carnage+1","Clothesline","Pommel Strike","Perfected Strike","Inflame+1","Feed","Shrug It Off","Burning Pact+1","True Grit","Rampage","Flame Barrier","Bandage Up","Iron Wave"],"relics":["Burning Blood","NeowsBlessing","StoneCalendar","Paper Frog","Orichalcum","Mark of Pain","Tiny Chest","Shuriken","Juzu Bracelet"],"potions_floor_usage":[10,22,28],"damage_taken":[{"damage":0,"enemies":"2 Louse","floor":1,"turns":1},{"damage":0,"enemies":"Jaw Worm","floor":3,"turns":1},{"damage":0,"enemies":"3 Sentries","floor":6,"turns":2},{"damage":7,"enemies":"Small Slimes","floor":8,"turns":3},{"damage":8,"enemies":"Exordium Thugs","floor":10,"turns":5},{"damage":18,"enemies":"Large Slime","floor":12,"turns":3},{"damage":24,"enemies":"Lagavulin","floor":13,"turns":4},{"damage":17,"enemies":"Hexaghost","floor":16,"turns":8},{"damage":24,"enemies":"2 Thieves","floor":18,"turns":4},{"damage":11,"enemies":"Spheric Guardian","floor":19,"turns":4},{"damage":29,"enemies":"Cultist and Chosen","floor":21,"turns":7},{"damage":18,"enemies":"Shelled Parasite and Fungi","floor":22,"turns":5},{"damage":0,"enemies":"Centurion and Healer","floor":25,"turns":5},{"damage":70,"enemies":"Gremlin Leader","floor":28,"turns":7},{"damage":21,"enemies":"Chosen and Byrds","floor":30,"turns":7},{"damage":64,"enemies":"Collector","floor":33,"turns":7}],"seed_played":"3136216067396586389","potions_obtained":[{"floor":1,"key":"FairyPotion"},{"floor":10,"key":"Fruit Juice"},{"floor":16,"key":"Energy Potion"},{"floor":24,"key":"Regen Potion"},{"floor":30,"key":"EssenceOfSteel"}],"is_trial":false,"path_per_floor":["M","?","M","?","$","E","R","M","T","M","R","M","E","?","R","B",null,"M","M","$","M","M","R","?","M","T","$","E","R","M","?","R","B"],"character_chosen":"IRONCLAD","items_purchased":["Whirlwind","True Grit","Tiny Chest","Flame Barrier","Bandage Up","Iron Wave"],"campfire_rested":3,"item_purchase_floors":[5,20,20,27,27,27],"current_hp_per_floor":[74,74,75,60,60,66,66,65,65,68,68,56,38,38,38,27,67,49,44,44,21,12,36,36,45,45,45,16,41,33,33,59,0],"gold":49,"neow_bonus":"THREE_ENEMY_KILL","is_prod":false,"is_daily":false,"chose_seed":false,"campfire_upgraded":3,"win_rate":0,"timestamp":1559341794,"path_taken":["M","?","M","?","$","E","R","M","T","M","R","M","E","?","R","BOSS","M","M","$","M","M","R","?","M","T","?","E","R","M","?","R","BOSS"],"build_version":"2019-01-23","purchased_purges":0,"victory":false,"max_hp_per_floor":[75,75,75,75,75,75,75,75,75,80,80,80,80,80,80,80,80,80,80,80,80,83,83,83,86,86,86,86,86,89,89,89,89],"card_choices":[{"not_picked":["Evolve","Entrench"],"picked":"Battle Trance","floor":1},{"not_picked":["Second Wind","Pommel Strike"],"picked":"Shrug It Off","floor":3},{"not_picked":["Shrug It Off","Sever Soul"],"picked":"Carnage","floor":6},{"not_picked":["Intimidate","Pommel Strike"],"picked":"Clothesline","floor":8},{"not_picked":["Anger","Clothesline"],"picked":"Pommel Strike","floor":10},{"not_picked":["Warcry","Dark Embrace"],"picked":"Perfected Strike","floor":12},{"not_picked":["Fiend Fire","Corruption"],"picked":"Inflame","floor":13},{"not_picked":["Brutality","Limit Break"],"picked":"Feed","floor":16},{"not_picked":["Perfected Strike","Headbutt"],"picked":"Shrug It Off","floor":18},{"not_picked":["Havoc","Dropkick"],"picked":"Burning Pact+1","floor":19},{"not_picked":["Shrug It Off","Rupture","Armaments"],"picked":"SKIP","floor":21},{"not_picked":["Battle Trance","Anger","Hemokinesis"],"picked":"SKIP","floor":22},{"not_picked":["Shockwave","Power Through"],"picked":"Rampage","floor":25},{"not_picked":["Hemokinesis+1","Barricade","Uppercut"],"picked":"SKIP","floor":28},{"not_picked":["Second Wind","Evolve","Havoc"],"picked":"SKIP","floor":30}],"player_experience":370689,"relics_obtained":[{"floor":6,"key":"StoneCalendar"},{"floor":9,"key":"Paper Frog"},{"floor":13,"key":"Orichalcum"},{"floor":26,"key":"Shuriken"},{"floor":28,"key":"Juzu Bracelet"}],"event_choices":[{"damage_healed":0,"gold_gain":0,"player_choice":"Grow","damage_taken":0,"max_hp_gain":0,"max_hp_loss":0,"event_name":"Living Wall","floor":2,"gold_loss":0,"cards_upgraded":["Bash"]},{"damage_healed":0,"gold_gain":0,"player_choice":"Entered Light","damage_taken":15,"max_hp_gain":0,"max_hp_loss":0,"event_name":"Shining Light","floor":4,"gold_loss":0,"cards_upgraded":["Defend_R","Strike_R"]},{"damage_healed":0,"gold_gain":52,"player_choice":"Gained Gold","damage_taken":0,"max_hp_gain":0,"max_hp_loss":0,"event_name":"Golden Wing","floor":14,"gold_loss":0},{"damage_healed":0,"gold_gain":0,"player_choice":"Got Potions","damage_taken":0,"max_hp_gain":0,"max_hp_loss":0,"event_name":"Lab","floor":24,"gold_loss":0}],"is_beta":false,"boss_relics":[{"not_picked":["Fusion Hammer","Runic Pyramid"],"picked":"Mark of Pain"}],"items_purged_floors":[],"is_endless":false,"potions_floor_spawned":[1,10,16,18,25,30],"killed_by":"Collector","ascension_level":14}