{"gold_per_floor":[109,109,30,205,219,219,230,230,255,130,130,146,159,159,159,257,257,276,291,291,138,138,138,238,267,294,305,323,323],"floor_reached":29,"playtime":988,"items_purged":["Doubt","Strike_R"],"score":338,"play_id":"ff566cf7-defa-49fb-b88c-3aa7733f039c","local_time":"20190415003606","is_ascension_mode":true,"campfire_choices":[{"data":"Carnage","floor":6,"key":"SMITH"},{"data":"Inflame","floor":8,"key":"SMITH"},{"data":"Flex","floor":11,"key":"SMITH"},{"data":"Inflame","floor":15,"key":"SMITH"},{"floor":23,"key":"REST"}],"neow_cost":"NONE","seed_source_timestamp":11999789977900,"circlet_count":0,"master_deck":["Strike_R","Strike_R","Strike_R","Defend_R","Defend_R","Defend_R","Defend_R","Bash+1","Sword Boomerang","Carnage+1","Pummel","Flex+1","Inflame+1","Twin Strike","Inflame+1","Limit Break","Shrug It Off","Writhe","Sword Boomerang","Sword Boomerang"],"relics":["Burning Blood","Lantern","Fusion Hammer","Regal Pillow","Unceasing Top","Letter Opener","Paper Frog","Dream Catcher"],"potions_floor_usage":[24,25,27,28,29],"damage_taken":[{"damage":10,"enemies":"Small Slimes","floor":1,"turns":3},{"damage":0,"enemies":"Cultist","floor":5,"turns":2},{"damage":7,"enemies":"Jaw Worm","floor":7,"turns":2},{"damage":0,"enemies":"Large Slime","floor":12,"turns":3},{"damage":6,"enemies":"Looter","floor":13,"turns":2},{"damage":59,"enemies":"The Guardian","floor":16,"turns":9},{"damage":5,"enemies":"3 Byrds","floor":18,"turns":3},{"damage":2,"enemies":"Chosen","floor":19,"turns":3},{"damage":13,"enemies":"Colosseum Slavers","floor":24,"turns":3},{"damage":14,"enemies":"Colosseum Nobs","floor":24,"turns":4},{"damage":35,"enemies":"Gremlin Leader","floor":25,"turns":5},{"damage":5,"enemies":"Centurion and Healer","floor":27,"turns":4},{"damage":0,"enemies":"Snake Plant","floor":28,"turns":1},{"damage":45,"enemies":"Book of Stabbing","floor":29,"turns":4}],"seed_played":"-1287386587872938767","potions_obtained":[{"floor":5,"key":"Dexterity Potion"},{"floor":7,"key":"LiquidBronze"},{"floor":12,"key":"BloodPotion"},{"floor":13,"key":"SteroidPotion"},{"floor":25,"key":"EssenceOfSteel"},{"floor":27,"key":"SpeedPotion"}],"is_trial":false,"path_per_floor":["M","?","$","?","M","R","M","R","T","$","R","M","M","?","R","B",null,"M","M","?","$","?","R","?","E","T","M","M","E"],"character_chosen":"IRONCLAD","items_purchased":["Pummel","Twin Strike","Shrug It Off"],"campfire_rested":1,"item_purchase_floors":[3,10,21],"current_hp_per_floor":[68,68,68,68,74,74,73,73,73,73,73,79,79,79,79,26,67,68,72,72,72,72,80,65,36,36,37,43,0],"gold":323,"neow_bonus":"THREE_CARDS","is_prod":false,"is_daily":false,"chose_seed":false,"campfire_upgraded":4,"win_rate":0,"timestamp":1555302966,"path_taken":["M","?","$","?","M","R","M","R","T","$","R","M","M","?","R","BOSS","M","M","?","$","?","R","?","E","T","?","M","E"],"build_version":"2019-01-23","purchased_purges":2,"victory":false,"max_hp_per_floor":[80,80,80,80,80,80,80,80,80,80,80,80,80,80,80,80,80,80,80,80,80,80,80,80,80,80,80,80,80],"card_choices":[{"not_picked":["Dual Wield","Clash"],"picked":"Sword Boomerang","floor":0},{"not_picked":["Thunderclap","True Grit"],"picked":"Carnage","floor":1},{"not_picked":["Sword Boomerang","Pommel Strike"],"picked":"Flex","floor":5},{"not_picked":["Body Slam","Twin Strike"],"picked":"Inflame","floor":7},{"not_picked":["Clash","Sever Soul","Perfected Strike"],"picked":"SKIP","floor":12},{"not_picked":["Brutality","Armaments"],"picked":"Inflame","floor":13},{"not_picked":["Fiend Fire","Double Tap"],"picked":"Limit Break","floor":16},{"not_picked":["Pommel Strike","Clothesline","Warcry+1"],"picked":"SKIP","floor":18},{"not_picked":["Body Slam+1","Havoc","Anger+1"],"picked":"SKIP","floor":19},{"not_picked":["Dual Wield","Thunderclap","Corruption"],"picked":"SKIP","floor":25},{"not_picked":["Disarm","Uppercut"],"picked":"Sword Boomerang","floor":27},{"not_picked":["Twin Strike","Rampage"],"picked":"Sword Boomerang","floor":28}],"player_experience":134175,"relics_obtained":[{"floor":9,"key":"Lantern"},{"floor":24,"key":"Unceasing Top"},{"floor":24,"key":"Letter Opener"},{"floor":25,"key":"Paper Frog"},{"floor":26,"key":"Dream Catcher"}],"event_choices":[{"damage_healed":0,"gold_gain":0,"player_choice":"Upgraded","damage_taken":0,"max_hp_gain":0,"max_hp_loss":0,"event_name":"Upgrade Shrine","floor":2,"gold_loss":0,"cards_upgraded":["Bash"]},{"damage_healed":0,"gold_gain":175,"player_choice":"AGREE","damage_taken":0,"max_hp_gain":0,"max_hp_loss":0,"event_name":"Liars Game","floor":4,"gold_loss":0,"cards_obtained":["Doubt"]},{"cards_removed":["Strike_R"],"damage_healed":0,"gold_gain":0,"player_choice":"Forget","damage_taken":0,"max_hp_gain":0,"max_hp_loss":0,"event_name":"Living Wall","floor":14,"gold_loss":0},{"damage_healed":0,"gold_gain":0,"player_choice":"Ignored","damage_taken":0,"max_hp_gain":0,"max_hp_loss":0,"event_name":"Vampires","floor":20,"gold_loss":0},{"damage_healed":0,"gold_gain":0,"player_choice":"Opened","damage_taken":0,"relics_obtained":["Regal Pillow"],"max_hp_gain":0,"max_hp_loss":0,"event_name":"The Mausoleum","floor":22,"gold_loss":0,"cards_obtained":["Writhe"]},{"damage_healed":0,"gold_gain":0,"player_choice":"Fight","damage_taken":0,"max_hp_gain":0,"max_hp_loss":0,"event_name":"Colosseum","floor":24,"gold_loss":0},{"damage_healed":0,"gold_gain":0,"player_choice":"Fought Nobs","damage_taken":0,"max_hp_gain":0,"max_hp_loss":0,"event_name":"Colosseum","floor":24,"gold_loss":0}],"is_beta":false,"boss_relics":[{"not_picked":["Astrolabe","Velvet Choker"],"picked":"Fusion Hammer"}],"items_purged_floors":[10,21],"is_endless":false,"potions_floor_spawned":[5,7,12,13,24,25,27],"killed_by":"Book of Stabbing","ascension_level":9}