{"gold_per_floor":[119,194,159,174,174,174,188,188,188,188,188,188,33,53,53,128,128,143,43,53,53],"floor_reached":21,"playtime":550,"items_purged":["Strike_R","Strike_R"],"score":317,"play_id":"281e10b5-937b-492f-8104-2aa6a20573a5","local_time":"20190706211405","is_ascension_mode":true,"campfire_choices":[{"data":"Bash","floor":6,"key":"SMITH"},{"data":"Inflame","floor":8,"key":"SMITH"},{"data":"Dropkick","floor":10,"key":"SMITH"},{"data":"Thunderclap","floor":12,"key":"SMITH"},{"floor":15,"key":"REST"}],"neow_cost":"NONE","seed_source_timestamp":16620995795899,"circlet_count":0,"master_deck":["AscendersBane","Strike_R","Strike_R","Strike_R+1","Defend_R","Defend_R+1","Defend_R","Defend_R","Bash+1","Inflame+1","Dropkick+1","Thunderclap+1","Shrug It Off","Pommel Strike","Shrug It Off","Limit Break","Whirlwind","Disarm"],"relics":["Burning Blood","Strawberry","Question Card","Eternal Feather"],"potions_floor_usage":[20],"damage_taken":[{"damage":9,"enemies":"Jaw Worm","floor":1,"turns":5},{"damage":12,"enemies":"Small Slimes","floor":4,"turns":3},{"damage":6,"enemies":"2 Louse","floor":7,"turns":3},{"damage":28,"enemies":"Large Slime","floor":14,"turns":5},{"damage":47,"enemies":"The Guardian","floor":16,"turns":13},{"damage":24,"enemies":"Spheric Guardian","floor":18,"turns":5},{"damage":39,"enemies":"Shell Parasite","floor":20,"turns":8},{"damage":24,"enemies":"Chosen and Byrds","floor":21,"turns":3}],"seed_played":"5882972815633925089","potions_obtained":[{"floor":4,"key":"Weak Potion"},{"floor":7,"key":"Ancient Potion"}],"is_trial":false,"path_per_floor":["M","?","?","M","?","R","M","R","T","R","?","R","$","M","R","B",null,"M","$","M","M"],"character_chosen":"IRONCLAD","items_purchased":["Shrug It Off","Pommel Strike"],"campfire_rested":1,"item_purchase_floors":[13,13],"current_hp_per_floor":[72,61,81,75,75,75,75,75,75,75,50,50,50,28,52,11,64,46,46,13,0],"gold":53,"neow_bonus":"RANDOM_COMMON_RELIC","is_prod":false,"is_daily":false,"chose_seed":false,"campfire_upgraded":4,"win_rate":0,"timestamp":1562462045,"path_taken":["M","?","?","M","?","R","M","R","T","R","?","R","$","M","R","BOSS","M","$","M","M"],"build_version":"2019-07-05","purchased_purges":2,"victory":false,"max_hp_per_floor":[82,82,82,82,82,82,82,82,82,82,82,82,82,82,82,82,82,82,82,82,82],"card_choices":[{"not_picked":["Wild Strike","Headbutt"],"picked":"Inflame","floor":1},{"not_picked":["Perfected Strike","Entrench"],"picked":"Dropkick","floor":4},{"not_picked":["Clothesline","Intimidate"],"picked":"Thunderclap","floor":7},{"not_picked":["Flex","Blood for Blood","Cleave"],"picked":"Shrug It Off","floor":14},{"not_picked":["Berserk","Exhume","Brutality"],"picked":"Limit Break","floor":16},{"not_picked":["Searing Blow","Havoc+1","Seeing Red"],"picked":"Whirlwind","floor":18},{"not_picked":["Warcry","Anger","Berserk"],"picked":"Disarm","floor":20}],"player_experience":424188,"relics_obtained":[{"floor":9,"key":"Question Card"}],"event_choices":[{"damage_healed":0,"gold_gain":75,"player_choice":"Gather Gold","damage_taken":11,"max_hp_gain":0,"max_hp_loss":0,"event_name":"World of Goop","floor":2,"gold_loss":0},{"damage_healed":20,"gold_gain":0,"player_choice":"Healed","damage_taken":0,"max_hp_gain":0,"max_hp_loss":0,"event_name":"The Cleric","floor":3,"gold_loss":35},{"damage_healed":0,"gold_gain":0,"player_choice":"Ignored","damage_taken":0,"max_hp_gain":0,"max_hp_loss":0,"event_name":"Golden Wing","floor":5,"gold_loss":0},{"damage_healed":0,"gold_gain":0,"player_choice":"Entered Light","damage_taken":25,"max_hp_gain":0,"max_hp_loss":0,"event_name":"Shining Light","floor":11,"gold_loss":0,"cards_upgraded":["Strike_R","Defend_R"]}],"is_beta":false,"boss_relics":[{"not_picked":["Runic Cube","Velvet Choker"],"picked":"Eternal Feather"}],"items_purged_floors":[13,19],"is_endless":false,"potions_floor_spawned":[4,7,16],"killed_by":"Chosen and Byrds","ascension_level":18}