{"gold_per_floor":[117,117,133,154,154,195,216,240,240,93,106,106,32,48,48,48],"floor_reached":16,"playtime":708,"items_purged":["Strike_R"],"score":156,"play_id":"7e013b4f-bc0b-4a56-84b9-ff1f11dccfed","local_time":"20190506213714","is_ascension_mode":true,"campfire_choices":[{"floor":15,"key":"REST"}],"neow_cost":"NONE","seed_source_timestamp":50072639357900,"circlet_count":0,"master_deck":["AscendersBane","Strike_R","Strike_R","Strike_R","Defend_R","Defend_R","Defend_R","Defend_R","Bash","Iron Wave","Shrug It Off","Pommel Strike","Whirlwind","Rampage","Rage"],"relics":["Burning Blood","Golden Idol","Pen Nib","Bottled Lightning"],"potions_floor_usage":[6,16],"damage_taken":[{"damage":6,"enemies":"Cultist","floor":1,"turns":4},{"damage":4,"enemies":"Jaw Worm","floor":3,"turns":4},{"damage":3,"enemies":"Small Slimes","floor":4,"turns":4},{"damage":19,"enemies":"3 Sentries","floor":6,"turns":7},{"damage":19,"enemies":"Blue Slaver","floor":7,"turns":5},{"damage":3,"enemies":"3 Louse","floor":8,"turns":6},{"damage":11,"enemies":"Exordium Thugs","floor":11,"turns":4},{"damage":17,"enemies":"Lots of Slimes","floor":14,"turns":4},{"damage":43,"enemies":"Hexaghost","floor":16,"turns":9}],"seed_played":"-351946363645543315","potions_obtained":[{"floor":3,"key":"SmokeBomb"},{"floor":4,"key":"PowerPotion"},{"floor":8,"key":"Weak Potion"}],"is_trial":false,"path_per_floor":["M","?","M","M","?","E","M","M","T","$","M","?","$","M","R","B"],"character_chosen":"IRONCLAD","items_purchased":["Whirlwind","Rampage"],"campfire_rested":1,"item_purchase_floors":[10,13],"current_hp_per_floor":[80,58,60,63,63,50,37,40,40,40,35,28,28,17,43,0],"gold":48,"neow_bonus":"TEN_PERCENT_HP_BONUS","is_prod":false,"is_daily":false,"chose_seed":false,"campfire_upgraded":0,"win_rate":0,"timestamp":1557193034,"path_taken":["M","?","M","M","?","E","M","M","T","$","M","?","?","M","R","BOSS"],"build_version":"2019-01-23","purchased_purges":1,"victory":false,"max_hp_per_floor":[88,88,88,88,88,88,88,88,88,88,88,88,88,88,88,88],"card_choices":[{"not_picked":["Cleave","True Grit"],"picked":"Iron Wave","floor":1},{"not_picked":["Pommel Strike","Clash"],"picked":"Shrug It Off","floor":3},{"not_picked":["Wild Strike","Clash","Thunderclap"],"picked":"SKIP","floor":4},{"not_picked":["Armaments","Clash","Second Wind"],"picked":"SKIP","floor":6},{"not_picked":["Fire Breathing","Metallicize","Dropkick"],"picked":"SKIP","floor":7},{"not_picked":["Thunderclap","Clash"],"picked":"Pommel Strike","floor":8},{"not_picked":["Flex","Dual Wield","Disarm"],"picked":"SKIP","floor":11},{"not_picked":["Bludgeon","Reckless Charge"],"picked":"Rage","floor":14}],"player_experience":212787,"relics_obtained":[{"floor":6,"key":"Pen Nib"},{"floor":9,"key":"Bottled Lightning"}],"event_choices":[{"damage_healed":0,"gold_gain":0,"player_choice":"Take Damage","damage_taken":22,"relics_obtained":["Golden Idol"],"max_hp_gain":0,"max_hp_loss":0,"event_name":"Golden Idol","floor":2,"gold_loss":0},{"damage_healed":0,"gold_gain":0,"player_choice":"Ignored","damage_taken":0,"max_hp_gain":0,"max_hp_loss":0,"event_name":"Liars Game","floor":5,"gold_loss":0},{"cards_removed":["Strike_R"],"damage_healed":0,"gold_gain":0,"player_choice":"Card Removal","damage_taken":7,"max_hp_gain":0,"max_hp_loss":0,"event_name":"Golden Wing","floor":12,"gold_loss":0}],"is_beta":false,"boss_relics":[],"items_purged_floors":[10],"is_endless":false,"potions_floor_spawned":[3,4,8],"killed_by":"Hexaghost","ascension_level":10}