{"gold_per_floor":[111,64,139,150,68,78,78,78,78,78,88,115,115,215,215,315,315,329,341,67,83,83,83,83,83,83,83,83,116,116,136,136,136],"floor_reached":33,"playtime":1278,"items_purged":["Defend_R"],"score":430,"play_id":"fe430ec4-b27c-4237-96a6-cb2e303f520e","local_time":"20190510002831","is_ascension_mode":true,"campfire_choices":[{"data":"Perfected Strike","floor":7,"key":"SMITH"},{"data":"Metallicize","floor":10,"key":"SMITH"},{"data":"Shrug It Off","floor":13,"key":"SMITH"},{"data":"Shrug It Off","floor":15,"key":"SMITH"},{"data":"True Grit","floor":24,"key":"SMITH"},{"data":"Double Tap","floor":27,"key":"SMITH"},{"floor":30,"key":"REST"},{"floor":32,"key":"REST"}],"neow_cost":"NONE","seed_source_timestamp":11602570858000,"circlet_count":0,"master_deck":["AscendersBane","Strike_R","Strike_R","Strike_R","Strike_R","Strike_R","Defend_R","Defend_R","Defend_R","Bash+1","Perfected Strike+1","Shrug It Off+1","Twin Strike","Metallicize+1","Headbutt","Shrug It Off+1","Double Tap+1","True Grit+1"],"relics":["Burning Blood","Pear","Velvet Choker","ClockworkSouvenir","Nloth\u0027s Gift","Art of War","Strawberry"],"potions_floor_usage":[18,21,33,33],"damage_taken":[{"damage":6,"enemies":"Cultist","floor":1,"turns":4},{"damage":0,"enemies":"Small Slimes","floor":4,"turns":4},{"damage":7,"enemies":"Jaw Worm","floor":6,"turns":4},{"damage":9,"enemies":"Red Slaver","floor":11,"turns":2},{"damage":19,"enemies":"Lagavulin","floor":12,"turns":6},{"damage":57,"enemies":"Slime Boss","floor":16,"turns":13},{"damage":14,"enemies":"3 Byrds","floor":18,"turns":6},{"damage":2,"enemies":"Spheric Guardian","floor":19,"turns":3},{"damage":23,"enemies":"Snake Plant","floor":21,"turns":4},{"damage":61,"enemies":"Book of Stabbing","floor":29,"turns":6},{"damage":17,"enemies":"Snecko","floor":31,"turns":5},{"damage":94,"enemies":"Automaton","floor":33,"turns":10}],"seed_played":"-2225638241027286679","potions_obtained":[{"floor":12,"key":"Swift Potion"},{"floor":16,"key":"Weak Potion"},{"floor":18,"key":"EssenceOfSteel"},{"floor":19,"key":"AttackPotion"},{"floor":21,"key":"Energy Potion"}],"is_trial":false,"path_per_floor":["M","$","?","M","$","M","R","?","T","R","M","E","R","?","R","B",null,"M","M","$","M","?","$","R","?","T","R","$","E","R","M","R","B"],"character_chosen":"IRONCLAD","items_purchased":["Shrug It Off","Metallicize","ClockworkSouvenir"],"campfire_rested":2,"item_purchase_floors":[2,5,20],"current_hp_per_floor":[80,80,69,75,75,74,74,74,84,84,81,68,68,68,68,17,78,70,74,74,57,89,89,89,89,89,89,89,41,72,61,92,0],"gold":136,"neow_bonus":"TEN_PERCENT_HP_BONUS","is_prod":false,"is_daily":false,"chose_seed":false,"campfire_upgraded":6,"win_rate":0,"timestamp":1557462511,"path_taken":["M","?","?","?","?","M","R","?","T","R","M","E","R","?","R","BOSS","M","M","$","?","?","$","R","?","T","R","$","E","R","?","R","BOSS"],"build_version":"2019-01-23","purchased_purges":1,"victory":false,"max_hp_per_floor":[88,88,88,88,88,88,88,88,98,98,98,98,98,98,98,98,98,98,98,98,98,98,98,98,98,98,98,98,105,105,105,105,105],"card_choices":[{"not_picked":["Warcry","Cleave"],"picked":"Perfected Strike","floor":1},{"not_picked":["True Grit","Spot Weakness"],"picked":"Twin Strike","floor":4},{"not_picked":["Fire Breathing","Reckless Charge"],"picked":"Headbutt","floor":6},{"not_picked":["Flex","Body Slam","Wild Strike"],"picked":"SKIP","floor":11},{"not_picked":["Burning Pact","Headbutt"],"picked":"Shrug It Off","floor":12},{"not_picked":["Brutality","Offering"],"picked":"Double Tap","floor":16},{"not_picked":["Rampage","Power Through","Clothesline"],"picked":"SKIP","floor":18},{"not_picked":["Rampage","Fire Breathing+1"],"picked":"True Grit","floor":19},{"not_picked":["Thunderclap","Armaments","Clash"],"picked":"SKIP","floor":21},{"not_picked":["Impervious","True Grit+1","Flex"],"picked":"SKIP","floor":29},{"not_picked":["Anger","Cleave+1","Body Slam"],"picked":"SKIP","floor":31}],"player_experience":230919,"relics_obtained":[{"floor":9,"key":"Pear"},{"floor":12,"key":"Boot"},{"floor":26,"key":"Art of War"},{"floor":29,"key":"Strawberry"}],"event_choices":[{"damage_healed":0,"gold_gain":75,"player_choice":"Gather Gold","damage_taken":11,"max_hp_gain":0,"max_hp_loss":0,"event_name":"World of Goop","floor":3,"gold_loss":0},{"damage_healed":0,"gold_gain":0,"player_choice":"Grow","damage_taken":0,"max_hp_gain":0,"max_hp_loss":0,"event_name":"Living Wall","floor":8,"gold_loss":0,"cards_upgraded":["Bash"]},{"damage_healed":0,"gold_gain":100,"player_choice":"Pray","damage_taken":0,"max_hp_gain":0,"max_hp_loss":0,"event_name":"Golden Shrine","floor":14,"gold_loss":0},{"damage_healed":32,"gold_gain":0,"player_choice":"Heal","damage_taken":0,"max_hp_gain":0,"max_hp_loss":0,"event_name":"The Library","floor":22,"gold_loss":0},{"damage_healed":0,"gold_gain":0,"player_choice":"Traded Relic","damage_taken":0,"relics_obtained":["Nloth\u0027s Gift"],"max_hp_gain":0,"max_hp_loss":0,"event_name":"N\u0027loth","floor":25,"relics_lost":["Boot"],"gold_loss":0}],"is_beta":false,"boss_relics":[{"not_picked":["Runic Pyramid","White Beast Statue"],"picked":"Velvet Choker"}],"items_purged_floors":[20],"is_endless":false,"potions_floor_spawned":[12,16,18,19,21],"killed_by":"Automaton","ascension_level":11}