{"gold_per_floor":[110,125,125,80,92,92,118,129,129,145,145],"floor_reached":11,"playtime":315,"items_purged":[],"score":128,"play_id":"3dfd4866-b131-42ee-bde5-ba209656363a","local_time":"20190601230836","is_ascension_mode":true,"campfire_choices":[{"data":"Bash","floor":6,"key":"SMITH"}],"neow_cost":"NONE","seed_source_timestamp":140324246900,"circlet_count":0,"master_deck":["AscendersBane","Strike_R","Strike_R","Strike_R","Strike_R","Defend_R","Defend_R","Defend_R","Defend_R","Bash+1","Demon Form","Perfected Strike","True Grit","Perfected Strike","Power Through","Pommel Strike","Iron Wave","Uppercut"],"relics":["Burning Blood","Meat on the Bone","Question Card"],"potions_floor_usage":[7],"damage_taken":[{"damage":1,"enemies":"Cultist","floor":1,"turns":4},{"damage":5,"enemies":"2 Louse","floor":2,"turns":3},{"damage":3,"enemies":"Small Slimes","floor":5,"turns":4},{"damage":65,"enemies":"Gremlin Nob","floor":7,"turns":6},{"damage":9,"enemies":"Exordium Wildlife","floor":8,"turns":5},{"damage":11,"enemies":"Exordium Thugs","floor":10,"turns":4},{"damage":30,"enemies":"Lots of Slimes","floor":11,"turns":5}],"seed_played":"-5672340021430826384","potions_obtained":[{"floor":1,"key":"EssenceOfSteel"},{"floor":8,"key":"Weak Potion"}],"is_trial":false,"path_per_floor":["M","M","?","$","M","R","E","M","T","M","M"],"character_chosen":"IRONCLAD","items_purchased":["Perfected Strike"],"campfire_rested":0,"item_purchase_floors":[4],"current_hp_per_floor":[73,74,67,67,70,70,11,20,20,27,0],"gold":145,"neow_bonus":"ONE_RANDOM_RARE_CARD","is_prod":false,"is_daily":false,"chose_seed":false,"campfire_upgraded":1,"win_rate":0,"timestamp":1559444916,"path_taken":["M","?","?","$","M","R","E","M","T","M","M"],"build_version":"2019-01-23","purchased_purges":0,"victory":false,"max_hp_per_floor":[75,75,75,75,75,75,75,75,75,75,75],"card_choices":[{"not_picked":["Body Slam","Metallicize"],"picked":"Perfected Strike","floor":1},{"not_picked":["Uppercut","Pommel Strike"],"picked":"True Grit","floor":2},{"not_picked":["Whirlwind","Sever Soul"],"picked":"Power Through","floor":5},{"not_picked":["Double Tap","Sword Boomerang"],"picked":"Pommel Strike","floor":7},{"not_picked":["Fire Breathing","Shockwave"],"picked":"Iron Wave","floor":8},{"not_picked":["Shockwave","Sever Soul","Perfected Strike"],"picked":"Uppercut","floor":10}],"player_experience":373187,"relics_obtained":[{"floor":7,"key":"Meat on the Bone"},{"floor":9,"key":"Question Card"}],"event_choices":[{"cards_removed":["Strike_R"],"damage_healed":0,"gold_gain":0,"player_choice":"Card Removal","damage_taken":7,"max_hp_gain":0,"max_hp_loss":0,"event_name":"Golden Wing","floor":3,"gold_loss":0}],"is_beta":false,"boss_relics":[],"items_purged_floors":[],"is_endless":false,"potions_floor_spawned":[1,8],"killed_by":"Lots of Slimes","ascension_level":14}