{"gold_per_floor":[114,39,54,54,73,73,111,111,111,149,149,149,149,149,149,274,274,293,43,62,0,19,19,38,38,38,38,38,68,83,34,34,134,134,149,164,164,179,179,179,179,209,234,37,137,167,182,182],"floor_reached":48,"playtime":1958,"items_purged":["Clash","Injury","Shame"],"score":614,"play_id":"59fab387-ae80-4237-8200-76527aa28628","local_time":"20190412163039","daily_mods":["Insanity","Red Cards","Elite Swarm"],"is_ascension_mode":false,"campfire_choices":[{"data":"Defragment","floor":6,"key":"SMITH"},{"data":"Flame Barrier","floor":8,"key":"SMITH"},{"data":"White Noise","floor":11,"key":"SMITH"},{"data":"Stack","floor":13,"key":"SMITH"},{"floor":15,"key":"REST"},{"data":"Defragment","floor":23,"key":"SMITH"},{"floor":25,"key":"REST"},{"data":"Stack","floor":27,"key":"SMITH"},{"floor":32,"key":"REST"},{"data":"Searing Blow+1","floor":40,"key":"SMITH"}],"neow_cost":"","seed_source_timestamp":10277537007800,"circlet_count":0,"master_deck":["Ball Lightning+1","Sword Boomerang+1","Heavy Blade+1","Self Repair+1","Heavy Blade+1","Heatsinks+1","Defragment+1","Clothesline+1","Darkness+1","Shrug It Off+1","Turbo+1","Tempest+1","Anger+1","Sword Boomerang+1","Iron Wave+1","Clothesline+1","Searing Blow+2","Capacitor+1","Flame Barrier+1","Coolheaded+1","White Noise+1","Twin Strike+1","Go for the Eyes+1","Streamline+1","Clothesline+1","Cleave+1","Streamline+1","Stack+1","Cleave+1","Uppercut+1","Coolheaded+1","Steam+1","True Grit+1","Wild Strike+1","Stack+1","Blood for Blood+1","Sword Boomerang+1","Pommel Strike+1","Rage+1","Feel No Pain+1","Warcry+1","Pommel Strike+1","Scrape+1","Barrage+1","Disarm+1","Twin Strike+1","Skim+1","Clothesline+1","Beam Cell+1","Leap+1","Stack+1","Immolate+1","Electrodynamics+1","Echo Form+1","Go for the Eyes+1","Defragment+1","Writhe","Machine Learning+1","Cleave+1","Leap+1","Steam+1","Metallicize+1","Enlightenment","Leap","Shrug It Off","Meteor Strike","Hologram+1"],"special_seed":17998,"relics":["Cracked Core","Bloody Idol","Question Card","Singing Bowl","Lantern","Cursed Key","DataDisk","Cables","PreservedInsect","Coffee Dripper","Mark of the Bloom","Sundial","Potion Belt","Oddly Smooth Stone"],"potions_floor_usage":[20,22,33,33,33,36,42,47],"damage_taken":[{"damage":0,"enemies":"Jaw Worm","floor":1,"turns":2},{"damage":0,"enemies":"Small Slimes","floor":3,"turns":2},{"damage":0,"enemies":"2 Louse","floor":5,"turns":2},{"damage":3,"enemies":"Lagavulin","floor":7,"turns":7},{"damage":37,"enemies":"3 Sentries","floor":10,"turns":5},{"damage":11,"enemies":"Slime Boss","floor":16,"turns":8},{"damage":0,"enemies":"Spheric Guardian","floor":18,"turns":3},{"damage":13,"enemies":"3 Byrds","floor":20,"turns":2},{"damage":28,"enemies":"Snake Plant","floor":22,"turns":4},{"damage":21,"enemies":"Snecko","floor":24,"turns":5},{"damage":21,"enemies":"Book of Stabbing","floor":29,"turns":4},{"damage":15,"enemies":"Shelled Parasite and Fungi","floor":30,"turns":3},{"damage":37,"enemies":"Collector","floor":33,"turns":7},{"damage":30,"enemies":"3 Shapes","floor":35,"turns":3},{"damage":11,"enemies":"3 Darklings","floor":36,"turns":5},{"damage":13,"enemies":"Spire Growth","floor":38,"turns":4},{"damage":9,"enemies":"Giant Head","floor":42,"turns":5},{"damage":37,"enemies":"Reptomancer","floor":46,"turns":5},{"damage":0,"enemies":"Transient","floor":47,"turns":5},{"damage":10,"enemies":"Sphere and 2 Shapes","floor":48,"turns":2}],"seed_played":"7783280218717275473","potions_obtained":[{"floor":7,"key":"LiquidBronze"},{"floor":10,"key":"LiquidBronze"},{"floor":22,"key":"SteroidPotion"},{"floor":24,"key":"Strength Potion"},{"floor":29,"key":"Swift Potion"},{"floor":33,"key":"Regen Potion"},{"floor":35,"key":"Swift Potion"},{"floor":36,"key":"FearPotion"},{"floor":42,"key":"Energy Potion"},{"floor":47,"key":"Fire Potion"}],"is_trial":false,"path_per_floor":["M","$","M","?","M","R","E","R","T","E","R","?","R","?","R","B",null,"M","$","M","?","M","R","M","R","T","R","?","E","M","$","R","B",null,"M","M","?","M","?","R","?","E","T","$","?","E","M","M"],"character_chosen":"DEFECT","items_purchased":["DataDisk","Leap","Leap","Shrug It Off"],"campfire_rested":3,"item_purchase_floors":[19,31,44,44],"current_hp_per_floor":[75,75,75,75,75,75,75,75,75,45,45,50,50,50,74,63,80,80,80,69,69,48,48,29,54,54,54,54,38,28,28,53,23,86,61,62,62,49,49,49,49,40,40,40,40,3,3,0],"gold":182,"neow_bonus":"","is_prod":false,"is_daily":true,"chose_seed":false,"campfire_upgraded":7,"win_rate":0,"timestamp":1555101039,"path_taken":["M","$","M","?","M","R","E","R","T","E","R","?","R","?","R","BOSS","M","$","M","?","M","R","M","R","T","R","?","E","M","$","R","BOSS","M","M","?","M","?","R","?","E","T","$","?","E","?","M"],"build_version":"2019-01-23","purchased_purges":3,"victory":false,"max_hp_per_floor":[75,75,75,75,75,75,75,75,75,75,75,80,80,80,80,80,80,80,80,82,82,82,82,84,84,84,84,84,84,84,84,84,86,86,86,86,86,88,88,88,88,90,90,90,90,90,90,90],"card_choices":[{"not_picked":["Chill","Thunderclap"],"picked":"Beam Cell","floor":1},{"not_picked":["Havoc","Thunderclap"],"picked":"Leap","floor":3},{"not_picked":["Leap","Rage"],"picked":"Stack","floor":5},{"not_picked":["Bludgeon","Biased Cognition"],"picked":"Immolate","floor":7},{"not_picked":["Exhume","Fiend Fire","Juggernaut"],"picked":"Electrodynamics","floor":10},{"not_picked":["Feed","Fiend Fire","Thunder Strike"],"picked":"Echo Form","floor":16},{"not_picked":["Sever Soul+1","Havoc","Body Slam"],"picked":"Go for the Eyes","floor":18},{"not_picked":["Cold Snap","Aggregate","Thunderclap","Recycle+1"],"picked":"Singing Bowl","floor":20},{"not_picked":["Havoc","Entrench+1","Body Slam+1"],"picked":"Defragment","floor":22},{"not_picked":["Pummel","Multi-Cast","Loop","Body Slam"],"picked":"Singing Bowl","floor":24},{"not_picked":["Demon Form","Bludgeon","Feed"],"picked":"Machine Learning","floor":29},{"not_picked":["Clash","Feel No Pain+1","Coolheaded"],"picked":"Cleave+1","floor":30},{"not_picked":["Reboot","Multi-Cast","All For One","Berserk"],"picked":"Singing Bowl","floor":33},{"not_picked":["Dropkick+1","Gash+1","Bloodletting+1"],"picked":"Steam+1","floor":35},{"not_picked":["Feel No Pain","Clash+1","Compile Driver"],"picked":"Metallicize+1","floor":36},{"not_picked":["Searing Blow+1","Warcry+1","Clothesline+1","Perfected Strike"],"picked":"Singing Bowl","floor":38},{"not_picked":["Madness","Chrysalis","Jack Of All Trades"],"picked":"Enlightenment","floor":39},{"not_picked":["Amplify","Thunder Strike","Brutality","Feed"],"picked":"Singing Bowl","floor":42},{"not_picked":["Limit Break","All For One","Electrodynamics"],"picked":"Meteor Strike","floor":46},{"not_picked":["Clash+1","Heatsinks","Heavy Blade"],"picked":"Hologram+1","floor":47}],"player_experience":118034,"relics_obtained":[{"floor":7,"key":"Question Card"},{"floor":9,"key":"Singing Bowl"},{"floor":10,"key":"Lantern"},{"floor":26,"key":"Cables"},{"floor":29,"key":"PreservedInsect"},{"floor":42,"key":"Sundial"},{"floor":43,"key":"Potion Belt"},{"floor":46,"key":"Oddly Smooth Stone"}],"event_choices":[{"damage_healed":0,"gold_gain":0,"player_choice":"Take Wound","damage_taken":0,"relics_obtained":["Golden Idol"],"max_hp_gain":0,"max_hp_loss":0,"event_name":"Golden Idol","floor":4,"gold_loss":0,"cards_obtained":["Injury"]},{"damage_healed":0,"gold_gain":0,"player_choice":"Donut","damage_taken":0,"max_hp_gain":5,"max_hp_loss":0,"event_name":"Big Fish","floor":12,"gold_loss":0},{"damage_healed":0,"gold_gain":0,"player_choice":"Grow","damage_taken":0,"max_hp_gain":0,"max_hp_loss":0,"event_name":"Living Wall","floor":14,"gold_loss":0,"cards_upgraded":["Clothesline"]},{"damage_healed":0,"gold_gain":0,"player_choice":"Paid Fearfully","damage_taken":0,"max_hp_gain":0,"max_hp_loss":0,"event_name":"Masked Bandits","floor":21,"gold_loss":62},{"damage_healed":0,"gold_gain":0,"player_choice":"Gave Idol","damage_taken":0,"relics_obtained":["Bloody Idol"],"max_hp_gain":0,"max_hp_loss":0,"event_name":"Forgotten Altar","floor":28,"relics_lost":["Golden Idol"],"gold_loss":0},{"damage_healed":0,"gold_gain":0,"player_choice":"Upgrade","damage_taken":0,"relics_obtained":["Mark of the Bloom"],"max_hp_gain":0,"max_hp_loss":0,"event_name":"MindBloom","floor":37,"gold_loss":0,"cards_upgraded":["Ball Lightning","Sword Boomerang","Perfected Strike","Heavy Blade","Self Repair","Heavy Blade","Heatsinks","Darkness","Shrug It Off","Turbo","Tempest","Anger","Sword Boomerang","Iron Wave","Clothesline","Searing Blow","Capacitor","Coolheaded","Twin Strike","Go for the Eyes","Streamline","Clothesline","Cleave","Streamline","Stack","Cleave","Uppercut","Coolheaded","Steam","True Grit","Wild Strike","Blood for Blood","Sword Boomerang","Pommel Strike","Rage","Feel No Pain","Warcry","Pommel Strike","Scrape","Barrage","Disarm","Twin Strike","Skim","Clothesline","Beam Cell","Leap","Immolate","Electrodynamics","Echo Form","Go for the Eyes","Machine Learning","Leap"]},{"damage_healed":0,"gold_gain":0,"player_choice":"Memory 1","damage_taken":0,"max_hp_gain":0,"max_hp_loss":0,"event_name":"SensoryStone","floor":39,"gold_loss":0},{"cards_removed":["Perfected Strike"],"damage_healed":0,"gold_gain":0,"player_choice":"Removed Attack","damage_taken":0,"max_hp_gain":0,"max_hp_loss":0,"event_name":"Falling","floor":41,"gold_loss":0},{"damage_healed":0,"gold_gain":100,"player_choice":"Pray","damage_taken":0,"max_hp_gain":0,"max_hp_loss":0,"event_name":"Golden Shrine","floor":45,"gold_loss":0}],"is_beta":false,"boss_relics":[{"not_picked":["Tiny House","Runic Pyramid"],"picked":"Cursed Key"},{"not_picked":["Velvet Choker","Orrery"],"picked":"Coffee Dripper"}],"items_purged_floors":[2,19,44],"is_endless":false,"potions_floor_spawned":[7,10,22,24,29,33,35,36,42,47],"killed_by":"Sphere and 2 Shapes","ascension_level":0}