{"gold_per_floor":[114,264,336,336,91,124,140,158,158,191,206,206,225,10,10,10],"floor_reached":16,"playtime":401,"items_purged":["Doubt"],"score":257,"play_id":"ed0b33c9-56b0-4f84-8db4-84d8a9ff7831","local_time":"20190802190353","is_ascension_mode":true,"campfire_choices":[{"data":"Bash","floor":12,"key":"SMITH"},{"floor":15,"key":"REST"}],"neow_cost":"NONE","seed_source_timestamp":8491595011400,"circlet_count":0,"master_deck":["AscendersBane","Strike_R+1","Strike_R","Strike_R","Strike_R","Strike_R","Defend_R","Defend_R","Defend_R+1","Defend_R","Bash+1","Clothesline","Iron Wave","Armaments","Thunderclap","Armaments","Sword Boomerang","Shrug It Off","Twin Strike","Iron Wave"],"relics":["Burning Blood","NeowsBlessing","Ginger","Self Forming Clay","Singing Bowl","ClockworkSouvenir"],"potions_floor_usage":[11,16],"damage_taken":[{"damage":0,"enemies":"Small Slimes","floor":1,"turns":1},{"damage":0,"enemies":"Lagavulin","floor":6,"turns":1},{"damage":0,"enemies":"2 Louse","floor":7,"turns":1},{"damage":16,"enemies":"Jaw Worm","floor":8,"turns":5},{"damage":41,"enemies":"3 Sentries","floor":10,"turns":13},{"damage":0,"enemies":"Exordium Thugs","floor":11,"turns":4},{"damage":11,"enemies":"Large Slime","floor":13,"turns":6},{"damage":46,"enemies":"Slime Boss","floor":16,"turns":6}],"seed_played":"5727104460673832635","potions_obtained":[{"floor":10,"key":"AttackPotion"},{"floor":11,"key":"SneckoOil"},{"floor":13,"key":"Ancient Potion"}],"is_trial":false,"path_per_floor":["M","?","?","?","$","E","M","M","T","E","M","R","M","$","R","B"],"character_chosen":"IRONCLAD","items_purchased":["Iron Wave","Armaments","Thunderclap","ClockworkSouvenir"],"campfire_rested":1,"item_purchase_floors":[5,5,5,14],"current_hp_per_floor":[74,74,74,51,51,57,63,53,53,20,26,26,21,21,44,0],"gold":10,"neow_bonus":"THREE_ENEMY_KILL","is_prod":false,"is_daily":false,"chose_seed":false,"campfire_upgraded":1,"win_rate":0,"timestamp":1564787033,"path_taken":["M","?","?","?","?","E","M","M","T","E","M","R","M","$","R","BOSS"],"build_version":"2019-07-17","purchased_purges":1,"victory":false,"max_hp_per_floor":[75,75,75,75,75,75,75,75,75,77,77,77,77,77,77,77],"card_choices":[{"not_picked":["Sword Boomerang","Pommel Strike"],"picked":"Clothesline","floor":1},{"not_picked":["Intimidate","Havoc"],"picked":"Armaments","floor":6},{"not_picked":["Iron Wave","Reckless Charge"],"picked":"Sword Boomerang","floor":7},{"not_picked":["Intimidate","True Grit"],"picked":"Shrug It Off","floor":8},{"not_picked":["Wild Strike","Barricade","Clash"],"picked":"Singing Bowl","floor":10},{"not_picked":["Warcry","Pummel"],"picked":"Twin Strike","floor":11},{"not_picked":["Dual Wield","Corruption"],"picked":"Iron Wave","floor":13}],"player_experience":450400,"relics_obtained":[{"floor":6,"key":"Ginger"},{"floor":9,"key":"Self Forming Clay"},{"floor":10,"key":"Singing Bowl"}],"event_choices":[{"damage_healed":0,"gold_gain":150,"player_choice":"AGREE","damage_taken":0,"max_hp_gain":0,"max_hp_loss":0,"event_name":"Liars Game","floor":2,"gold_loss":0,"cards_obtained":["Doubt"]},{"damage_healed":0,"gold_gain":72,"player_choice":"Gained Gold","damage_taken":0,"max_hp_gain":0,"max_hp_loss":0,"event_name":"Golden Wing","floor":3,"gold_loss":0},{"damage_healed":0,"gold_gain":0,"player_choice":"Entered Light","damage_taken":23,"max_hp_gain":0,"max_hp_loss":0,"event_name":"Shining Light","floor":4,"gold_loss":0,"cards_upgraded":["Strike_R","Defend_R"]}],"is_beta":false,"boss_relics":[],"items_purged_floors":[5],"is_endless":false,"potions_floor_spawned":[10,11,13],"killed_by":"Slime Boss","ascension_level":18}