{"gold_per_floor":[215,165,165,114,128,128,145,171,171,171,188,32,50,70,70,173,173,189,189,209,228,128,128,3,3,50,50,63,77,77],"floor_reached":30,"playtime":1798,"items_purged":["Strike_B","Strike_B","Strike_B"],"score":302,"play_id":"87007978-6f29-4061-92ea-a7ff044c5ece","local_time":"20190806195057","is_ascension_mode":true,"campfire_choices":[{"data":"Zap","floor":6.0,"key":"SMITH"},{"data":"Dualcast","floor":10.0,"key":"SMITH"},{"floor":15.0,"key":"REST"},{"floor":23,"key":"REST"},{"data":"Steam","floor":25,"key":"SMITH"},{"floor":27,"key":"REST"}],"neow_cost":"NONE","seed_source_timestamp":29724120968000,"circlet_count":0,"master_deck":["Defend_B","Defend_B","Defend_B","Defend_B","Zap+1","Dualcast+1","Redo+1","Chill","Tempest","Skim","Impatience","Scrape","Steam+1","Consume+1","Go for the Eyes","Auto Shields"],"special_seed":0,"relics":["FrozenCore","Boot","Turnip","Nloth\u0027s Gift","Smiling Mask"],"potions_floor_usage":[18],"damage_taken":[{"damage":4.0,"enemies":"Jaw Worm","floor":1.0,"turns":3.0},{"damage":0.0,"enemies":"Small Slimes","floor":5.0,"turns":2.0},{"damage":0.0,"enemies":"Cultist","floor":7.0,"turns":2.0},{"damage":9.0,"enemies":"3 Sentries","floor":8.0,"turns":11.0},{"damage":0.0,"enemies":"Blue Slaver","floor":11.0,"turns":3.0},{"damage":10.0,"enemies":"Gremlin Gang","floor":13.0,"turns":6.0},{"damage":0.0,"enemies":"3 Louse","floor":14.0,"turns":3.0},{"damage":46.0,"enemies":"The Guardian","floor":16.0,"turns":9.0},{"damage":11,"enemies":"Shell Parasite","floor":18,"turns":5},{"damage":10,"enemies":"Spheric Guardian","floor":20,"turns":4},{"damage":26,"enemies":"Snecko","floor":21,"turns":8},{"damage":25,"enemies":"Sentry and Sphere","floor":28,"turns":6},{"damage":5,"enemies":"Chosen and Byrds","floor":29,"turns":6},{"damage":34,"enemies":"Gremlin Leader","floor":30,"turns":5}],"seed_played":"-8176168554955962098","potions_obtained":[{"floor":7.0,"key":"AttackPotion"},{"floor":11.0,"key":"SpeedPotion"},{"floor":13.0,"key":"EssenceOfSteel"},{"floor":28,"key":"SkillPotion"}],"is_trial":false,"path_per_floor":["M","?","?","?","M","R","M","E","T","R","M","$","M","M","R","B",null,"M","?","M","M","$","R","$","R","T","R","M","M","E"],"character_chosen":"DEFECT","items_purchased":["Impatience"],"campfire_rested":3,"item_purchase_floors":[12],"current_hp_per_floor":[64,64,64,64,64,64,64,55,55,55,55,55,45,45,67,21,62,51,51,41,15,15,37,37,37,37,59,34,29,0],"gold":77,"neow_bonus":"HUNDRED_GOLD","is_prod":false,"is_daily":false,"chose_seed":false,"campfire_upgraded":3,"win_rate":0,"timestamp":1565146257,"path_taken":["M","?","?","?","M","R","M","E","T","R","M","$","?","M","R","BOSS","M","?","M","M","$","R","$","R","T","R","M","?","E"],"build_version":"2019-07-17","purchased_purges":3,"victory":false,"max_hp_per_floor":[75,75,75,75,75,75,75,75,75,75,75,75,75,75,75,75,75,75,75,75,75,75,75,75,75,75,75,75,75,75],"card_choices":[{"not_picked":["Leap","Hologram"],"picked":"Redo","floor":1.0},{"not_picked":["Beam Cell","Hologram"],"picked":"Chill","floor":5.0},{"not_picked":["Recycle","Lockon","Conserve Battery"],"picked":"SKIP","floor":7.0},{"not_picked":["BootSequence","Chaos"],"picked":"Tempest","floor":8.0},{"not_picked":["Turbo","Compile Driver"],"picked":"Skim","floor":11.0},{"not_picked":["Multi-Cast","Cold Snap","Streamline"],"picked":"SKIP","floor":13.0},{"not_picked":["Reinforced Body","Redo"],"picked":"Scrape","floor":14.0},{"not_picked":["Ball Lightning","Leap"],"picked":"Steam","floor":18},{"not_picked":["Barrage","Cold Snap"],"picked":"Consume+1","floor":20},{"not_picked":["Blizzard","Undo"],"picked":"Go for the Eyes","floor":21},{"not_picked":["Leap","Compile Driver+1","Genetic Algorithm"],"picked":"SKIP","floor":28},{"not_picked":["Blizzard","Machine Learning"],"picked":"Auto Shields","floor":29}],"player_experience":222029,"relics_obtained":[{"floor":8.0,"key":"Boot"},{"floor":9.0,"key":"Turnip"},{"floor":26,"key":"Smiling Mask"}],"event_choices":[{"cards_removed":["Strike_B"],"damage_healed":0.0,"max_hp_gain":0.0,"max_hp_loss":0.0,"gold_gain":0.0,"event_name":"The Cleric","player_choice":"Card Removal","floor":2.0,"gold_loss":50.0,"damage_taken":0.0},{"damage_healed":0.0,"max_hp_gain":0.0,"max_hp_loss":0.0,"gold_gain":0.0,"event_name":"Living Wall","player_choice":"Grow","floor":3.0,"gold_loss":0.0,"damage_taken":0.0,"cards_upgraded":["Redo"]},{"damage_healed":0.0,"max_hp_gain":0.0,"max_hp_loss":0.0,"gold_gain":0.0,"event_name":"WeMeetAgain","player_choice":"Paid Gold","floor":4.0,"gold_loss":51.0,"damage_taken":0.0,"relics_obtained":["Girya"]},{"damage_healed":0,"gold_gain":0,"player_choice":"Traded Relic","damage_taken":0,"relics_obtained":["Nloth\u0027s Gift"],"max_hp_gain":0,"max_hp_loss":0,"event_name":"N\u0027loth","floor":19,"relics_lost":["Girya"],"gold_loss":0}],"is_beta":false,"boss_relics":[{"not_picked":["Orrery","Calling Bell"],"picked":"FrozenCore"}],"items_purged_floors":[12,22,24],"is_endless":false,"potions_floor_spawned":[7,11,13,16,28],"killed_by":"Gremlin Leader","ascension_level":6}