{"gold_per_floor":[119,67,67,67,83,114,114,114,138,148,162,181,27,55,55,55],"floor_reached":16,"playtime":440,"items_purged":[],"score":209,"play_id":"dcae0fd0-fd24-4255-adf6-2576a6b66cf9","local_time":"20190515212803","is_ascension_mode":true,"campfire_choices":[{"data":"Whirlwind","floor":7,"key":"SMITH"},{"data":"Clothesline","floor":15,"key":"SMITH"}],"neow_cost":"NONE","seed_source_timestamp":16575205249100,"circlet_count":0,"master_deck":["AscendersBane","Strike_R","Strike_R","Strike_R","Strike_R","Strike_R","Defend_R","Defend_R","Defend_R+1","Defend_R+1","Bash","Whirlwind+1","Clothesline+1","Pommel Strike","Evolve","Perfected Strike","Rage","Perfected Strike"],"relics":["Burning Blood","NeowsBlessing","War Paint","Strawberry","Regal Pillow","Letter Opener"],"potions_floor_usage":[11,14],"damage_taken":[{"damage":0,"enemies":"Cultist","floor":1,"turns":1},{"damage":0,"enemies":"2 Louse","floor":5,"turns":1},{"damage":0,"enemies":"Lagavulin","floor":6,"turns":1},{"damage":7,"enemies":"Jaw Worm","floor":10,"turns":3},{"damage":5,"enemies":"Exordium Wildlife","floor":11,"turns":4},{"damage":0,"enemies":"2 Fungi Beasts","floor":12,"turns":3},{"damage":8,"enemies":"Gremlin Nob","floor":14,"turns":3},{"damage":92,"enemies":"Hexaghost","floor":16,"turns":10}],"seed_played":"373207235483694338","potions_obtained":[{"floor":6,"key":"BloodPotion"},{"floor":10,"key":"Poison Potion"},{"floor":11,"key":"Poison Potion"}],"is_trial":false,"path_per_floor":["M","$","?","$","M","E","R","?","T","M","M","M","$","E","R","B"],"character_chosen":"IRONCLAD","items_purchased":["Clothesline","Regal Pillow"],"campfire_rested":0,"item_purchase_floors":[2,13],"current_hp_per_floor":[78,78,83,83,85,85,85,85,92,91,92,92,92,90,90,0],"gold":55,"neow_bonus":"THREE_ENEMY_KILL","is_prod":false,"is_daily":false,"chose_seed":false,"campfire_upgraded":2,"win_rate":0,"timestamp":1557970083,"path_taken":["M","?","?","$","M","E","R","?","T","M","?","M","$","E","R","BOSS"],"build_version":"2019-01-23","purchased_purges":0,"victory":false,"max_hp_per_floor":[80,80,85,85,85,85,85,85,92,92,92,92,92,92,92,92],"card_choices":[{"not_picked":["Flex","Spot Weakness"],"picked":"Whirlwind","floor":1},{"not_picked":["Corruption","Armaments"],"picked":"Pommel Strike","floor":5},{"not_picked":["Headbutt","Anger"],"picked":"Evolve","floor":6},{"not_picked":["Iron Wave","Intimidate"],"picked":"Perfected Strike","floor":10},{"not_picked":["Havoc","Warcry"],"picked":"Rage","floor":11},{"not_picked":["Reckless Charge","Bloodletting"],"picked":"Perfected Strike","floor":12},{"not_picked":["Rage","Impervious","Blood for Blood"],"picked":"SKIP","floor":14}],"player_experience":286148,"relics_obtained":[{"floor":6,"key":"War Paint"},{"floor":9,"key":"Strawberry"},{"floor":14,"key":"Letter Opener"}],"event_choices":[{"damage_healed":0,"gold_gain":0,"player_choice":"Donut","damage_taken":0,"max_hp_gain":5,"max_hp_loss":0,"event_name":"Big Fish","floor":3,"gold_loss":0},{"damage_healed":0,"gold_gain":0,"player_choice":"Bought 0 Potions","damage_taken":0,"max_hp_gain":0,"max_hp_loss":0,"event_name":"The Woman in Blue","floor":8,"gold_loss":0}],"is_beta":false,"boss_relics":[],"items_purged_floors":[],"is_endless":false,"potions_floor_spawned":[6,10,11],"killed_by":"Hexaghost","ascension_level":11}