{"gold_per_floor":[117,49,59,74,74,74,105,122,175,275,293,307,340,350,350,429,429,443,459,190,190,205,205,205],"floor_reached":24,"playtime":873,"items_purged":[],"score":357,"play_id":"267777f6-b320-434e-be44-37bfa85597ff","local_time":"20190607195854","is_ascension_mode":true,"campfire_choices":[{"data":"Bash","floor":6,"key":"SMITH"},{"data":"Hemokinesis","floor":15,"key":"SMITH"},{"floor":23,"key":"REST"}],"neow_cost":"NONE","seed_source_timestamp":11183546959600,"circlet_count":0,"master_deck":["AscendersBane","Strike_R","Strike_R","Strike_R","Strike_R","Strike_R","Defend_R","Defend_R","Defend_R","Defend_R","Bash+1","Reaper","Sword Boomerang","Flame Barrier","Hemokinesis+1","Whirlwind","Cleave","Iron Wave","Pommel Strike","Rage","Ghostly Armor","Perfected Strike","Iron Wave+1","Armaments","Rampage","True Grit"],"relics":["Burning Blood","Pantograph","Strawberry","Potion Belt","Sozu","Pen Nib"],"potions_floor_usage":[13,16,24],"damage_taken":[{"damage":14,"enemies":"Jaw Worm","floor":1,"turns":6},{"damage":11,"enemies":"Cultist","floor":3,"turns":4},{"damage":3,"enemies":"2 Louse","floor":4,"turns":3},{"damage":51,"enemies":"Gremlin Nob","floor":7,"turns":5},{"damage":16,"enemies":"Exordium Wildlife","floor":8,"turns":5},{"damage":9,"enemies":"3 Louse","floor":11,"turns":3},{"damage":6,"enemies":"Looter","floor":12,"turns":3},{"damage":33,"enemies":"3 Sentries","floor":13,"turns":9},{"damage":9,"enemies":"Gremlin Gang","floor":14,"turns":5},{"damage":41,"enemies":"Slime Boss","floor":16,"turns":11},{"damage":10,"enemies":"Spheric Guardian","floor":18,"turns":4},{"damage":4,"enemies":"3 Byrds","floor":19,"turns":5},{"damage":39,"enemies":"Colosseum Slavers","floor":21,"turns":6},{"damage":50,"enemies":"Snake Plant","floor":22,"turns":6},{"damage":71,"enemies":"Gremlin Leader","floor":24,"turns":5}],"seed_played":"7770489407917834147","potions_obtained":[{"floor":7,"key":"FearPotion"},{"floor":8,"key":"FairyPotion"},{"floor":12,"key":"Regen Potion"},{"floor":13,"key":"Ancient Potion"},{"floor":14,"key":"Poison Potion"},{"floor":16,"key":"BloodPotion"}],"is_trial":false,"path_per_floor":["M","$","M","M","?","R","E","M","T","?","M","M","E","M","R","B",null,"M","M","$","?","M","R","E"],"character_chosen":"IRONCLAD","items_purchased":["Flame Barrier","Armaments","Rampage","Pen Nib"],"campfire_rested":1,"item_purchase_floors":[2,20,20,20],"current_hp_per_floor":[60,60,55,62,67,67,28,18,25,25,31,31,31,30,30,24,71,67,79,79,54,10,36,0],"gold":205,"neow_bonus":"ONE_RANDOM_RARE_CARD","is_prod":false,"is_daily":false,"chose_seed":false,"campfire_upgraded":2,"win_rate":0,"timestamp":1559951934,"path_taken":["M","$","M","M","?","R","E","M","T","?","M","M","E","?","R","BOSS","M","?","$","?","M","R","E"],"build_version":"2019-01-23","purchased_purges":0,"victory":false,"max_hp_per_floor":[75,75,75,75,80,80,80,80,87,87,87,87,87,87,87,87,87,87,87,87,87,87,87,87],"card_choices":[{"not_picked":["Anger","Shockwave"],"picked":"Sword Boomerang","floor":1},{"not_picked":["Havoc","Clash"],"picked":"Hemokinesis","floor":3},{"not_picked":["Headbutt","Iron Wave"],"picked":"Whirlwind","floor":4},{"not_picked":["Impervious","Havoc"],"picked":"Cleave","floor":7},{"not_picked":["Flame Barrier","Metallicize"],"picked":"Iron Wave","floor":8},{"not_picked":["Cleave","Bloodletting","Seeing Red"],"picked":"SKIP","floor":11},{"not_picked":["Heavy Blade","Warcry"],"picked":"Pommel Strike","floor":12},{"not_picked":["True Grit","Power Through"],"picked":"Rage","floor":13},{"not_picked":["Clash","True Grit"],"picked":"Ghostly Armor","floor":14},{"not_picked":["Flex","Intimidate"],"picked":"Perfected Strike","floor":18},{"not_picked":["Seeing Red","Clothesline"],"picked":"Iron Wave+1","floor":19},{"not_picked":["Sword Boomerang","Fire Breathing"],"picked":"True Grit","floor":22}],"player_experience":383538,"relics_obtained":[{"floor":7,"key":"Pantograph"},{"floor":9,"key":"Strawberry"},{"floor":13,"key":"Potion Belt"}],"event_choices":[{"damage_healed":0,"gold_gain":0,"player_choice":"Donut","damage_taken":0,"max_hp_gain":5,"max_hp_loss":0,"event_name":"Big Fish","floor":5,"gold_loss":0},{"damage_healed":0,"gold_gain":100,"player_choice":"Pray","damage_taken":0,"max_hp_gain":0,"max_hp_loss":0,"event_name":"Golden Shrine","floor":10,"gold_loss":0},{"damage_healed":0,"gold_gain":0,"player_choice":"Fight","damage_taken":0,"max_hp_gain":0,"max_hp_loss":0,"event_name":"Colosseum","floor":21,"gold_loss":0},{"damage_healed":0,"gold_gain":0,"player_choice":"Fled From Nobs","damage_taken":0,"max_hp_gain":0,"max_hp_loss":0,"event_name":"Colosseum","floor":21,"gold_loss":0}],"is_beta":false,"boss_relics":[{"not_picked":["Snecko Eye","Black Star"],"picked":"Sozu"}],"items_purged_floors":[],"is_endless":false,"potions_floor_spawned":[7,8,12,13,14,16,18,22],"killed_by":"Gremlin Leader","ascension_level":14}