{"gold_per_floor":[109,184,359,376,59,59,79,79,79,105,66,66,66,84,84,84],"floor_reached":16,"playtime":429,"items_purged":["Doubt"],"score":157,"play_id":"9347db2e-8e9d-4a37-bb69-de6cad38e42f","local_time":"20190519214609","is_ascension_mode":true,"campfire_choices":[{"data":"Searing Blow","floor":6,"key":"SMITH"},{"data":"Searing Blow+1","floor":8,"key":"SMITH"},{"floor":15,"key":"REST"}],"neow_cost":"NONE","seed_source_timestamp":3229784657800,"circlet_count":0,"master_deck":["AscendersBane","Strike_R","Strike_R","Strike_R","Strike_R","Strike_R","Defend_R","Defend_R","Defend_R","Defend_R","Bash","Berserk","Twin Strike","Searing Blow+2","True Grit","Inflame","Uppercut"],"relics":["Burning Blood","Bottled Flame","Singing Bowl","Question Card"],"potions_floor_usage":[14,16],"damage_taken":[{"damage":8,"enemies":"2 Louse","floor":1,"turns":3},{"damage":0,"enemies":"Small Slimes","floor":4,"turns":3},{"damage":7,"enemies":"Jaw Worm","floor":7,"turns":3},{"damage":55,"enemies":"Lagavulin","floor":10,"turns":7},{"damage":11,"enemies":"Large Slime","floor":14,"turns":3},{"damage":54,"enemies":"The Guardian","floor":16,"turns":5}],"seed_played":"8480650439660333463","potions_obtained":[{"floor":7,"key":"FairyPotion"},{"floor":10,"key":"Fire Potion"},{"floor":14,"key":"PowerPotion"}],"is_trial":false,"path_per_floor":["M","?","?","M","$","R","M","R","T","E","$","?","?","M","R","B"],"character_chosen":"IRONCLAD","items_purchased":["Bottled Flame","Inflame"],"campfire_rested":1,"item_purchase_floors":[5,11],"current_hp_per_floor":[70,59,59,65,65,65,64,64,64,17,17,17,17,12,36,0],"gold":84,"neow_bonus":"ONE_RANDOM_RARE_CARD","is_prod":false,"is_daily":false,"chose_seed":false,"campfire_upgraded":2,"win_rate":0,"timestamp":1558316769,"path_taken":["M","?","?","M","$","R","M","R","T","E","$","?","?","?","R","BOSS"],"build_version":"2019-01-23","purchased_purges":1,"victory":false,"max_hp_per_floor":[80,80,80,80,80,80,80,80,80,82,82,82,82,82,82,82],"card_choices":[{"not_picked":["Shrug It Off","Feel No Pain"],"picked":"Twin Strike","floor":1},{"not_picked":["Clothesline","Burning Pact"],"picked":"Searing Blow","floor":4},{"not_picked":["Pommel Strike","Reckless Charge"],"picked":"True Grit","floor":7},{"not_picked":["Infernal Blade","Second Wind","Reckless Charge"],"picked":"Singing Bowl","floor":10},{"not_picked":["Anger","Carnage","Perfected Strike"],"picked":"Uppercut","floor":14}],"player_experience":318667,"relics_obtained":[{"floor":9,"key":"Singing Bowl"},{"floor":10,"key":"Question Card"}],"event_choices":[{"damage_healed":0,"gold_gain":75,"player_choice":"Gather Gold","damage_taken":11,"max_hp_gain":0,"max_hp_loss":0,"event_name":"World of Goop","floor":2,"gold_loss":0},{"damage_healed":0,"gold_gain":175,"player_choice":"AGREE","damage_taken":0,"max_hp_gain":0,"max_hp_loss":0,"event_name":"Liars Game","floor":3,"gold_loss":0,"cards_obtained":["Doubt"]},{"damage_healed":0,"gold_gain":0,"player_choice":"Fled","damage_taken":0,"max_hp_gain":0,"max_hp_loss":0,"event_name":"Scrap Ooze","floor":12,"gold_loss":0},{"damage_healed":0,"gold_gain":0,"player_choice":"Ignored","damage_taken":0,"max_hp_gain":0,"max_hp_loss":0,"event_name":"Shining Light","floor":13,"gold_loss":0}],"is_beta":false,"boss_relics":[],"items_purged_floors":[5],"is_endless":false,"potions_floor_spawned":[7,10,14],"killed_by":"The Guardian","ascension_level":12}