{"gold_per_floor":[118,136,211,222,238,238,238,238,265,277,290,325,338,354,354,449,449,449,147,147,147,147,147,147,147,147,147,147,47,47,47,47,47],"floor_reached":33,"playtime":1441,"items_purged":["Strike_R","Strike_R"],"score":399,"play_id":"d65dacd1-e333-41a7-b317-dbaf49bb1b4b","local_time":"20190428022831","is_ascension_mode":true,"campfire_choices":[{"data":"Bash","floor":6,"key":"SMITH"},{"data":"Clothesline","floor":8,"key":"SMITH"},{"data":"Flame Barrier","floor":15,"key":"SMITH"},{"data":"Rage","floor":23,"key":"SMITH"},{"floor":32,"key":"REST"}],"neow_cost":"NONE","seed_source_timestamp":4613295556800,"circlet_count":0,"master_deck":["Strike_R","Strike_R","Defend_R","Defend_R+1","Defend_R+1","Defend_R","Bash+1","Iron Wave","Cleave","Clothesline+1","Bludgeon","Flame Barrier+1","Rampage","Rage+1","Rampage","Immolate","Rampage","True Grit+1"],"relics":["Burning Blood","Centennial Puzzle","War Paint","Ectoplasm","Bag of Preparation","Sundial","Mercury Hourglass"],"potions_floor_usage":[12,12,27,27,33,33,33],"damage_taken":[{"damage":0,"enemies":"Small Slimes","floor":1,"turns":3},{"damage":1,"enemies":"Cultist","floor":2,"turns":4},{"damage":2,"enemies":"Jaw Worm","floor":4,"turns":3},{"damage":11,"enemies":"Lots of Slimes","floor":5,"turns":3},{"damage":7,"enemies":"Exordium Wildlife","floor":10,"turns":3},{"damage":14,"enemies":"3 Louse","floor":11,"turns":2},{"damage":15,"enemies":"Lagavulin","floor":12,"turns":4},{"damage":2,"enemies":"Blue Slaver","floor":13,"turns":3},{"damage":10,"enemies":"Gremlin Gang","floor":14,"turns":4},{"damage":31,"enemies":"Slime Boss","floor":16,"turns":11},{"damage":13,"enemies":"Shell Parasite","floor":18,"turns":5},{"damage":11,"enemies":"Spheric Guardian","floor":20,"turns":3},{"damage":13,"enemies":"Centurion and Healer","floor":22,"turns":7},{"damage":9,"enemies":"Cultist and Chosen","floor":24,"turns":5},{"damage":13,"enemies":"Book of Stabbing","floor":27,"turns":4},{"damage":20,"enemies":"3 Cultists","floor":28,"turns":4},{"damage":10,"enemies":"Shelled Parasite and Fungi","floor":30,"turns":4},{"damage":2,"enemies":"Snecko","floor":31,"turns":4},{"damage":74,"enemies":"Champ","floor":33,"turns":9}],"seed_played":"1477988644674998255","potions_obtained":[{"floor":4,"key":"PowerPotion"},{"floor":10,"key":"SkillPotion"},{"floor":11,"key":"Dexterity Potion"},{"floor":12,"key":"GamblersBrew"},{"floor":18,"key":"Explosive Potion"},{"floor":20,"key":"EssenceOfSteel"},{"floor":27,"key":"Strength Potion"},{"floor":31,"key":"Strength Potion"}],"is_trial":false,"path_per_floor":["M","M","?","M","M","R","?","R","T","M","M","E","M","M","R","B",null,"M","$","M","?","M","R","M","?","T","E","M","$","M","M","R","B"],"character_chosen":"IRONCLAD","items_purchased":["Bag of Preparation","Rampage"],"campfire_rested":1,"item_purchase_floors":[19,19],"current_hp_per_floor":[86,88,77,81,76,76,76,76,76,75,67,58,62,58,58,33,74,67,67,62,62,55,55,52,52,52,45,31,31,27,31,57,0],"gold":47,"neow_bonus":"TEN_PERCENT_HP_BONUS","is_prod":false,"is_daily":false,"chose_seed":false,"campfire_upgraded":4,"win_rate":0,"timestamp":1556432911,"path_taken":["M","M","?","M","M","R","?","R","T","M","M","E","M","?","R","BOSS","M","$","M","?","M","R","?","?","T","E","M","$","M","M","R","BOSS"],"build_version":"2019-01-23","purchased_purges":2,"victory":false,"max_hp_per_floor":[88,88,88,88,88,88,88,88,88,88,88,88,88,88,88,88,88,88,88,88,88,88,88,88,88,88,88,88,88,88,88,88,88],"card_choices":[{"not_picked":["Armaments","Sword Boomerang","Rupture"],"picked":"SKIP","floor":1},{"not_picked":["Rupture","Sentinel"],"picked":"Iron Wave","floor":2},{"not_picked":["Blood for Blood","Thunderclap"],"picked":"Cleave","floor":4},{"not_picked":["Infernal Blade","Combust"],"picked":"Clothesline","floor":5},{"not_picked":["Clothesline","Warcry"],"picked":"Bludgeon","floor":10},{"not_picked":["Clash","Perfected Strike"],"picked":"Flame Barrier","floor":11},{"not_picked":["Metallicize","Feel No Pain"],"picked":"Rampage","floor":12},{"not_picked":["Blood for Blood","Combust"],"picked":"Rage","floor":13},{"not_picked":["Hemokinesis","Cleave"],"picked":"Rampage","floor":14},{"not_picked":["Juggernaut","Barricade"],"picked":"Immolate","floor":16},{"not_picked":["Armaments","Anger","Disarm+1"],"picked":"SKIP","floor":18},{"not_picked":["Sentinel","Warcry","Inflame"],"picked":"SKIP","floor":20},{"not_picked":["Anger","Reaper"],"picked":"True Grit+1","floor":22},{"not_picked":["Flex","Wild Strike","Pummel"],"picked":"SKIP","floor":24},{"not_picked":["Iron Wave","Body Slam","Whirlwind"],"picked":"SKIP","floor":27},{"not_picked":["Clash","Disarm","Twin Strike"],"picked":"SKIP","floor":28},{"not_picked":["Thunderclap","Clothesline+1","Anger"],"picked":"SKIP","floor":30},{"not_picked":["Blood for Blood+1","Armaments","Clothesline"],"picked":"SKIP","floor":31}],"player_experience":149520,"relics_obtained":[{"floor":9,"key":"Centennial Puzzle"},{"floor":12,"key":"War Paint"},{"floor":26,"key":"Sundial"},{"floor":27,"key":"Mercury Hourglass"}],"event_choices":[{"damage_healed":0,"gold_gain":75,"player_choice":"Gather Gold","damage_taken":11,"max_hp_gain":0,"max_hp_loss":0,"event_name":"World of Goop","floor":3,"gold_loss":0},{"cards_removed":["Strike_R"],"damage_healed":0,"gold_gain":0,"player_choice":"Purged","damage_taken":0,"max_hp_gain":0,"max_hp_loss":0,"event_name":"Purifier","floor":7,"gold_loss":0},{"damage_healed":0,"gold_gain":100,"player_choice":"Pray","damage_taken":0,"max_hp_gain":0,"max_hp_loss":0,"event_name":"Golden Shrine","floor":21,"gold_loss":0},{"damage_healed":0,"gold_gain":0,"player_choice":"Ignored","damage_taken":0,"max_hp_gain":0,"max_hp_loss":0,"event_name":"The Mausoleum","floor":25,"gold_loss":0}],"is_beta":false,"boss_relics":[{"not_picked":["Runic Dome","Calling Bell"],"picked":"Ectoplasm"}],"items_purged_floors":[19,29],"is_endless":false,"potions_floor_spawned":[4,10,11,12,18,20,22,27,31],"killed_by":"Champ","ascension_level":9}