{"gold_per_floor":[115,131,48,68,87,113,113,76,103,103,103,114,146,14,14,14],"floor_reached":16,"playtime":418,"items_purged":["Strike_R"],"score":198,"play_id":"fc3dfe7f-a25d-4749-8400-32df8d31fd53","local_time":"20190623141434","is_ascension_mode":true,"campfire_choices":[{"floor":11,"key":"REST"},{"data":"True Grit","floor":15,"key":"SMITH"}],"neow_cost":"NONE","seed_source_timestamp":3287706946400,"circlet_count":0,"master_deck":["AscendersBane","Strike_R","Strike_R+1","Strike_R","Strike_R","Defend_R","Defend_R","Defend_R","Defend_R","Bash+1","Whirlwind+1","Clothesline+1","Shrug It Off","Pommel Strike","Iron Wave","Shrug It Off","Dropkick","Shrug It Off","Thunderclap","True Grit+1"],"relics":["Burning Blood","Oddly Smooth Stone","Lantern","Boot"],"potions_floor_usage":[],"damage_taken":[{"damage":1,"enemies":"Cultist","floor":1,"turns":3},{"damage":0,"enemies":"Small Slimes","floor":2,"turns":2},{"damage":7,"enemies":"Jaw Worm","floor":4,"turns":3},{"damage":3,"enemies":"2 Fungi Beasts","floor":5,"turns":4},{"damage":34,"enemies":"Lagavulin","floor":6,"turns":9},{"damage":11,"enemies":"Exordium Thugs","floor":12,"turns":7},{"damage":13,"enemies":"3 Sentries","floor":13,"turns":5},{"damage":34,"enemies":"Hexaghost","floor":16,"turns":9}],"seed_played":"-7356879547879046145","potions_obtained":[{"floor":1,"key":"FearPotion"},{"floor":6,"key":"Ancient Potion"}],"is_trial":false,"path_per_floor":["M","M","$","M","M","E","?","?","T","?","R","M","E","$","R","B"],"character_chosen":"IRONCLAD","items_purchased":["Shrug It Off","Pommel Strike","True Grit"],"campfire_rested":1,"item_purchase_floors":[3,3,14],"current_hp_per_floor":[73,75,75,74,75,47,24,24,24,24,46,41,34,34,34,0],"gold":14,"neow_bonus":"UPGRADE_CARD","is_prod":false,"is_daily":false,"chose_seed":false,"campfire_upgraded":1,"win_rate":0,"timestamp":1561313674,"path_taken":["M","M","$","M","M","E","?","?","T","?","R","M","E","$","R","BOSS"],"build_version":"2019-01-23","purchased_purges":1,"victory":false,"max_hp_per_floor":[75,75,75,75,75,75,75,75,75,75,75,75,75,75,75,75],"card_choices":[{"not_picked":["Headbutt","True Grit"],"picked":"Whirlwind","floor":1},{"not_picked":["Clash","Warcry"],"picked":"Clothesline","floor":2},{"not_picked":["Body Slam","Heavy Blade"],"picked":"Iron Wave","floor":4},{"not_picked":["Fire Breathing","Headbutt"],"picked":"Shrug It Off","floor":5},{"not_picked":["Power Through","Clash"],"picked":"Dropkick","floor":6},{"not_picked":["Pummel","Ghostly Armor"],"picked":"Shrug It Off","floor":12},{"not_picked":["Infernal Blade","Pommel Strike"],"picked":"Thunderclap","floor":13}],"player_experience":406177,"relics_obtained":[{"floor":6,"key":"Oddly Smooth Stone"},{"floor":9,"key":"Lantern"},{"floor":13,"key":"Boot"}],"event_choices":[{"damage_healed":0,"gold_gain":0,"player_choice":"Entered Light","damage_taken":23,"max_hp_gain":0,"max_hp_loss":0,"event_name":"Shining Light","floor":7,"gold_loss":0,"cards_upgraded":["Clothesline","Strike_R"]},{"damage_healed":0,"gold_gain":0,"player_choice":"Left Gold","damage_taken":0,"max_hp_gain":0,"max_hp_loss":0,"event_name":"World of Goop","floor":8,"gold_loss":37},{"damage_healed":0,"gold_gain":0,"player_choice":"Grow","damage_taken":0,"max_hp_gain":0,"max_hp_loss":0,"event_name":"Living Wall","floor":10,"gold_loss":0,"cards_upgraded":["Whirlwind"]}],"is_beta":false,"boss_relics":[],"items_purged_floors":[14],"is_endless":false,"potions_floor_spawned":[1,6,12],"killed_by":"Hexaghost","ascension_level":16}