{"gold_per_floor":[111,40,60,60,70,70,100,100,155,155,183,201,220,19,19,96,96,111,101,101,111,128,128,0,0,71,71,81,81,92,110,110,110],"floor_reached":33,"playtime":879,"items_purged":[],"score":466,"play_id":"f5da9f78-6396-40d6-a666-aaa572bd2dd1","local_time":"20190607165803","is_ascension_mode":true,"campfire_choices":[{"data":"Bash","floor":6,"key":"SMITH"},{"data":"True Grit","floor":8,"key":"SMITH"},{"data":"Whirlwind","floor":10,"key":"SMITH"},{"data":"Flame Barrier","floor":15,"key":"SMITH"},{"data":"Infernal Blade","floor":23,"key":"SMITH"},{"data":"Bludgeon","floor":25,"key":"SMITH"},{"floor":27,"key":"REST"},{"data":"Wild Strike","floor":32,"key":"SMITH"}],"neow_cost":"NONE","seed_source_timestamp":327599043700,"circlet_count":0,"master_deck":["AscendersBane","Strike_R","Strike_R","Strike_R","Strike_R","Strike_R","Defend_R","Defend_R","Defend_R","Defend_R","Bash+1","Offering","Perfected Strike+1","Whirlwind+1","True Grit+1","Wild Strike+1","Twin Strike","Flame Barrier+1","Bludgeon+1","Infernal Blade+1","True Grit+1"],"relics":["Burning Blood","PreservedInsect","Matryoshka","Medical Kit","Busted Crown","Darkstone Periapt","Toxic Egg 2"],"potions_floor_usage":[11,16,18,33,33],"damage_taken":[{"damage":8,"enemies":"Jaw Worm","floor":1,"turns":5},{"damage":6,"enemies":"2 Louse","floor":3,"turns":2},{"damage":0,"enemies":"Cultist","floor":5,"turns":2},{"damage":6,"enemies":"Gremlin Nob","floor":11,"turns":2},{"damage":6,"enemies":"Blue Slaver","floor":12,"turns":2},{"damage":7,"enemies":"2 Fungi Beasts","floor":13,"turns":3},{"damage":57,"enemies":"Hexaghost","floor":16,"turns":11},{"damage":6,"enemies":"Shell Parasite","floor":18,"turns":3},{"damage":20,"enemies":"2 Thieves","floor":19,"turns":4},{"damage":16,"enemies":"Centurion and Healer","floor":21,"turns":5},{"damage":20,"enemies":"Snake Plant","floor":22,"turns":2},{"damage":6,"enemies":"3 Cultists","floor":28,"turns":3},{"damage":0,"enemies":"Snecko","floor":30,"turns":3},{"damage":11,"enemies":"Centurion and Healer","floor":31,"turns":5},{"damage":80,"enemies":"Collector","floor":33,"turns":7}],"seed_played":"-5355847009922466896","potions_obtained":[{"floor":3,"key":"SkillPotion"},{"floor":12,"key":"Weak Potion"},{"floor":16,"key":"Explosive Potion"},{"floor":21,"key":"Fire Potion"},{"floor":22,"key":"SmokeBomb"},{"floor":28,"key":"Fire Potion"}],"is_trial":false,"path_per_floor":["M","$","M","?","M","R","?","R","T","R","E","M","M","$","R","B",null,"M","M","?","M","M","R","?","R","T","R","M","$","M","M","R","B"],"character_chosen":"IRONCLAD","items_purchased":["Whirlwind","Medical Kit"],"campfire_rested":1,"item_purchase_floors":[2,14],"current_hp_per_floor":[66,66,66,66,72,72,72,72,72,72,72,72,71,71,71,20,61,61,47,47,37,23,23,23,23,23,45,45,45,51,46,46,0],"gold":110,"neow_bonus":"ONE_RANDOM_RARE_CARD","is_prod":false,"is_daily":false,"chose_seed":false,"campfire_upgraded":7,"win_rate":0,"timestamp":1559941083,"path_taken":["M","$","M","?","M","R","?","R","T","R","E","M","M","$","R","BOSS","M","M","?","M","?","R","?","R","T","R","M","$","M","M","R","BOSS"],"build_version":"2019-01-23","purchased_purges":0,"victory":false,"max_hp_per_floor":[75,75,75,75,75,75,75,75,75,75,75,75,75,75,75,75,75,75,75,75,75,75,75,75,75,75,75,75,75,75,75,75,75],"card_choices":[{"not_picked":["Sentinel","Corruption"],"picked":"Perfected Strike","floor":1},{"not_picked":["Sword Boomerang","Warcry"],"picked":"True Grit","floor":3},{"not_picked":["Anger","Havoc"],"picked":"Wild Strike","floor":5},{"not_picked":["Spot Weakness","Dark Embrace"],"picked":"Twin Strike","floor":11},{"not_picked":["Dual Wield","Sword Boomerang","Shockwave"],"picked":"SKIP","floor":12},{"not_picked":["Sword Boomerang","Whirlwind"],"picked":"Flame Barrier","floor":13},{"not_picked":["Limit Break","Berserk"],"picked":"Bludgeon","floor":16},{"not_picked":[],"picked":"Infernal Blade","floor":18},{"not_picked":["Warcry"],"picked":"SKIP","floor":19},{"not_picked":["Evolve"],"picked":"SKIP","floor":21},{"not_picked":["Whirlwind"],"picked":"SKIP","floor":22},{"not_picked":[],"picked":"True Grit+1","floor":28},{"not_picked":["Combust"],"picked":"SKIP","floor":30},{"not_picked":["Anger"],"picked":"SKIP","floor":31}],"player_experience":380964,"relics_obtained":[{"floor":9,"key":"PreservedInsect"},{"floor":11,"key":"Matryoshka"},{"floor":26,"key":"Darkstone Periapt"},{"floor":26,"key":"Toxic Egg 2"}],"event_choices":[{"damage_healed":0,"gold_gain":0,"player_choice":"Ignored","damage_taken":0,"max_hp_gain":0,"max_hp_loss":0,"event_name":"Golden Wing","floor":4,"gold_loss":0},{"damage_healed":0,"gold_gain":30,"player_choice":"Searched \u00271\u0027 times","damage_taken":0,"max_hp_gain":0,"max_hp_loss":0,"event_name":"Dead Adventurer","floor":7,"gold_loss":0},{"damage_healed":0,"gold_gain":0,"player_choice":"Upgraded","damage_taken":0,"max_hp_gain":0,"max_hp_loss":0,"event_name":"Upgrade Shrine","floor":20,"gold_loss":0,"cards_upgraded":["Perfected Strike"]},{"damage_healed":0,"gold_gain":0,"player_choice":"Paid Fearfully","damage_taken":0,"max_hp_gain":0,"max_hp_loss":0,"event_name":"Masked Bandits","floor":24,"gold_loss":128}],"is_beta":false,"boss_relics":[{"not_picked":["Orrery","Tiny House"],"picked":"Busted Crown"}],"items_purged_floors":[],"is_endless":false,"potions_floor_spawned":[3,12,16,21,22,28],"killed_by":"Collector","ascension_level":14}