{"gold_per_floor":[116,128,37,51,51,80,80,92,92,106,106,120,134,154,154,255,255,255,210,210,210,210,210,125,125,125,125,125,125,125,125,125,125],"floor_reached":33,"playtime":1918,"items_purged":[],"score":280,"play_id":"491a8ca3-d5c6-4d0f-b7aa-525268aca4e2","local_time":"20190308155829","is_ascension_mode":false,"campfire_choices":[{"data":"Static Discharge","floor":7,"key":"SMITH"},{"floor":11,"key":"REST"},{"floor":15,"key":"REST"},{"floor":23,"key":"REST"},{"data":"Mind Blast","floor":25,"key":"SMITH"},{"floor":32,"key":"REST"}],"neow_cost":"NONE","seed_source_timestamp":6087636042100,"circlet_count":0,"master_deck":["Strike_B+1","Strike_B+1","Strike_B+1","Strike_B+1","Defend_B+1","Defend_B+1","Defend_B+1","Defend_B+1","Zap","Dualcast","Gash","Static Discharge+1","Mind Blast+1","Cold Snap","Conserve Battery","Streamline","Steam","Gash","Ball Lightning","Leap","Multi-Cast","Rip and Tear+1","Sweeping Beam+1","Gash","Gash","Auto Shields","Redo","Chill"],"relics":["Cracked Core","Centennial Puzzle","Mummified Hand","Ectoplasm","Ginger","Sundial"],"potions_floor_usage":[16,16,16,29],"damage_taken":[{"damage":0,"enemies":"2 Louse","floor":1,"turns":2},{"damage":0,"enemies":"Small Slimes","floor":2,"turns":2},{"damage":8,"enemies":"Jaw Worm","floor":4,"turns":4},{"damage":33,"enemies":"Lagavulin","floor":6,"turns":6},{"damage":13,"enemies":"Looter","floor":8,"turns":3},{"damage":5,"enemies":"Exordium Thugs","floor":10,"turns":4},{"damage":10,"enemies":"Large Slime","floor":12,"turns":5},{"damage":5,"enemies":"3 Louse","floor":13,"turns":3},{"damage":12,"enemies":"2 Fungi Beasts","floor":14,"turns":2},{"damage":5,"enemies":"Slime Boss","floor":16,"turns":7},{"damage":7,"enemies":"3 Byrds","floor":18,"turns":4},{"damage":20,"enemies":"2 Thieves","floor":19,"turns":3},{"damage":22,"enemies":"Shelled Parasite and Fungi","floor":20,"turns":6},{"damage":5,"enemies":"Snecko","floor":28,"turns":3},{"damage":13,"enemies":"Centurion and Healer","floor":29,"turns":3},{"damage":4,"enemies":"Cultist and Chosen","floor":30,"turns":4},{"damage":7,"enemies":"Snake Plant","floor":31,"turns":3},{"damage":68,"enemies":"Collector","floor":33,"turns":8}],"seed_played":"-7304168582936288332","potions_obtained":[{"floor":1,"key":"PowerPotion"},{"floor":6,"key":"Block Potion"},{"floor":10,"key":"Weak Potion"},{"floor":12,"key":"Poison Potion"},{"floor":18,"key":"Dexterity Potion"},{"floor":29,"key":"Fruit Juice"},{"floor":30,"key":"PowerPotion"}],"is_trial":false,"path_per_floor":["M","M","$","M","?","E","R","M","T","M","R","M","M","M","R","B",null,"M","M","M","?","?","R","?","R","T","$","M","M","M","M","R","B"],"character_chosen":"DEFECT","items_purchased":["Mind Blast"],"campfire_rested":4,"item_purchase_floors":[3],"current_hp_per_floor":[82,82,82,74,74,41,41,28,28,23,47,37,32,20,44,39,82,75,55,33,33,33,57,57,57,57,57,52,44,40,33,59,0],"gold":125,"neow_bonus":"TEN_PERCENT_HP_BONUS","is_prod":false,"is_daily":false,"chose_seed":false,"campfire_upgraded":2,"win_rate":0.0,"timestamp":1552078709,"path_taken":["M","M","$","M","?","E","R","M","T","M","R","M","M","M","R","BOSS","M","M","M","?","?","R","?","R","T","$","M","M","M","?","R","BOSS"],"build_version":"2019-01-23","purchased_purges":0,"victory":false,"max_hp_per_floor":[82,82,82,82,82,82,82,82,82,82,82,82,82,82,82,82,82,82,82,82,82,82,82,82,82,82,82,82,87,87,87,87,87],"card_choices":[{"not_picked":["Steam Power","Go for the Eyes"],"picked":"Gash","floor":1},{"not_picked":["Melter","Genetic Algorithm"],"picked":"Static Discharge","floor":2},{"not_picked":["Stack","Doom and Gloom"],"picked":"Cold Snap","floor":4},{"not_picked":["Go for the Eyes","Loop"],"picked":"Conserve Battery","floor":6},{"not_picked":["Storm","Coolheaded"],"picked":"Streamline","floor":8},{"not_picked":["Barrage","Compile Driver"],"picked":"Steam","floor":10},{"not_picked":["Cold Snap","Static Discharge"],"picked":"Gash","floor":12},{"not_picked":["Beam Cell","Conserve Battery"],"picked":"Ball Lightning","floor":13},{"not_picked":["Redo","Steam"],"picked":"Leap","floor":14},{"not_picked":["Biased Cognition","Fission"],"picked":"Multi-Cast","floor":16},{"not_picked":["Coolheaded","Streamline+1"],"picked":"Rip and Tear+1","floor":18},{"not_picked":["Melter","Streamline+1"],"picked":"Sweeping Beam+1","floor":19},{"not_picked":["Conserve Battery+1","Sweeping Beam+1"],"picked":"Gash","floor":20},{"not_picked":["Reprogram","Biased Cognition"],"picked":"Gash","floor":28},{"not_picked":["Aggregate+1","Cold Snap"],"picked":"Auto Shields","floor":29},{"not_picked":["Go for the Eyes+1","Scrape+1"],"picked":"Redo","floor":30},{"not_picked":["Reprogram+1","Steam+1"],"picked":"Chill","floor":31}],"player_experience":5723,"relics_obtained":[{"floor":6,"key":"Centennial Puzzle"},{"floor":9,"key":"Mummified Hand"},{"floor":26,"key":"Sundial"}],"event_choices":[{"damage_healed":0,"gold_gain":0,"player_choice":"Ignored","damage_taken":0,"max_hp_gain":0,"max_hp_loss":0,"event_name":"Golden Wing","floor":5,"gold_loss":0},{"damage_healed":0,"gold_gain":0,"player_choice":"Ignored","damage_taken":0,"max_hp_gain":0,"max_hp_loss":0,"event_name":"Beggar","floor":21,"gold_loss":0},{"damage_healed":0,"gold_gain":0,"player_choice":"Simplicity","damage_taken":0,"max_hp_gain":0,"max_hp_loss":0,"event_name":"Back to Basics","floor":22,"gold_loss":0,"cards_upgraded":["Strike_B","Strike_B","Strike_B","Strike_B","Defend_B","Defend_B","Defend_B","Defend_B"]},{"damage_healed":0,"gold_gain":0,"player_choice":"Obtained Relic","damage_taken":0,"relics_obtained":["Ginger"],"max_hp_gain":0,"max_hp_loss":0,"event_name":"Addict","floor":24,"gold_loss":85}],"is_beta":false,"boss_relics":[{"not_picked":["Philosopher\u0027s Stone","Busted Crown"],"picked":"Ectoplasm"}],"items_purged_floors":[],"is_endless":false,"potions_floor_spawned":[1,6,10,12,18,29,30],"killed_by":"Collector","ascension_level":0}