{"gold_per_floor":[110,110,161,178,178,178,192,192,192,251,251,251,266,266,266,266],"floor_reached":16,"playtime":2538,"items_purged":[],"score":136,"play_id":"4fe90525-0ec3-4928-b780-a84038340d32","local_time":"20190514200443","is_ascension_mode":true,"campfire_choices":[{"data":"Ghostly Armor","floor":6,"key":"SMITH"},{"data":"Iron Wave","floor":8,"key":"SMITH"},{"floor":12,"key":"REST"},{"data":"Clothesline","floor":15,"key":"SMITH"}],"neow_cost":"NONE","seed_source_timestamp":9728948140100,"circlet_count":0,"master_deck":["AscendersBane","Strike_R","Strike_R","Strike_R","Strike_R","Strike_R","Defend_R","Defend_R","Defend_R","Defend_R","Bash+1","Ghostly Armor+1","Iron Wave+1","Clothesline+1"],"relics":["Burning Blood","Juzu Bracelet","Darkstone Periapt","Paper Frog","Bottled Lightning","Nunchaku"],"potions_floor_usage":[10],"damage_taken":[{"damage":1,"enemies":"Cultist","floor":1,"turns":4},{"damage":3,"enemies":"2 Louse","floor":4,"turns":4},{"damage":2,"enemies":"Jaw Worm","floor":7,"turns":3},{"damage":59,"enemies":"Lagavulin Event","floor":10,"turns":9},{"damage":2,"enemies":"Large Slime","floor":13,"turns":7},{"damage":44,"enemies":"The Guardian","floor":16,"turns":11}],"seed_played":"-905954173479746000","potions_obtained":[{"floor":1,"key":"SkillPotion"}],"is_trial":false,"path_per_floor":["M","?","?","M","?","R","M","R","T","?","?","R","M","T","R","B"],"character_chosen":"IRONCLAD","items_purchased":[],"campfire_rested":1,"item_purchase_floors":[],"current_hp_per_floor":[77,77,77,80,62,62,66,66,66,13,13,37,41,41,41,0],"gold":266,"neow_bonus":"RANDOM_COMMON_RELIC","is_prod":false,"is_daily":false,"chose_seed":false,"campfire_upgraded":3,"win_rate":0,"timestamp":1557878683,"path_taken":["M","?","?","M","?","R","M","R","T","?","?","R","M","?","R","BOSS"],"build_version":"2019-01-23","purchased_purges":0,"victory":false,"max_hp_per_floor":[80,80,80,80,80,80,80,80,80,80,80,80,80,80,80,80],"card_choices":[{"not_picked":["Thunderclap","Flex"],"picked":"Ghostly Armor","floor":1},{"not_picked":["Disarm","Pummel"],"picked":"Iron Wave","floor":4},{"not_picked":["Corruption","Second Wind","Thunderclap"],"picked":"SKIP","floor":7},{"not_picked":["Headbutt","Sword Boomerang"],"picked":"Clothesline","floor":13}],"player_experience":277433,"relics_obtained":[{"floor":9,"key":"Paper Frog"},{"floor":10,"key":"Bottled Lightning"},{"floor":14,"key":"Nunchaku"}],"event_choices":[{"damage_healed":0,"gold_gain":0,"player_choice":"Forge","damage_taken":0,"max_hp_gain":0,"max_hp_loss":0,"event_name":"Accursed Blacksmith","floor":2,"gold_loss":0,"cards_upgraded":["Bash"]},{"damage_healed":0,"gold_gain":51,"player_choice":"Gained Gold","damage_taken":0,"max_hp_gain":0,"max_hp_loss":0,"event_name":"Golden Wing","floor":3,"gold_loss":0},{"damage_healed":0,"gold_gain":0,"player_choice":"Success","damage_taken":18,"relics_obtained":["Darkstone Periapt"],"max_hp_gain":0,"max_hp_loss":0,"event_name":"Scrap Ooze","floor":5,"gold_loss":0},{"damage_healed":0,"gold_gain":0,"player_choice":"Searched \u00272\u0027 times","damage_taken":0,"max_hp_gain":0,"max_hp_loss":0,"event_name":"Dead Adventurer","floor":10,"gold_loss":0},{"damage_healed":0,"gold_gain":0,"player_choice":"Ignored","damage_taken":0,"max_hp_gain":0,"max_hp_loss":0,"event_name":"Liars Game","floor":11,"gold_loss":0}],"is_beta":false,"boss_relics":[],"items_purged_floors":[],"is_endless":false,"potions_floor_spawned":[1],"killed_by":"The Guardian","ascension_level":11}