{"gold_per_floor":[110,110,185,185,203,203,231,231,303,303,315,265,282,23,23,143,143,185,37,37,80,149,149,233,258],"floor_reached":25,"playtime":1039,"items_purged":["Strike_R","Strike_R"],"score":339,"play_id":"90c12056-2822-475a-8190-a9736aedd120","local_time":"20190512220153","is_ascension_mode":true,"campfire_choices":[{"data":"Bash","floor":6,"key":"SMITH"},{"floor":8,"key":"REST"},{"data":"Pommel Strike","floor":10,"key":"SMITH"},{"data":"HandOfGreed","floor":15,"key":"SMITH"},{"data":"Iron Wave","floor":23,"key":"SMITH"}],"neow_cost":"NONE","seed_source_timestamp":153996012600,"circlet_count":0,"master_deck":["AscendersBane","Strike_R+1","Strike_R+1","Defend_R","Defend_R","Defend_R","Defend_R","Bash+1","Twin Strike","Pommel Strike+1","Iron Wave+1","Disarm+1","HandOfGreed+1","Feed","Shrug It Off+1","Whirlwind"],"relics":["Burning Blood","Bag of Preparation","Ancient Tea Set","Toxic Egg 2","Busted Crown","Bottled Lightning"],"potions_floor_usage":[16,24,24,25],"damage_taken":[{"damage":7,"enemies":"Small Slimes","floor":1,"turns":3},{"damage":4,"enemies":"2 Louse","floor":5,"turns":3},{"damage":25,"enemies":"Lagavulin","floor":7,"turns":5},{"damage":0,"enemies":"Jaw Worm","floor":11,"turns":1},{"damage":6,"enemies":"Looter","floor":13,"turns":2},{"damage":34,"enemies":"Hexaghost","floor":16,"turns":11},{"damage":2,"enemies":"Chosen","floor":18,"turns":4},{"damage":19,"enemies":"Shell Parasite","floor":21,"turns":7},{"damage":6,"enemies":"Cultist and Chosen","floor":22,"turns":7},{"damage":39,"enemies":"Slavers","floor":24,"turns":9},{"damage":14,"enemies":"3 Cultists","floor":25,"turns":5}],"seed_played":"6349759212569101297","potions_obtained":[{"floor":5,"key":"GamblersBrew"},{"floor":7,"key":"FearPotion"},{"floor":22,"key":"Weak Potion"},{"floor":24,"key":"Block Potion"}],"is_trial":false,"path_per_floor":["M","?","?","?","M","R","E","R","T","R","M","?","M","$","R","B",null,"M","$","?","M","M","R","E","M"],"character_chosen":"IRONCLAD","items_purchased":["HandOfGreed","Shrug It Off+1"],"campfire_rested":1,"item_purchase_floors":[14,19],"current_hp_per_floor":[71,55,44,44,46,46,27,51,51,51,57,57,57,57,57,29,67,71,71,56,43,43,43,13,0],"gold":258,"neow_bonus":"RANDOM_COMMON_RELIC","is_prod":false,"is_daily":false,"chose_seed":false,"campfire_upgraded":4,"win_rate":0,"timestamp":1557712913,"path_taken":["M","?","?","?","M","R","E","R","T","R","M","?","M","$","R","BOSS","M","$","?","M","M","R","E","M"],"build_version":"2019-01-23","purchased_purges":2,"victory":false,"max_hp_per_floor":[80,80,80,80,80,80,80,80,80,80,80,80,80,80,80,80,80,80,80,85,85,85,85,88,88],"card_choices":[{"not_picked":["Clothesline","Reckless Charge"],"picked":"Twin Strike","floor":1},{"not_picked":["Sword Boomerang","Dual Wield"],"picked":"Pommel Strike","floor":5},{"not_picked":["Body Slam","Pommel Strike"],"picked":"Iron Wave","floor":7},{"not_picked":["Warcry+1","Barricade","Clash"],"picked":"SKIP","floor":11},{"not_picked":["Flex+1","Clothesline"],"picked":"Disarm+1","floor":13},{"not_picked":["Juggernaut","Bludgeon"],"picked":"Feed","floor":16},{"not_picked":["Thunderclap"],"picked":"SKIP","floor":18},{"not_picked":["Dropkick"],"picked":"SKIP","floor":21},{"not_picked":["Perfected Strike"],"picked":"SKIP","floor":22},{"not_picked":[],"picked":"Whirlwind","floor":24}],"player_experience":266803,"relics_obtained":[{"floor":7,"key":"Ancient Tea Set"},{"floor":9,"key":"Toxic Egg 2"},{"floor":24,"key":"Bottled Lightning"}],"event_choices":[{"damage_healed":0,"gold_gain":0,"player_choice":"Entered Light","damage_taken":16,"max_hp_gain":0,"max_hp_loss":0,"event_name":"Shining Light","floor":2,"gold_loss":0,"cards_upgraded":["Strike_R","Strike_R"]},{"damage_healed":0,"gold_gain":75,"player_choice":"Gather Gold","damage_taken":11,"max_hp_gain":0,"max_hp_loss":0,"event_name":"World of Goop","floor":3,"gold_loss":0},{"damage_healed":0,"gold_gain":0,"player_choice":"Ignored","damage_taken":0,"max_hp_gain":0,"max_hp_loss":0,"event_name":"Liars Game","floor":4,"gold_loss":0},{"cards_removed":["Strike_R"],"damage_healed":0,"gold_gain":0,"player_choice":"Card Removal","damage_taken":0,"max_hp_gain":0,"max_hp_loss":0,"event_name":"The Cleric","floor":12,"gold_loss":50},{"damage_healed":0,"gold_gain":0,"player_choice":"Shed Blood","damage_taken":20,"max_hp_gain":5,"max_hp_loss":0,"event_name":"Forgotten Altar","floor":20,"gold_loss":0}],"is_beta":false,"boss_relics":[{"not_picked":["Coffee Dripper","Runic Cube"],"picked":"Busted Crown"}],"items_purged_floors":[14,19],"is_endless":false,"potions_floor_spawned":[5,7,22,24],"killed_by":"3 Cultists","ascension_level":11}