{"gold_per_floor":[114,124,23,42,53,53,88,88,88,88,102,102,133,133,133,133],"floor_reached":16,"playtime":425,"items_purged":["Perfected Strike"],"score":187,"play_id":"2c90f201-916f-464c-b00e-1007fa1d8e7d","local_time":"20190609000352","is_ascension_mode":true,"campfire_choices":[{"data":"Searing Blow","floor":6,"key":"SMITH"},{"data":"Searing Blow+1","floor":8,"key":"SMITH"},{"floor":15,"key":"REST"}],"neow_cost":"NONE","seed_source_timestamp":1017257858800,"circlet_count":0,"master_deck":["AscendersBane","Strike_R","Strike_R","Strike_R","Strike_R","Defend_R","Defend_R","Defend_R","Defend_R","Bash","Immolate","Searing Blow+2","True Grit","Armaments","Armaments","Evolve","Twin Strike","Parasite","Disarm"],"relics":["Burning Blood","Bottled Lightning","Dead Branch","Champion Belt","Dream Catcher","Oddly Smooth Stone"],"potions_floor_usage":[16],"damage_taken":[{"damage":0,"enemies":"2 Louse","floor":1,"turns":1},{"damage":9,"enemies":"Jaw Worm","floor":2,"turns":3},{"damage":1,"enemies":"Cultist","floor":4,"turns":3},{"damage":22,"enemies":"Exordium Thugs","floor":5,"turns":4},{"damage":22,"enemies":"3 Sentries","floor":7,"turns":5},{"damage":0,"enemies":"2 Fungi Beasts","floor":11,"turns":3},{"damage":30,"enemies":"Lagavulin","floor":13,"turns":7},{"damage":44,"enemies":"Hexaghost","floor":16,"turns":12}],"seed_played":"1349475060074400209","potions_obtained":[{"floor":4,"key":"Strength Potion"},{"floor":7,"key":"Strength Potion"}],"is_trial":false,"path_per_floor":["M","M","$","M","M","R","E","R","T","?","M","?","E","?","R","B"],"character_chosen":"IRONCLAD","items_purchased":["True Grit"],"campfire_rested":1,"item_purchase_floors":[3],"current_hp_per_floor":[74,71,71,75,59,59,43,43,43,18,24,42,18,18,40,0],"gold":133,"neow_bonus":"TRANSFORM_CARD","is_prod":false,"is_daily":false,"chose_seed":false,"campfire_upgraded":2,"win_rate":0,"timestamp":1560053032,"path_taken":["M","M","$","M","M","R","E","R","T","?","M","?","E","?","R","BOSS"],"build_version":"2019-01-23","purchased_purges":1,"victory":false,"max_hp_per_floor":[75,75,75,75,75,75,75,75,75,75,75,75,75,75,75,75],"card_choices":[{"not_picked":["Body Slam","Evolve"],"picked":"Perfected Strike","floor":1},{"not_picked":["Dropkick","Rupture"],"picked":"Searing Blow","floor":2},{"not_picked":["Carnage","Searing Blow"],"picked":"Armaments","floor":4},{"not_picked":["Infernal Blade","Juggernaut"],"picked":"Armaments","floor":5},{"not_picked":["Havoc","True Grit"],"picked":"Evolve","floor":7},{"not_picked":["Flex","Havoc"],"picked":"Twin Strike","floor":11},{"not_picked":["Hemokinesis","Second Wind","Clash"],"picked":"SKIP","floor":13},{"not_picked":["Sentinel","Perfected Strike"],"picked":"Disarm","floor":15}],"player_experience":391818,"relics_obtained":[{"floor":7,"key":"Bottled Lightning"},{"floor":9,"key":"Dead Branch"},{"floor":13,"key":"Dream Catcher"}],"event_choices":[{"damage_healed":0,"gold_gain":0,"player_choice":"Success","damage_taken":25,"relics_obtained":["Champion Belt"],"max_hp_gain":0,"max_hp_loss":0,"event_name":"Scrap Ooze","floor":10,"gold_loss":0},{"damage_healed":18,"gold_gain":0,"player_choice":"Healed and dodged fight","damage_taken":0,"max_hp_gain":0,"max_hp_loss":0,"event_name":"Mushrooms","floor":12,"gold_loss":0,"cards_obtained":["Parasite"]},{"damage_healed":0,"gold_gain":0,"player_choice":"Gave Potion","damage_taken":0,"relics_obtained":["Oddly Smooth Stone"],"max_hp_gain":0,"max_hp_loss":0,"event_name":"WeMeetAgain","floor":14,"gold_loss":0}],"is_beta":false,"boss_relics":[],"items_purged_floors":[3],"is_endless":false,"potions_floor_spawned":[4,7,11],"killed_by":"Hexaghost","ascension_level":14}