{"gold_per_floor":[366,385,385,404,181,215,215,226,256,267,115,134,134,166,166,269,269,280,295,295,312,27,27,27,27,74,88,98,48,48,58,58,58],"floor_reached":33,"playtime":1554,"items_purged":["Parasite","Strike_R"],"score":376,"play_id":"9310d7f2-4c99-4d0d-95d3-7138a8d8865e","local_time":"20190416141241","is_ascension_mode":true,"campfire_choices":[{"data":"Spot Weakness","floor":7,"key":"SMITH"},{"data":"True Grit","floor":13,"key":"SMITH"},{"data":"Shrug It Off","floor":15,"key":"SMITH"},{"data":"Immolate","floor":23,"key":"SMITH"},{"floor":32,"key":"REST"}],"neow_cost":"CURSE","seed_source_timestamp":1810909649400,"circlet_count":0,"master_deck":["Strike_R+1","Strike_R+1","Defend_R+1","Defend_R+1","Defend_R+1","Defend_R+1","Bash","Rage","Spot Weakness+1","Sword Boomerang","Armaments","Carnage","Cleave","Pommel Strike","True Grit+1","Shrug It Off+1","Immolate+1","Shrug It Off+1","Sentinel","Inflame","Headbutt","Seeing Red+1"],"relics":["Burning Blood","Strawberry","Whetstone","Tiny Chest","Pantograph","Busted Crown","Medical Kit","PreservedInsect"],"potions_floor_usage":[6,16,16,28,33,33,33],"damage_taken":[{"damage":1,"enemies":"Cultist","floor":1,"turns":3},{"damage":10,"enemies":"Small Slimes","floor":2,"turns":3},{"damage":7,"enemies":"Jaw Worm","floor":4,"turns":4},{"damage":28,"enemies":"Gremlin Nob","floor":6,"turns":4},{"damage":6,"enemies":"Looter","floor":8,"turns":2},{"damage":8,"enemies":"Blue Slaver","floor":10,"turns":3},{"damage":8,"enemies":"3 Louse","floor":12,"turns":3},{"damage":12,"enemies":"3 Sentries","floor":14,"turns":6},{"damage":56,"enemies":"Hexaghost","floor":16,"turns":10},{"damage":13,"enemies":"Shell Parasite","floor":18,"turns":5},{"damage":13,"enemies":"3 Byrds","floor":19,"turns":4},{"damage":16,"enemies":"Cultist and Chosen","floor":21,"turns":6},{"damage":25,"enemies":"Shelled Parasite and Fungi","floor":27,"turns":6},{"damage":9,"enemies":"Snake Plant","floor":28,"turns":3},{"damage":21,"enemies":"Cultist and Chosen","floor":31,"turns":6},{"damage":65,"enemies":"Automaton","floor":33,"turns":8}],"seed_played":"-2096475412744469953","potions_obtained":[{"floor":2,"key":"Strength Potion"},{"floor":4,"key":"Dexterity Potion"},{"floor":8,"key":"AttackPotion"},{"floor":18,"key":"GamblersBrew"},{"floor":21,"key":"Block Potion"},{"floor":28,"key":"PowerPotion"},{"floor":31,"key":"Poison Potion"}],"is_trial":false,"path_per_floor":["M","M","?","M","$","E","R","M","T","M","$","M","R","E","R","B",null,"M","M","?","M","$","R","?","?","T","M","M","$","?","M","R","B"],"character_chosen":"IRONCLAD","items_purchased":["Strawberry","Pommel Strike","Medical Kit","Inflame","Headbutt"],"campfire_rested":1,"item_purchase_floors":[5,11,22,22,29],"current_hp_per_floor":[77,73,78,77,84,62,62,62,62,60,60,58,58,52,52,27,74,67,60,60,50,50,50,50,50,50,31,28,28,28,13,39,0],"gold":58,"neow_bonus":"TWO_FIFTY_GOLD","is_prod":false,"is_daily":false,"chose_seed":false,"campfire_upgraded":4,"win_rate":0,"timestamp":1555438361,"path_taken":["M","?","?","M","?","E","R","M","T","M","$","M","R","E","R","BOSS","M","M","?","M","$","R","?","?","T","?","M","$","?","M","R","BOSS"],"build_version":"2019-01-23","purchased_purges":2,"victory":false,"max_hp_per_floor":[80,80,85,85,89,89,89,89,89,89,89,89,89,89,89,89,89,89,89,89,89,89,89,89,89,89,89,89,89,89,89,89,89],"card_choices":[{"not_picked":["Havoc","Seeing Red"],"picked":"Rage","floor":1},{"not_picked":["Anger","Reckless Charge"],"picked":"Spot Weakness","floor":2},{"not_picked":["Clash","Clothesline"],"picked":"Sword Boomerang","floor":4},{"not_picked":["Rupture","Heavy Blade"],"picked":"Armaments","floor":6},{"not_picked":["Searing Blow","Headbutt"],"picked":"Carnage","floor":8},{"not_picked":["Iron Wave","Pommel Strike"],"picked":"Cleave","floor":10},{"not_picked":["Searing Blow","Brutality"],"picked":"True Grit","floor":12},{"not_picked":["Disarm","Clothesline"],"picked":"Shrug It Off","floor":14},{"not_picked":["Reaper","Demon Form"],"picked":"Immolate","floor":16},{"not_picked":["Clothesline+1"],"picked":"SKIP","floor":18},{"not_picked":["Clothesline"],"picked":"SKIP","floor":19},{"not_picked":["Body Slam+1"],"picked":"SKIP","floor":21},{"not_picked":["Combust"],"picked":"SKIP","floor":27},{"not_picked":["Twin Strike"],"picked":"SKIP","floor":28},{"not_picked":[],"picked":"Seeing Red+1","floor":31}],"player_experience":140562,"relics_obtained":[{"floor":6,"key":"Whetstone"},{"floor":9,"key":"Tiny Chest"},{"floor":14,"key":"Pantograph"},{"floor":26,"key":"PreservedInsect"}],"event_choices":[{"damage_healed":0,"gold_gain":0,"player_choice":"Donut","damage_taken":0,"max_hp_gain":5,"max_hp_loss":0,"event_name":"Big Fish","floor":3,"gold_loss":0},{"damage_healed":0,"gold_gain":0,"cards_transformed":["Strike_R","Strike_R"],"player_choice":"Became Test Subject","damage_taken":0,"max_hp_gain":0,"max_hp_loss":0,"event_name":"Drug Dealer","floor":20,"gold_loss":0,"cards_obtained":["Shrug It Off","Sentinel"]},{"damage_healed":0,"gold_gain":0,"player_choice":"Ignored","damage_taken":0,"max_hp_gain":0,"max_hp_loss":0,"event_name":"Ghosts","floor":24,"gold_loss":0},{"damage_healed":0,"gold_gain":0,"player_choice":"Simplicity","damage_taken":0,"max_hp_gain":0,"max_hp_loss":0,"event_name":"Back to Basics","floor":25,"gold_loss":0,"cards_upgraded":["Defend_R","Defend_R","Defend_R","Defend_R"]},{"damage_healed":0,"gold_gain":0,"player_choice":"Forge","damage_taken":0,"max_hp_gain":0,"max_hp_loss":0,"event_name":"Accursed Blacksmith","floor":30,"gold_loss":0,"cards_upgraded":["Shrug It Off"]}],"is_beta":false,"boss_relics":[{"not_picked":["Coffee Dripper","Astrolabe"],"picked":"Busted Crown"}],"items_purged_floors":[5,11],"is_endless":false,"potions_floor_spawned":[2,4,8,18,21,28,31],"killed_by":"Automaton","ascension_level":9}