{"gold_per_floor":[114,128,89,18,33,64,80,80,80,80,98,126,144,164,164,262,262,281,281,294,310,321,321,339,339,408,408,408,421,421,431,431,530,530,550,567,615,615,630,630,650,650,676,691,702,702,151,168,168,168],"floor_reached":50,"playtime":2990,"items_purged":["Strike_B+1"],"score":510,"play_id":"39897141-2bce-490e-8086-4660d88f5f73","local_time":"20190311000120","is_ascension_mode":true,"campfire_choices":[{"floor":8,"key":"REST"},{"floor":10,"key":"REST"},{"floor":15,"key":"REST"},{"floor":23,"key":"REST"},{"floor":27,"key":"REST"},{"floor":30,"key":"REST"},{"floor":32,"key":"REST"},{"floor":40,"key":"REST"},{"floor":42,"key":"REST"},{"floor":46,"key":"REST"},{"floor":49,"key":"REST"}],"neow_cost":"NONE","seed_source_timestamp":114052353600,"circlet_count":0,"master_deck":["Strike_B+1","Strike_B+1","Strike_B+1","Defend_B+1","Defend_B+1","Defend_B+1","Defend_B+1","Zap+1","Dualcast","Static Discharge","Darkness","Melter","Fusion","Rip and Tear","Machine Learning","Redo","Conserve Battery","Steam","Stack","Amplify","Auto Shields+1","Undo","Streamline+1","Leap","Sweeping Beam+1","Ball Lightning+1","Machine Learning","Leap","Beam Cell+1","Ball Lightning","Auto Shields","Electrodynamics","Gash","Cold Snap","Rebound","Redo+1","Self Repair+1","Go for the Eyes+1","Coolheaded+1","Gash+1","Stack+1","Steam+1","FTL","Madness+1","Chaos+1","Stack+1"],"relics":["Cracked Core","Matryoshka","Dodecahedron","Mummified Hand","Velvet Choker","Dream Catcher","Bottled Lightning","Calling Bell","Bronze Scales","Toxic Egg 2","Girya","Oddly Smooth Stone","Vajra","MealTicket"],"potions_floor_usage":[22,24,33,44,44,45,50],"damage_taken":[{"damage":2,"enemies":"Jaw Worm","floor":1,"turns":4},{"damage":0,"enemies":"Cultist","floor":2,"turns":4},{"damage":0,"enemies":"2 Louse","floor":5,"turns":2},{"damage":30,"enemies":"Gremlin Nob","floor":6,"turns":4},{"damage":13,"enemies":"Red Slaver","floor":7,"turns":3},{"damage":1,"enemies":"2 Fungi Beasts","floor":11,"turns":3},{"damage":34,"enemies":"3 Sentries","floor":12,"turns":7},{"damage":25,"enemies":"Gremlin Gang","floor":13,"turns":4},{"damage":1,"enemies":"Red Slaver","floor":14,"turns":3},{"damage":17,"enemies":"Slime Boss","floor":16,"turns":10},{"damage":7,"enemies":"Shell Parasite","floor":18,"turns":5},{"damage":18,"enemies":"2 Thieves","floor":20,"turns":4},{"damage":21,"enemies":"Snecko","floor":21,"turns":6},{"damage":28,"enemies":"Centurion and Healer","floor":22,"turns":5},{"damage":11,"enemies":"Shelled Parasite and Fungi","floor":24,"turns":6},{"damage":1,"enemies":"Snecko","floor":29,"turns":5},{"damage":6,"enemies":"Snake Plant","floor":31,"turns":5},{"damage":47,"enemies":"Collector","floor":33,"turns":11},{"damage":10,"enemies":"3 Darklings","floor":35,"turns":3},{"damage":14,"enemies":"3 Shapes","floor":36,"turns":3},{"damage":31,"enemies":"Transient","floor":39,"turns":5},{"damage":12,"enemies":"Sphere and 2 Shapes","floor":41,"turns":4},{"damage":35,"enemies":"Maw","floor":44,"turns":7},{"damage":8,"enemies":"Jaw Worm Horde","floor":45,"turns":5},{"damage":26,"enemies":"Spire Growth","floor":48,"turns":6},{"damage":94,"enemies":"Donu and Deca","floor":50,"turns":8}],"seed_played":"7349511416406306602","potions_obtained":[{"floor":5,"key":"Dexterity Potion"},{"floor":12,"key":"SkillPotion"},{"floor":13,"key":"FocusPotion"},{"floor":16,"key":"PowerPotion"},{"floor":22,"key":"Dexterity Potion"},{"floor":24,"key":"Explosive Potion"},{"floor":29,"key":"AttackPotion"},{"floor":41,"key":"Poison Potion"},{"floor":45,"key":"FairyPotion"}],"is_trial":false,"path_per_floor":["M","M","?","$","M","E","M","R","T","R","M","E","M","M","R","B",null,"M","?","M","M","M","R","M","?","T","R","?","M","R","M","R","B",null,"M","M","T","?","M","R","M","R","T","M","M","R","$","M","R","B"],"character_chosen":"DEFECT","items_purchased":["Melter","MealTicket","Steam+1","Regen Potion","FTL","Madness+1"],"campfire_rested":11,"item_purchase_floors":[4,47,47,47,47,47],"current_hp_per_floor":[73,73,73,73,73,43,30,52,52,74,73,39,14,13,35,18,75,68,68,50,29,1,23,12,12,12,34,34,33,55,49,71,24,75,65,51,51,51,20,41,29,50,50,25,27,48,48,32,53,0],"gold":168,"neow_bonus":"UPGRADE_CARD","is_prod":false,"is_daily":false,"chose_seed":false,"campfire_upgraded":0,"win_rate":0,"timestamp":1552276880,"path_taken":["M","M","?","?","M","E","M","R","T","R","M","E","M","?","R","BOSS","M","?","M","M","?","R","M","?","T","R","?","?","R","M","R","BOSS","M","M","?","?","?","R","M","R","T","M","M","R","$","M","R","BOSS"],"build_version":"2019-01-23","purchased_purges":1,"victory":false,"max_hp_per_floor":[75,75,75,75,75,75,75,75,75,75,75,75,75,75,75,75,75,75,75,75,75,75,75,75,75,75,75,75,75,75,75,75,75,75,75,75,75,72,72,72,72,72,72,72,72,72,72,72,72,72],"card_choices":[{"not_picked":["Beam Cell","Darkness"],"picked":"Static Discharge","floor":1},{"not_picked":["Stack","Double Energy"],"picked":"Darkness","floor":2},{"not_picked":["Sunder","Compile Driver"],"picked":"Fusion","floor":5},{"not_picked":["Stack","Hologram"],"picked":"Rip and Tear","floor":6},{"not_picked":["Heatsinks","Sweeping Beam"],"picked":"Machine Learning","floor":7},{"not_picked":["Reinforced Body","Compile Driver"],"picked":"Redo","floor":11},{"not_picked":["Stack","Leap"],"picked":"Conserve Battery","floor":12},{"not_picked":["Beam Cell","Heatsinks"],"picked":"Steam","floor":13},{"not_picked":["Leap","Force Field"],"picked":"Stack","floor":14},{"not_picked":["Machine Learning","Meteor Strike"],"picked":"Amplify","floor":16},{"not_picked":["Conserve Battery+1","Sunder"],"picked":"Auto Shields+1","floor":18},{"not_picked":["Sweeping Beam","Heatsinks+1"],"picked":"Undo","floor":20},{"not_picked":["Beam Cell","Darkness"],"picked":"Streamline+1","floor":21},{"not_picked":["Turbo+1","Consume"],"picked":"Leap","floor":22},{"not_picked":["Coolheaded","Meteor Strike"],"picked":"Sweeping Beam+1","floor":24},{"not_picked":["Gash","Doom and Gloom"],"picked":"Ball Lightning+1","floor":27},{"not_picked":["Sweeping Beam","Rebound+1"],"picked":"Leap","floor":29},{"not_picked":["Coolheaded+1","Hologram+1"],"picked":"Beam Cell+1","floor":30},{"not_picked":["Streamline+1","Doom and Gloom"],"picked":"Ball Lightning","floor":31},{"not_picked":["Compile Driver","Go for the Eyes"],"picked":"Auto Shields","floor":32},{"not_picked":["Reboot","Core Surge"],"picked":"Electrodynamics","floor":33},{"not_picked":["Turbo+1","Fusion+1"],"picked":"Gash","floor":35},{"not_picked":["Darkness+1","Beam Cell+1"],"picked":"Cold Snap","floor":36},{"not_picked":["Turbo+1","Aggregate+1"],"picked":"Rebound","floor":39},{"not_picked":["Turbo+1","Lockon"],"picked":"Redo+1","floor":40},{"not_picked":["Beam Cell+1","Hologram+1"],"picked":"Self Repair+1","floor":41},{"not_picked":["Lockon+1","Barrage+1"],"picked":"Go for the Eyes+1","floor":42},{"not_picked":["Rebound","Core Surge"],"picked":"Coolheaded+1","floor":44},{"not_picked":["Go for the Eyes","Steam+1"],"picked":"Gash+1","floor":45},{"not_picked":["Conserve Battery+1","Compile Driver+1"],"picked":"Stack+1","floor":46},{"not_picked":["Turbo+1","Stack+1"],"picked":"Chaos+1","floor":48},{"not_picked":["Go for the Eyes+1","Gash"],"picked":"Stack+1","floor":49}],"player_experience":16705,"relics_obtained":[{"floor":6,"key":"Matryoshka"},{"floor":9,"key":"Dodecahedron"},{"floor":12,"key":"Mummified Hand"},{"floor":26,"key":"Dream Catcher"},{"floor":26,"key":"Bottled Lightning"},{"floor":34,"key":"Bronze Scales"},{"floor":34,"key":"Toxic Egg 2"},{"floor":34,"key":"Girya"},{"floor":37,"key":"Oddly Smooth Stone"},{"floor":43,"key":"Vajra"}],"event_choices":[{"damage_healed":0,"gold_gain":0,"player_choice":"Left Gold","damage_taken":0,"max_hp_gain":0,"max_hp_loss":0,"event_name":"World of Goop","floor":3,"gold_loss":39},{"damage_healed":0,"gold_gain":0,"player_choice":"Bought 0 Potions","damage_taken":0,"max_hp_gain":0,"max_hp_loss":0,"event_name":"The Woman in Blue","floor":19,"gold_loss":0},{"damage_healed":0,"gold_gain":0,"player_choice":"Simplicity","damage_taken":0,"max_hp_gain":0,"max_hp_loss":0,"event_name":"Back to Basics","floor":25,"gold_loss":0,"cards_upgraded":["Strike_B","Strike_B","Strike_B","Strike_B","Defend_B","Defend_B","Defend_B","Defend_B"]},{"damage_healed":0,"gold_gain":0,"player_choice":"1 cards matched","damage_taken":0,"max_hp_gain":0,"max_hp_loss":0,"event_name":"Match and Keep!","floor":28,"gold_loss":0,"cards_obtained":["Machine Learning"]},{"cards_removed":["Parasite","Decay","Regret"],"damage_healed":0,"gold_gain":0,"player_choice":"Removed Curses","damage_taken":0,"max_hp_gain":0,"max_hp_loss":0,"event_name":"Fountain of Cleansing","floor":38,"gold_loss":0}],"is_beta":false,"boss_relics":[{"not_picked":["Runic Dome","Philosopher\u0027s Stone"],"picked":"Velvet Choker"},{"not_picked":["Black Star","Cursed Key"],"picked":"Calling Bell"}],"items_purged_floors":[47],"is_endless":false,"potions_floor_spawned":[5,12,13,16,18,22,24,29,41,45],"killed_by":"Donu and Deca","ascension_level":1}