{"gold_per_floor":[109,209,229,243,85,120,120,120,120,20,20,34,34,44,44,147,147,157,157,172,192,211,211,223,223,223,242,30,48,62,62,62,62],"floor_reached":33,"playtime":1287,"items_purged":["Strike_R","Strike_R","Strike_R"],"score":414,"play_id":"1ce10b42-6dfd-4313-a60d-914d3a299c86","local_time":"20190510184423","is_ascension_mode":true,"campfire_choices":[{"data":"Carnage","floor":7,"key":"SMITH"},{"data":"Bash","floor":11,"key":"SMITH"},{"data":"Iron Wave","floor":13,"key":"SMITH"},{"data":"Clothesline","floor":15,"key":"SMITH"},{"data":"True Grit","floor":23,"key":"SMITH"},{"data":"Pommel Strike","floor":25,"key":"SMITH"},{"data":"Panacea","floor":32,"key":"SMITH"}],"neow_cost":"NONE","seed_source_timestamp":29544904087500,"circlet_count":0,"master_deck":["AscendersBane","Strike_R","Strike_R","Defend_R","Defend_R","Defend_R","Defend_R","Bash+1","Pommel Strike+1","Headbutt","Carnage+1","Shrug It Off","Iron Wave+1","Clothesline+1","True Grit+1","Panacea+1"],"relics":["Burning Blood","Meat on the Bone","Question Card","Busted Crown","Red Skull","Sundial"],"potions_floor_usage":[16,24],"damage_taken":[{"damage":9,"enemies":"Jaw Worm","floor":1,"turns":4},{"damage":1,"enemies":"Cultist","floor":3,"turns":3},{"damage":3,"enemies":"2 Louse","floor":4,"turns":3},{"damage":32,"enemies":"Gremlin Nob","floor":6,"turns":4},{"damage":0,"enemies":"Exordium Wildlife","floor":12,"turns":4},{"damage":10,"enemies":"Exordium Thugs","floor":14,"turns":5},{"damage":58,"enemies":"Hexaghost","floor":16,"turns":12},{"damage":0,"enemies":"Spheric Guardian","floor":18,"turns":3},{"damage":22,"enemies":"2 Thieves","floor":20,"turns":4},{"damage":0,"enemies":"Snecko","floor":21,"turns":3},{"damage":12,"enemies":"Snake Plant","floor":22,"turns":3},{"damage":23,"enemies":"Cultist and Chosen","floor":24,"turns":7},{"damage":32,"enemies":"3 Cultists","floor":27,"turns":6},{"damage":19,"enemies":"Sentry and Sphere","floor":29,"turns":5},{"damage":0,"enemies":"Snake Plant","floor":30,"turns":2},{"damage":87,"enemies":"Champ","floor":33,"turns":8}],"seed_played":"4321284259031623060","potions_obtained":[{"floor":4,"key":"SkillPotion"},{"floor":6,"key":"Dexterity Potion"},{"floor":14,"key":"BloodPotion"},{"floor":18,"key":"GamblersBrew"}],"is_trial":false,"path_per_floor":["M","?","M","M","$","E","R","?","T","$","R","M","R","M","R","B",null,"M","?","M","M","M","R","M","R","T","M","$","M","M","?","R","B"],"character_chosen":"IRONCLAD","items_purchased":["Carnage","Shrug It Off","Panacea"],"campfire_rested":0,"item_purchase_floors":[5,5,28],"current_hp_per_floor":[77,77,82,85,85,59,59,64,64,64,64,70,70,66,66,26,76,82,64,60,66,60,60,64,64,64,50,50,49,67,67,67,0],"gold":62,"neow_bonus":"TEN_PERCENT_HP_BONUS","is_prod":false,"is_daily":false,"chose_seed":false,"campfire_upgraded":7,"win_rate":0,"timestamp":1557528263,"path_taken":["M","?","M","M","?","E","R","?","T","$","R","M","R","?","R","BOSS","M","?","M","M","M","R","M","R","T","M","?","?","M","?","R","BOSS"],"build_version":"2019-01-23","purchased_purges":3,"victory":false,"max_hp_per_floor":[88,88,88,88,88,88,88,93,93,93,93,93,93,93,93,93,93,93,98,98,98,98,98,98,98,98,98,98,98,98,98,98,98],"card_choices":[{"not_picked":["Shrug It Off","Burning Pact"],"picked":"Pommel Strike","floor":1},{"not_picked":["Warcry","Seeing Red","Second Wind"],"picked":"SKIP","floor":3},{"not_picked":["Twin Strike","Sever Soul"],"picked":"Headbutt","floor":4},{"not_picked":["Body Slam","Sword Boomerang"],"picked":"Iron Wave","floor":6},{"not_picked":["Shockwave","Perfected Strike","Sword Boomerang"],"picked":"Clothesline","floor":12},{"not_picked":["Twin Strike","Wild Strike","Anger","Heavy Blade"],"picked":"SKIP","floor":14},{"not_picked":["Havoc"],"picked":"True Grit","floor":18},{"not_picked":["Warcry+1","Headbutt"],"picked":"SKIP","floor":20},{"not_picked":["Anger+1","Sever Soul"],"picked":"SKIP","floor":21},{"not_picked":["Flex","Sword Boomerang"],"picked":"SKIP","floor":22},{"not_picked":["Cleave","Pommel Strike+1"],"picked":"SKIP","floor":24},{"not_picked":["Clash+1","Armaments"],"picked":"SKIP","floor":27},{"not_picked":["Headbutt+1","Rupture+1"],"picked":"SKIP","floor":29},{"not_picked":["Cleave","Fire Breathing"],"picked":"SKIP","floor":30}],"player_experience":246924,"relics_obtained":[{"floor":6,"key":"Meat on the Bone"},{"floor":9,"key":"Question Card"},{"floor":26,"key":"Red Skull"}],"event_choices":[{"damage_healed":0,"gold_gain":100,"player_choice":"Pray","damage_taken":0,"max_hp_gain":0,"max_hp_loss":0,"event_name":"Golden Shrine","floor":2,"gold_loss":0},{"damage_healed":0,"gold_gain":0,"player_choice":"Donut","damage_taken":0,"max_hp_gain":5,"max_hp_loss":0,"event_name":"Big Fish","floor":8,"gold_loss":0},{"damage_healed":0,"gold_gain":0,"player_choice":"Shed Blood","damage_taken":23,"max_hp_gain":5,"max_hp_loss":0,"event_name":"Forgotten Altar","floor":19,"gold_loss":0},{"damage_healed":0,"gold_gain":0,"player_choice":"Opened","damage_taken":0,"relics_obtained":["Sundial"],"max_hp_gain":0,"max_hp_loss":0,"event_name":"The Mausoleum","floor":31,"gold_loss":0}],"is_beta":false,"boss_relics":[{"not_picked":["Orrery","Velvet Choker"],"picked":"Busted Crown"}],"items_purged_floors":[5,10,28],"is_endless":false,"potions_floor_spawned":[4,6,14,18],"killed_by":"Champ","ascension_level":11}