{"gold_per_floor":[219,231,51,69,69,69,85,116,116,116,116,41,41,69,69,142,142,159,178,78,78,24,24,42,42,117,142,217,217,233,233],"floor_reached":31,"playtime":879,"items_purged":["Strike_R","Strike_R"],"score":444,"play_id":"1ed9581c-e9f8-48ee-9754-b00814bf4297","local_time":"20190606170055","is_ascension_mode":true,"campfire_choices":[{"data":"Bash","floor":6,"key":"SMITH"},{"data":"Carnage","floor":11,"key":"SMITH"},{"data":"Rage","floor":15,"key":"SMITH"},{"data":"Sword Boomerang","floor":23,"key":"SMITH"},{"data":"Pommel Strike","floor":25,"key":"SMITH"},{"data":"Defend_R","floor":29,"key":"SMITH"}],"neow_cost":"NONE","seed_source_timestamp":170194279200,"circlet_count":0,"master_deck":["AscendersBane","Strike_R","Strike_R","Strike_R","Defend_R+1","Defend_R","Defend_R","Defend_R","Bash+1","Sword Boomerang+1","Cleave+1","Carnage+1","Rage+1","True Grit+1","Pommel Strike+1","Armaments+1","Flame Barrier+1","Shrug It Off+1","Double Tap+1","Flex+1","Shrug It Off+1"],"relics":["Burning Blood","Toxic Egg 2","Bottled Lightning","Sundial","Sozu","Darkstone Periapt","Regal Pillow","Matryoshka"],"potions_floor_usage":[8,16,27],"damage_taken":[{"damage":5,"enemies":"Cultist","floor":1,"turns":4},{"damage":4,"enemies":"Jaw Worm","floor":2,"turns":4},{"damage":7,"enemies":"2 Louse","floor":4,"turns":3},{"damage":8,"enemies":"2 Fungi Beasts","floor":7,"turns":3},{"damage":26,"enemies":"Lagavulin","floor":8,"turns":6},{"damage":15,"enemies":"3 Sentries","floor":14,"turns":9},{"damage":24,"enemies":"The Guardian","floor":16,"turns":15},{"damage":2,"enemies":"3 Byrds","floor":18,"turns":4},{"damage":16,"enemies":"2 Thieves","floor":19,"turns":4},{"damage":7,"enemies":"Centurion and Healer","floor":24,"turns":4},{"damage":17,"enemies":"Book of Stabbing","floor":27,"turns":6},{"damage":2,"enemies":"Cultist and Chosen","floor":30,"turns":6},{"damage":59,"enemies":"Gremlin Leader","floor":31,"turns":4}],"seed_played":"1791181410933317107","potions_obtained":[{"floor":2,"key":"Fire Potion"},{"floor":4,"key":"AttackPotion"},{"floor":14,"key":"Swift Potion"}],"is_trial":false,"path_per_floor":["M","M","$","M","?","R","M","E","T","?","R","$","?","E","R","B",null,"M","M","$","?","$","R","M","R","T","E","T","R","M","E"],"character_chosen":"IRONCLAD","items_purchased":["Carnage","Rage","Flame Barrier+1","Shrug It Off+1"],"campfire_rested":0,"item_purchase_floors":[3,3,12,22],"current_hp_per_floor":[69,71,71,70,70,70,68,48,48,48,48,48,48,39,39,21,62,66,56,56,56,56,56,55,55,55,44,44,44,48,0],"gold":233,"neow_bonus":"HUNDRED_GOLD","is_prod":false,"is_daily":false,"chose_seed":false,"campfire_upgraded":6,"win_rate":0,"timestamp":1559854855,"path_taken":["M","?","$","M","?","R","?","E","T","?","R","$","?","E","R","BOSS","M","M","$","?","?","R","M","R","T","E","?","R","M","E"],"build_version":"2019-01-23","purchased_purges":2,"victory":false,"max_hp_per_floor":[75,75,75,75,75,75,75,75,75,75,75,75,75,75,75,75,75,75,75,75,75,75,75,75,75,75,75,75,75,75,75],"card_choices":[{"not_picked":["Corruption","Anger"],"picked":"Sword Boomerang","floor":1},{"not_picked":["Heavy Blade","Havoc"],"picked":"Cleave","floor":2},{"not_picked":["Perfected Strike","Twin Strike"],"picked":"True Grit","floor":4},{"not_picked":["True Grit","Offering"],"picked":"Pommel Strike","floor":7},{"not_picked":["Disarm","Fiend Fire"],"picked":"Armaments","floor":8},{"not_picked":["Havoc+1","Headbutt"],"picked":"Shrug It Off+1","floor":14},{"not_picked":["Brutality","Offering+1"],"picked":"Double Tap+1","floor":16},{"not_picked":["Thunderclap","True Grit+1"],"picked":"Flex+1","floor":18},{"not_picked":["Infernal Blade+1","Blood for Blood","Clash"],"picked":"SKIP","floor":19},{"not_picked":["Entrench+1","Wild Strike","Perfected Strike"],"picked":"SKIP","floor":24},{"not_picked":["Bloodletting+1","Offering+1","Infernal Blade+1"],"picked":"SKIP","floor":27},{"not_picked":["Body Slam","Warcry+1","Seeing Red+1"],"picked":"SKIP","floor":30}],"player_experience":378233,"relics_obtained":[{"floor":8,"key":"Toxic Egg 2"},{"floor":9,"key":"Bottled Lightning"},{"floor":14,"key":"Sundial"},{"floor":26,"key":"Darkstone Periapt"},{"floor":27,"key":"Regal Pillow"},{"floor":28,"key":"Matryoshka"}],"event_choices":[{"damage_healed":0,"gold_gain":0,"player_choice":"Got Potions","damage_taken":0,"max_hp_gain":0,"max_hp_loss":0,"event_name":"Lab","floor":5,"gold_loss":0},{"damage_healed":0,"gold_gain":0,"player_choice":"Grow","damage_taken":0,"max_hp_gain":0,"max_hp_loss":0,"event_name":"Living Wall","floor":10,"gold_loss":0,"cards_upgraded":["True Grit"]},{"damage_healed":0,"gold_gain":0,"player_choice":"Ignored","damage_taken":0,"max_hp_gain":0,"max_hp_loss":0,"event_name":"Shining Light","floor":13,"gold_loss":0},{"damage_healed":0,"gold_gain":0,"player_choice":"Upgraded","damage_taken":0,"max_hp_gain":0,"max_hp_loss":0,"event_name":"Upgrade Shrine","floor":21,"gold_loss":0,"cards_upgraded":["Cleave"]}],"is_beta":false,"boss_relics":[{"not_picked":["Pandora\u0027s Box","Runic Pyramid"],"picked":"Sozu"}],"items_purged_floors":[3,20],"is_endless":false,"potions_floor_spawned":[2,4,14,18,19],"killed_by":"Gremlin Leader","ascension_level":14}