{"gold_per_floor":[111,111,125,140,156,156,175,202,202,202,221,235,263,281,281,281],"floor_reached":16,"playtime":444,"items_purged":[],"score":209,"play_id":"2279640d-6a30-45ec-bc47-cb78255e9b44","local_time":"20190616214845","is_ascension_mode":true,"campfire_choices":[{"data":"Searing Blow","floor":6,"key":"SMITH"},{"data":"Searing Blow+1","floor":10,"key":"SMITH"},{"floor":15,"key":"REST"}],"neow_cost":"NONE","seed_source_timestamp":44457919731400,"circlet_count":0,"master_deck":["AscendersBane","Strike_R","Strike_R","Strike_R","Strike_R","Defend_R","Defend_R","Defend_R","Defend_R","Bash","Infernal Blade","Whirlwind","Searing Blow+2","Armaments","Pommel Strike","Metallicize","Iron Wave","Armaments","Rage"],"relics":["Burning Blood","Bird Faced Urn","Omamori","Boot"],"potions_floor_usage":[8,13,13],"damage_taken":[{"damage":0,"enemies":"2 Louse","floor":1,"turns":3},{"damage":0,"enemies":"Cultist","floor":3,"turns":2},{"damage":9,"enemies":"Small Slimes","floor":4,"turns":2},{"damage":0,"enemies":"2 Fungi Beasts","floor":5,"turns":3},{"damage":6,"enemies":"Looter","floor":7,"turns":2},{"damage":24,"enemies":"Lagavulin","floor":8,"turns":7},{"damage":11,"enemies":"Blue Slaver","floor":11,"turns":4},{"damage":13,"enemies":"Red Slaver","floor":12,"turns":4},{"damage":47,"enemies":"Gremlin Nob","floor":13,"turns":6},{"damage":3,"enemies":"3 Louse","floor":14,"turns":3},{"damage":38,"enemies":"Slime Boss","floor":16,"turns":6}],"seed_played":"3727123124693202850","potions_obtained":[{"floor":3,"key":"Dexterity Potion"},{"floor":5,"key":"Poison Potion"},{"floor":12,"key":"EssenceOfSteel"}],"is_trial":false,"path_per_floor":["M","?","M","M","M","R","M","E","T","R","M","M","E","M","R","B"],"character_chosen":"IRONCLAD","items_purchased":[],"campfire_rested":1,"item_purchase_floors":[],"current_hp_per_floor":[74,70,75,72,75,75,75,57,57,57,52,47,8,13,35,0],"gold":281,"neow_bonus":"TRANSFORM_CARD","is_prod":false,"is_daily":false,"chose_seed":false,"campfire_upgraded":2,"win_rate":0,"timestamp":1560736125,"path_taken":["M","?","M","M","M","R","M","E","T","R","M","M","E","?","R","BOSS"],"build_version":"2019-01-23","purchased_purges":0,"victory":false,"max_hp_per_floor":[75,75,75,75,75,75,75,75,75,75,75,75,75,75,75,75],"card_choices":[{"not_picked":["Headbutt","Twin Strike"],"picked":"Whirlwind","floor":1},{"not_picked":["Fire Breathing","Iron Wave"],"picked":"Searing Blow","floor":3},{"not_picked":["Flex","Seeing Red"],"picked":"Armaments","floor":4},{"not_picked":["Combust","Burning Pact"],"picked":"Pommel Strike","floor":5},{"not_picked":["Headbutt","Entrench"],"picked":"Metallicize","floor":7},{"not_picked":["Thunderclap","Sentinel"],"picked":"Iron Wave","floor":8},{"not_picked":["Anger","Perfected Strike","Wild Strike"],"picked":"SKIP","floor":11},{"not_picked":["Dropkick","Sentinel","Blood for Blood"],"picked":"SKIP","floor":12},{"not_picked":["Wild Strike","Shockwave"],"picked":"Armaments","floor":13},{"not_picked":["Offering","Evolve"],"picked":"Rage","floor":14}],"player_experience":402638,"relics_obtained":[{"floor":8,"key":"Bird Faced Urn"},{"floor":9,"key":"Omamori"},{"floor":13,"key":"Boot"}],"event_choices":[{"damage_healed":0,"gold_gain":0,"player_choice":"Bought 0 Potions","damage_taken":0,"max_hp_gain":0,"max_hp_loss":0,"event_name":"The Woman in Blue","floor":2,"gold_loss":0}],"is_beta":false,"boss_relics":[],"items_purged_floors":[],"is_endless":false,"potions_floor_spawned":[3,5,7,12],"killed_by":"Slime Boss","ascension_level":16}