{"gold_per_floor":[10,26,40,58,58,58,83,100,152,38,38,69,81,81,81,177,177,196,196,196,121,137,169,169,99,99,62,81,93,128,142,142,239,239,258,258,258,161,175,201,221,238,238,238,238,238,255,274,274,274],"floor_reached":50,"playtime":4024,"items_purged":["Defend_B"],"score":620,"play_id":"b758c541-75a4-463d-a603-11c4d80ac1aa","local_time":"20190709193914","is_ascension_mode":true,"campfire_choices":[{"data":"Zap","floor":6,"key":"SMITH"},{"data":"Redo","floor":11,"key":"SMITH"},{"data":"Dualcast","floor":15,"key":"SMITH"},{"data":"Conserve Battery","floor":24,"key":"SMITH"},{"data":"Static Discharge","floor":32,"key":"SMITH"},{"floor":44,"key":"REST"},{"data":"Biased Cognition","floor":46,"key":"SMITH"},{"floor":49,"key":"REST"}],"neow_cost":"NO_GOLD","seed_source_timestamp":45960282189326,"circlet_count":0,"master_deck":["Strike_B","Defend_B","Defend_B","Zap+1","Reboot+1","Electrodynamics","Auto Shields","Cold Snap","Conserve Battery+1","Redo+1","Blizzard","Doom and Gloom","Chill+1","Biased Cognition+1","Capacitor","Static Discharge+1","Loop","Skim+1","Finesse","Parasite"],"special_seed":0,"relics":["Cracked Core","FossilizedHelix","Odd Mushroom","Bronze Scales","Du-Vu Doll","Busted Crown","Matryoshka","Mummified Hand","War Paint","Pen Nib","Nuclear Battery","PreservedInsect","Meat on the Bone","Shuriken"],"potions_floor_usage":[41,41,50,50],"damage_taken":[{"damage":0,"enemies":"Cultist","floor":1,"turns":4},{"damage":0,"enemies":"Small Slimes","floor":2,"turns":2},{"damage":2,"enemies":"Jaw Worm","floor":3,"turns":3},{"damage":0,"enemies":"3 Louse","floor":4,"turns":3},{"damage":0,"enemies":"The Mushroom Lair","floor":7,"turns":4},{"damage":0,"enemies":"2 Fungi Beasts","floor":8,"turns":3},{"damage":0,"enemies":"Gremlin Nob","floor":12,"turns":3},{"damage":0,"enemies":"Exordium Wildlife","floor":13,"turns":2},{"damage":15,"enemies":"Hexaghost","floor":16,"turns":7},{"damage":0,"enemies":"Shell Parasite","floor":18,"turns":3},{"damage":0,"enemies":"Chosen","floor":22,"turns":3},{"damage":7,"enemies":"Book of Stabbing","floor":23,"turns":5},{"damage":0,"enemies":"Snake Plant","floor":28,"turns":3},{"damage":0,"enemies":"Snecko","floor":29,"turns":4},{"damage":10,"enemies":"Gremlin Leader","floor":30,"turns":6},{"damage":0,"enemies":"Cultist and Chosen","floor":31,"turns":4},{"damage":12,"enemies":"Collector","floor":33,"turns":7},{"damage":0,"enemies":"Orb Walker","floor":35,"turns":2},{"damage":0,"enemies":"3 Shapes","floor":39,"turns":1},{"damage":19,"enemies":"Nemesis","floor":40,"turns":7},{"damage":0,"enemies":"Writhing Mass","floor":41,"turns":4},{"damage":31,"enemies":"4 Shapes","floor":42,"turns":5},{"damage":0,"enemies":"Jaw Worm Horde","floor":47,"turns":2},{"damage":6,"enemies":"Spire Growth","floor":48,"turns":4},{"damage":62,"enemies":"Donu and Deca","floor":50,"turns":7}],"seed_played":"808203272740206982","potions_obtained":[{"floor":1,"key":"Swift Potion"},{"floor":4,"key":"Block Potion"},{"floor":8,"key":"Fire Potion"},{"floor":41,"key":"Fire Potion"},{"floor":47,"key":"SkillPotion"}],"is_trial":false,"path_per_floor":["M","M","M","M","T","R","?","M","T","$","R","E","M","?","R","B",null,"M","?","?","?","M","E","R","$","T","$","M","M","E","M","R","B",null,"M","?","?","$","M","E","M","M","T","R","?","R","M","M","R","B"],"character_chosen":"DEFECT","items_purchased":["Blizzard","Capacitor","Static Discharge","Finesse"],"campfire_rested":2,"item_purchase_floors":[10,25,27,38],"current_hp_per_floor":[75,75,73,73,73,73,73,73,73,73,73,73,73,73,73,58,75,75,75,75,75,75,68,68,68,68,68,68,68,58,58,58,46,75,75,75,71,71,71,52,52,21,21,42,42,42,42,36,57,0],"gold":274,"neow_bonus":"TRANSFORM_TWO_CARDS","is_prod":false,"is_daily":false,"chose_seed":false,"campfire_upgraded":6,"win_rate":0,"timestamp":1562726354,"path_taken":["M","M","M","M","?","R","?","M","T","?","R","E","M","?","R","BOSS","M","?","?","?","M","E","R","$","T","?","M","M","E","M","R","BOSS","M","?","?","$","M","E","M","M","T","R","?","R","M","M","R","BOSS"],"build_version":"2019-07-05","purchased_purges":1,"victory":false,"max_hp_per_floor":[75,75,75,75,75,75,75,75,75,75,75,75,75,75,75,75,75,75,75,75,75,75,75,75,75,75,75,75,75,75,75,75,75,75,75,75,71,71,71,71,71,71,71,71,71,71,71,71,71,71],"card_choices":[{"not_picked":["Compile Driver","Sweeping Beam"],"picked":"Auto Shields","floor":1},{"not_picked":["Streamline","BootSequence"],"picked":"Cold Snap","floor":2},{"not_picked":["Hologram","Rebound"],"picked":"Conserve Battery","floor":3},{"not_picked":["Skim","Coolheaded","Meteor Strike"],"picked":"SKIP","floor":4},{"not_picked":["Auto Shields","Barrage"],"picked":"Redo","floor":8},{"not_picked":["Rip and Tear","Lockon"],"picked":"Doom and Gloom","floor":12},{"not_picked":["Redo","Stack"],"picked":"Chill","floor":13},{"not_picked":["Meteor Strike","Creative AI"],"picked":"Biased Cognition","floor":16},{"not_picked":["Cold Snap"],"picked":"SKIP","floor":18},{"not_picked":["Cold Snap+1"],"picked":"SKIP","floor":22},{"not_picked":["Reprogram+1"],"picked":"SKIP","floor":23},{"not_picked":["Hologram"],"picked":"SKIP","floor":28},{"not_picked":["Rebound+1"],"picked":"SKIP","floor":29},{"not_picked":[],"picked":"Loop","floor":30},{"not_picked":[],"picked":"Skim+1","floor":31},{"not_picked":["Melter"],"picked":"SKIP","floor":35},{"not_picked":["Compile Driver"],"picked":"SKIP","floor":39},{"not_picked":["Barrage"],"picked":"SKIP","floor":40},{"not_picked":["Rebound+1"],"picked":"SKIP","floor":41},{"not_picked":["Self Repair"],"picked":"SKIP","floor":42},{"not_picked":["Turbo+1"],"picked":"SKIP","floor":47},{"not_picked":["Sweeping Beam+1"],"picked":"SKIP","floor":48}],"player_experience":107935,"relics_obtained":[{"floor":5,"key":"FossilizedHelix"},{"floor":7,"key":"Odd Mushroom"},{"floor":9,"key":"Bronze Scales"},{"floor":12,"key":"Du-Vu Doll"},{"floor":23,"key":"Matryoshka"},{"floor":26,"key":"Mummified Hand"},{"floor":26,"key":"War Paint"},{"floor":30,"key":"Pen Nib"},{"floor":40,"key":"PreservedInsect"},{"floor":43,"key":"Meat on the Bone"},{"floor":43,"key":"Shuriken"}],"event_choices":[{"damage_healed":0,"gold_gain":0,"player_choice":"Fought Mushrooms","damage_taken":0,"max_hp_gain":0,"max_hp_loss":0,"event_name":"Mushrooms","floor":7,"gold_loss":0},{"cards_removed":["Defend_B"],"damage_healed":0,"gold_gain":0,"player_choice":"Forget","damage_taken":0,"max_hp_gain":0,"max_hp_loss":0,"event_name":"Living Wall","floor":14,"gold_loss":0},{"damage_healed":0,"gold_gain":0,"player_choice":"Ignored","damage_taken":0,"max_hp_gain":0,"max_hp_loss":0,"event_name":"The Mausoleum","floor":19,"gold_loss":0},{"damage_healed":0,"gold_gain":0,"player_choice":"Ignored","damage_taken":0,"max_hp_gain":0,"max_hp_loss":0,"event_name":"Ghosts","floor":20,"gold_loss":0},{"cards_removed":["Strike_B"],"damage_healed":0,"gold_gain":0,"player_choice":"Gave Gold","damage_taken":0,"max_hp_gain":0,"max_hp_loss":0,"event_name":"Beggar","floor":21,"gold_loss":75},{"damage_healed":0,"gold_gain":0,"player_choice":"Ignored","damage_taken":0,"max_hp_gain":0,"max_hp_loss":0,"event_name":"Tomb of Lord Red Mask","floor":36,"gold_loss":0},{"damage_healed":0,"gold_gain":0,"player_choice":"Max HP","damage_taken":0,"max_hp_gain":0,"max_hp_loss":4,"event_name":"Winding Halls","floor":37,"gold_loss":0},{"cards_removed":["Dualcast"],"damage_healed":0,"gold_gain":0,"player_choice":"Removed Skill","damage_taken":0,"max_hp_gain":0,"max_hp_loss":0,"event_name":"Falling","floor":45,"gold_loss":0}],"is_beta":false,"boss_relics":[{"not_picked":["FrozenCore","Runic Dome"],"picked":"Busted Crown"},{"not_picked":["Eternal Feather","Philosopher\u0027s Stone"],"picked":"Nuclear Battery"}],"items_purged_floors":[10],"is_endless":false,"potions_floor_spawned":[1,4,8,13,16,29,30,31,35,40,41,47],"killed_by":"Donu and Deca","ascension_level":3}