{"gold_per_floor":[13,28,28,40,40,40,56,56,102,102,27,47,70,108,108,233,233,251,102,102,53,69,112,112,136,136,136],"floor_reached":27,"playtime":1101,"items_purged":["Strike_R","Strike_R"],"score":361,"play_id":"95e22954-4f83-4923-83c2-131d1e87ac82","local_time":"20190510161120","is_ascension_mode":true,"campfire_choices":[{"data":"Rampage","floor":6,"key":"SMITH"},{"floor":10,"key":"REST"},{"data":"Battle Trance","floor":15,"key":"SMITH"}],"neow_cost":"NO_GOLD","seed_source_timestamp":20547344216200,"circlet_count":0,"master_deck":["AscendersBane","Strike_R","Strike_R","Defend_R","Defend_R","Defend_R","Defend_R","Bash","Cleave","Rampage+1","Pommel Strike","Battle Trance+1","Rage+1","Shrug It Off"],"relics":["Burning Blood","Ice Cream","Golden Idol","Bronze Scales","Oddly Smooth Stone","Runic Cube","Pen Nib","Juzu Bracelet","Shuriken"],"potions_floor_usage":[16,16,23,23],"damage_taken":[{"damage":0,"enemies":"Small Slimes","floor":1,"turns":3},{"damage":0,"enemies":"2 Louse","floor":2,"turns":2},{"damage":14,"enemies":"Jaw Worm","floor":4,"turns":4},{"damage":14,"enemies":"Blue Slaver","floor":7,"turns":6},{"damage":1,"enemies":"2 Fungi Beasts","floor":12,"turns":3},{"damage":9,"enemies":"Red Slaver","floor":13,"turns":4},{"damage":6,"enemies":"Lagavulin","floor":14,"turns":5},{"damage":29,"enemies":"Slime Boss","floor":16,"turns":10},{"damage":38,"enemies":"2 Thieves","floor":18,"turns":4},{"damage":6,"enemies":"3 Byrds","floor":22,"turns":4},{"damage":2,"enemies":"Slavers","floor":23,"turns":3},{"damage":15,"enemies":"Centurion and Healer","floor":25,"turns":7},{"damage":33,"enemies":"Cultist and Chosen","floor":27,"turns":6}],"seed_played":"7990322501925803808","potions_obtained":[{"floor":2,"key":"SpeedPotion"},{"floor":4,"key":"Block Potion"},{"floor":12,"key":"Swift Potion"},{"floor":18,"key":"Strength Potion"},{"floor":22,"key":"AttackPotion"},{"floor":23,"key":"Poison Potion"}],"is_trial":false,"path_per_floor":["M","M","?","M","?","R","M","?","T","R","$","M","M","E","R","B",null,"M","$","?","$","M","E","?","M","T","M"],"character_chosen":"IRONCLAD","items_purchased":["Shrug It Off","AttackPotion"],"campfire_rested":1,"item_purchase_floors":[19,21],"current_hp_per_floor":[78,80,80,72,52,52,44,37,37,61,61,66,63,63,63,40,70,38,38,38,38,38,42,42,33,33,0],"gold":136,"neow_bonus":"ONE_RARE_RELIC","is_prod":false,"is_daily":false,"chose_seed":false,"campfire_upgraded":2,"win_rate":0,"timestamp":1557519080,"path_taken":["M","M","?","M","?","R","M","?","T","R","?","M","M","E","R","BOSS","M","$","?","$","M","E","?","M","T","M"],"build_version":"2019-01-23","purchased_purges":2,"victory":false,"max_hp_per_floor":[80,80,80,80,80,80,80,80,80,80,80,80,80,80,80,80,80,80,80,80,80,80,80,80,80,80,80],"card_choices":[{"not_picked":["Thunderclap","Anger"],"picked":"Cleave","floor":1},{"not_picked":["Combust","Power Through"],"picked":"Rampage","floor":2},{"not_picked":["Sever Soul","Heavy Blade"],"picked":"Pommel Strike","floor":4},{"not_picked":["True Grit","Burning Pact"],"picked":"Battle Trance","floor":7},{"not_picked":["Uppercut","Corruption","Hemokinesis"],"picked":"SKIP","floor":12},{"not_picked":["Fire Breathing","Uppercut"],"picked":"Rage","floor":13},{"not_picked":["Clash","Iron Wave","Clothesline"],"picked":"SKIP","floor":14},{"not_picked":["Heavy Blade","Anger","Perfected Strike"],"picked":"SKIP","floor":18},{"not_picked":["Reckless Charge+1","Cleave","Wild Strike"],"picked":"SKIP","floor":22},{"not_picked":["Dropkick","Heavy Blade+1","Second Wind"],"picked":"SKIP","floor":23},{"not_picked":["Disarm","Havoc","Blood for Blood"],"picked":"SKIP","floor":25}],"player_experience":237999,"relics_obtained":[{"floor":9,"key":"Bronze Scales"},{"floor":14,"key":"Oddly Smooth Stone"},{"floor":23,"key":"Juzu Bracelet"},{"floor":26,"key":"Shuriken"}],"event_choices":[{"damage_healed":0,"gold_gain":0,"player_choice":"Leave","damage_taken":0,"max_hp_gain":0,"max_hp_loss":0,"event_name":"The Cleric","floor":3,"gold_loss":0},{"damage_healed":0,"gold_gain":0,"player_choice":"Take Damage","damage_taken":20,"relics_obtained":["Golden Idol"],"max_hp_gain":0,"max_hp_loss":0,"event_name":"Golden Idol","floor":5,"gold_loss":0},{"cards_removed":["Strike_R"],"damage_healed":0,"gold_gain":0,"player_choice":"Card Removal","damage_taken":7,"max_hp_gain":0,"max_hp_loss":0,"event_name":"Golden Wing","floor":8,"gold_loss":0},{"damage_healed":0,"gold_gain":0,"player_choice":"Gave Potion","damage_taken":0,"relics_obtained":["Pen Nib"],"max_hp_gain":0,"max_hp_loss":0,"event_name":"WeMeetAgain","floor":20,"gold_loss":0},{"damage_healed":0,"gold_gain":0,"player_choice":"Forge","damage_taken":0,"max_hp_gain":0,"max_hp_loss":0,"event_name":"Accursed Blacksmith","floor":24,"gold_loss":0,"cards_upgraded":["Rage"]}],"is_beta":false,"boss_relics":[{"not_picked":["Coffee Dripper","Snecko Eye"],"picked":"Runic Cube"}],"items_purged_floors":[11,19],"is_endless":false,"potions_floor_spawned":[2,4,7,12,18,22,23],"killed_by":"Cultist and Chosen","ascension_level":11}