{"gold_per_floor":[115,115,129,129,140,140,167,181,207,207,207,224,77,88,88,193,193,193,118,118,118,118,118,118,118,118,118,71,71,71,71,71,71,71,71,71,71,71,71],"floor_reached":39,"playtime":1575,"items_purged":["Strike_R"],"score":474,"play_id":"5e9970c7-259f-4a7d-8341-9486135275c3","local_time":"20190411174943","is_ascension_mode":true,"campfire_choices":[{"data":"Cleave","floor":6,"key":"SMITH"},{"data":"Immolate","floor":11,"key":"SMITH"},{"data":"Flame Barrier","floor":15,"key":"SMITH"},{"data":"Demon Form","floor":23,"key":"SMITH"},{"floor":25,"key":"REST"},{"floor":30,"key":"REST"},{"data":"Armaments","floor":32,"key":"SMITH"}],"neow_cost":"CURSE","seed_source_timestamp":1554133893100,"circlet_count":0,"master_deck":["Strike_R","Strike_R","Defend_R","Defend_R","Defend_R","Defend_R","Bash","Carnage+1","Headbutt","Cleave+1","Flame Barrier+1","Immolate+1","Headbutt","Evolve","Twin Strike","Demon Form+1","Pommel Strike","Flex+1","Armaments+1","Uppercut+1","Shrug It Off","Infernal Blade+1","Feed","Shrug It Off+1","Dropkick","Iron Wave+1"],"relics":["Burning Blood","Champion Belt","Anchor","Dodecahedron","Ectoplasm","Ancient Tea Set","Pocketwatch","Velvet Choker"],"potions_floor_usage":[7,22,22,33,33,39],"damage_taken":[{"damage":1,"enemies":"2 Louse","floor":1,"turns":3},{"damage":0,"enemies":"Cultist","floor":3,"turns":2},{"damage":0,"enemies":"Small Slimes","floor":5,"turns":3},{"damage":15,"enemies":"The Mushroom Lair","floor":7,"turns":3},{"damage":21,"enemies":"Exordium Wildlife","floor":8,"turns":5},{"damage":0,"enemies":"Blue Slaver","floor":12,"turns":2},{"damage":0,"enemies":"Large Slime","floor":14,"turns":4},{"damage":34,"enemies":"Slime Boss","floor":16,"turns":8},{"damage":6,"enemies":"3 Byrds","floor":18,"turns":4},{"damage":0,"enemies":"Chosen","floor":21,"turns":3},{"damage":15,"enemies":"Shelled Parasite and Fungi","floor":22,"turns":3},{"damage":47,"enemies":"Book of Stabbing","floor":24,"turns":4},{"damage":21,"enemies":"Sentry and Sphere","floor":27,"turns":4},{"damage":7,"enemies":"3 Cultists","floor":29,"turns":3},{"damage":2,"enemies":"Snecko","floor":31,"turns":3},{"damage":53,"enemies":"Automaton","floor":33,"turns":8},{"damage":0,"enemies":"Orb Walker","floor":35,"turns":1},{"damage":40,"enemies":"3 Darklings","floor":37,"turns":4},{"damage":38,"enemies":"Writhing Mass","floor":38,"turns":6},{"damage":25,"enemies":"4 Shapes","floor":39,"turns":1}],"seed_played":"6551695325289869775","potions_obtained":[{"floor":3,"key":"Explosive Potion"},{"floor":5,"key":"Dexterity Potion"},{"floor":7,"key":"Ancient Potion"},{"floor":16,"key":"Strength Potion"},{"floor":18,"key":"SkillPotion"},{"floor":24,"key":"BloodPotion"},{"floor":29,"key":"Weak Potion"}],"is_trial":false,"path_per_floor":["M","?","M","?","M","R","?","M","T","T","R","M","$","M","R","B",null,"M","?","?","M","M","R","E","R","T","M","$","M","R","M","R","B",null,"M","?","M","M","M"],"character_chosen":"IRONCLAD","items_purchased":["Evolve","Shrug It Off"],"campfire_rested":2,"item_purchase_floors":[13,28],"current_hp_per_floor":[80,73,79,79,80,80,71,56,56,56,56,62,62,68,68,40,80,80,77,77,77,68,68,27,50,50,35,35,34,57,61,61,21,77,80,80,50,18,0],"gold":71,"neow_bonus":"ONE_RARE_RELIC","is_prod":false,"is_daily":false,"chose_seed":false,"campfire_upgraded":5,"win_rate":0,"timestamp":1555019383,"path_taken":["M","?","M","?","?","R","?","M","T","?","R","M","?","M","R","BOSS","M","?","?","?","M","R","E","R","T","M","$","?","R","M","R","BOSS","M","?","M","M","?"],"build_version":"2019-01-23","purchased_purges":1,"victory":false,"max_hp_per_floor":[80,80,80,80,80,80,80,80,80,80,80,80,80,80,80,80,80,80,77,77,77,77,77,77,77,77,77,77,77,77,77,77,77,77,80,80,84,84,84],"card_choices":[{"not_picked":["Shrug It Off","Rampage"],"picked":"Carnage","floor":1},{"not_picked":["Hemokinesis","Clothesline"],"picked":"Headbutt","floor":3},{"not_picked":["Clothesline","Iron Wave"],"picked":"Cleave","floor":5},{"not_picked":["Sword Boomerang","Iron Wave"],"picked":"Flame Barrier","floor":7},{"not_picked":["Spot Weakness","Battle Trance"],"picked":"Immolate","floor":8},{"not_picked":["Perfected Strike","True Grit"],"picked":"Headbutt","floor":12},{"not_picked":["Heavy Blade","Body Slam"],"picked":"Twin Strike","floor":14},{"not_picked":["Juggernaut","Barricade"],"picked":"Demon Form","floor":16},{"not_picked":["Reckless Charge","Anger","Warcry"],"picked":"SKIP","floor":18},{"not_picked":["Demon Form","Thunderclap"],"picked":"Pommel Strike","floor":21},{"not_picked":["Perfected Strike","Clothesline+1"],"picked":"Flex+1","floor":22},{"not_picked":["Searing Blow","Cleave"],"picked":"Armaments","floor":24},{"not_picked":["Heavy Blade+1","Searing Blow+1"],"picked":"Uppercut+1","floor":27},{"not_picked":["Blood for Blood+1","Thunderclap","Corruption+1"],"picked":"SKIP","floor":29},{"not_picked":["True Grit","Cleave+1"],"picked":"Infernal Blade+1","floor":31},{"not_picked":["Brutality","Impervious"],"picked":"Feed","floor":33},{"not_picked":["Heavy Blade","Twin Strike+1"],"picked":"Shrug It Off+1","floor":35},{"not_picked":["Uppercut","Cleave","Pummel+1"],"picked":"SKIP","floor":37},{"not_picked":["Thunderclap+1","Body Slam"],"picked":"Iron Wave+1","floor":38}],"player_experience":100798,"relics_obtained":[{"floor":9,"key":"Anchor"},{"floor":10,"key":"Dodecahedron"},{"floor":24,"key":"Ancient Tea Set"},{"floor":26,"key":"Pocketwatch"}],"event_choices":[{"cards_removed":["Strike_R"],"damage_healed":0,"gold_gain":0,"player_choice":"Card Removal","damage_taken":7,"max_hp_gain":0,"max_hp_loss":0,"event_name":"Golden Wing","floor":2,"gold_loss":0},{"damage_healed":0,"gold_gain":0,"player_choice":"Upgraded","damage_taken":0,"max_hp_gain":0,"max_hp_loss":0,"event_name":"Upgrade Shrine","floor":4,"gold_loss":0,"cards_upgraded":["Carnage"]},{"damage_healed":0,"gold_gain":0,"player_choice":"Fought Mushrooms","damage_taken":0,"max_hp_gain":0,"max_hp_loss":0,"event_name":"Mushrooms","floor":7,"gold_loss":0},{"cards_removed":["Parasite"],"damage_healed":0,"gold_gain":0,"player_choice":"Gave Gold","damage_taken":0,"max_hp_gain":0,"max_hp_loss":0,"event_name":"Beggar","floor":19,"gold_loss":75},{"damage_healed":0,"gold_gain":100,"player_choice":"Pray","damage_taken":0,"max_hp_gain":0,"max_hp_loss":0,"event_name":"Golden Shrine","floor":20,"gold_loss":0},{"damage_healed":0,"gold_gain":0,"cards_transformed":["Strike_R"],"player_choice":"Transformed","damage_taken":0,"max_hp_gain":0,"max_hp_loss":0,"event_name":"Transmorgrifier","floor":36,"gold_loss":0,"cards_obtained":["Dropkick"]}],"is_beta":false,"boss_relics":[{"not_picked":["White Beast Statue","Orrery"],"picked":"Ectoplasm"},{"not_picked":["Black Blood","Philosopher\u0027s Stone"],"picked":"Velvet Choker"}],"items_purged_floors":[13],"is_endless":false,"potions_floor_spawned":[3,5,7,16,18,24,29],"killed_by":"4 Shapes","ascension_level":4}