{"gold_per_floor":[119,119,119,190,92,130,150,150,150,150,150,150,164,184,184,314,314,335,360,61,81,94,94,118,118,118,118,133,133,133,149,149,279,279,295,319,319,333,357,373,706,717,740,740,752,752,762,106,106,106,106,106,70,70],"floor_reached":54,"playtime":3375,"items_purged":["Regret","Shame"],"score":722,"play_id":"bbc214b6-e1ac-42ad-b43e-80f9d6f36581","local_time":"20190318025054","is_ascension_mode":true,"campfire_choices":[{"floor":8,"key":"REST"},{"floor":11,"key":"RECALL"},{"floor":15,"key":"REST"},{"floor":23,"key":"REST"},{"floor":25,"key":"REST"},{"data":"Rainbow","floor":27,"key":"SMITH"},{"data":"Loop","floor":32,"key":"SMITH"},{"floor":44,"key":"REST"},{"floor":46,"key":"REST"},{"data":"Defragment","floor":49,"key":"SMITH"},{"data":"Leap","floor":52,"key":"SMITH"}],"neow_cost":"NONE","seed_source_timestamp":3082163396000,"circlet_count":0,"master_deck":["Defend_B","Defend_B","Defend_B","Defend_B","Zap","Dualcast","Multi-Cast","Chill","Go for the Eyes","Redo","Loop+1","Coolheaded","Gash","Cold Snap","Rainbow+1","Stack+1","Streamline+1","Ball Lightning","The Bomb","Melter+1","Go for the Eyes","Sweeping Beam","Self Repair","Bite","Bite","Bite","Bite","Bite","Steam","Machine Learning","Leap","Beam Cell+1","Stack+1","Parasite","Undo","Stack+1","Conserve Battery+1","Go for the Eyes","Defragment+1","Leap+1","Reinforced Body"],"relics":["Cracked Core","Pocketwatch","Cables","Turnip","Velvet Choker","Mummified Hand","Juzu Bracelet","Nuclear Battery","Regal Pillow","Potion Belt","Mango"],"potions_floor_usage":[10,16,19,33,33,33,42,50,50,50,50],"damage_taken":[{"damage":5,"enemies":"Small Slimes","floor":1,"turns":3},{"damage":22,"enemies":"3 Sentries","floor":6,"turns":7},{"damage":11,"enemies":"Jaw Worm","floor":7,"turns":2},{"damage":0,"enemies":"3 Sentries","floor":10,"turns":2},{"damage":4,"enemies":"Cultist","floor":13,"turns":4},{"damage":8,"enemies":"Large Slime","floor":14,"turns":5},{"damage":44,"enemies":"The Guardian","floor":16,"turns":13},{"damage":16,"enemies":"3 Byrds","floor":18,"turns":5},{"damage":2,"enemies":"Spheric Guardian","floor":19,"turns":5},{"damage":14,"enemies":"Snake Plant","floor":21,"turns":4},{"damage":7,"enemies":"Centurion and Healer","floor":22,"turns":3},{"damage":17,"enemies":"Snecko","floor":24,"turns":4},{"damage":8,"enemies":"Chosen and Byrds","floor":28,"turns":4},{"damage":3,"enemies":"Centurion and Healer","floor":31,"turns":4},{"damage":47,"enemies":"Automaton","floor":33,"turns":11},{"damage":27,"enemies":"3 Darklings","floor":35,"turns":3},{"damage":5,"enemies":"Orb Walker","floor":36,"turns":4},{"damage":27,"enemies":"Transient","floor":38,"turns":5},{"damage":19,"enemies":"Writhing Mass","floor":40,"turns":6},{"damage":28,"enemies":"Maw","floor":42,"turns":8},{"damage":23,"enemies":"Jaw Worm Horde","floor":45,"turns":4},{"damage":5,"enemies":"4 Shapes","floor":47,"turns":3},{"damage":69,"enemies":"Donu and Deca","floor":50,"turns":11},{"damage":83,"enemies":"Shield and Spear","floor":54,"turns":6}],"seed_played":"-4908844955114354622","potions_obtained":[{"floor":6,"key":"SmokeBomb"},{"floor":7,"key":"Explosive Potion"},{"floor":14,"key":"LiquidBronze"},{"floor":19,"key":"LiquidBronze"},{"floor":28,"key":"PowerPotion"},{"floor":31,"key":"Poison Potion"},{"floor":33,"key":"Swift Potion"},{"floor":38,"key":"Weak Potion"},{"floor":45,"key":"SteroidPotion"},{"floor":47,"key":"Fire Potion"}],"is_trial":false,"path_per_floor":["M","?","?","T","$","E","M","R","T","?","R","?","M","M","R","B",null,"M","M","$","M","M","R","M","R","T","R","M","?","?","M","R","B",null,"M","M","?","M","T","M","?","M","T","R","M","R","M","$","R","B",null,"R","$","E"],"character_chosen":"DEFECT","items_purchased":["Go for the Eyes","Redo","Ball Lightning","The Bomb","Mango","Defragment","Leap","Regen Potion","AttackPotion","Reinforced Body"],"campfire_rested":6,"item_purchase_floors":[5,5,20,20,48,48,48,48,48,53],"current_hp_per_floor":[70,58,58,58,58,36,25,47,47,47,47,47,43,35,57,13,75,59,57,57,43,36,58,41,63,63,63,55,55,52,52,52,20,52,36,44,44,30,30,28,28,19,19,49,30,52,52,66,66,31,66,66,66,0],"gold":70,"neow_bonus":"ONE_RANDOM_RARE_CARD","is_prod":false,"is_daily":false,"chose_seed":false,"campfire_upgraded":4,"win_rate":0,"timestamp":1552891854,"path_taken":["M","?","?","?","$","E","?","R","T","?","R","?","M","M","R","BOSS","M","M","$","M","M","R","M","R","T","R","M","?","?","M","R","BOSS","M","M","?","M","?","M","?","M","T","R","M","R","M","$","R","BOSS","R","$","E"],"build_version":"2019-01-23","purchased_purges":2,"victory":false,"max_hp_per_floor":[75,75,75,75,75,75,75,75,75,75,75,75,75,75,75,75,75,75,75,75,75,75,75,75,75,75,75,75,75,52,52,52,52,52,52,52,52,52,52,52,52,52,52,52,52,52,52,66,66,66,66,66,66,66],"card_choices":[{"not_picked":["Barrage","Melter"],"picked":"Chill","floor":1},{"not_picked":["Rip and Tear","Lockon"],"picked":"Loop","floor":6},{"not_picked":["Chill","Turbo"],"picked":"Coolheaded","floor":7},{"not_picked":["Capacitor","Steam"],"picked":"Gash","floor":13},{"not_picked":["Redo","Turbo"],"picked":"Cold Snap","floor":14},{"not_picked":["Meteor Strike","Creative AI"],"picked":"Rainbow","floor":16},{"not_picked":["Leap","Rip and Tear+1"],"picked":"Stack+1","floor":18},{"not_picked":["Lockon","Defragment"],"picked":"Streamline+1","floor":19},{"not_picked":["Steam Power","Redo"],"picked":"Melter+1","floor":21},{"not_picked":["Streamline","Compile Driver"],"picked":"Go for the Eyes","floor":22},{"not_picked":["Steam Power","Buffer"],"picked":"Sweeping Beam","floor":24},{"not_picked":["Fusion","Chaos"],"picked":"Self Repair","floor":28},{"not_picked":["Compile Driver","Cold Snap"],"picked":"Steam","floor":31},{"not_picked":["Meteor Strike","Rainbow"],"picked":"Machine Learning","floor":33},{"not_picked":["Redo","Streamline"],"picked":"Leap","floor":35},{"not_picked":["Redo+1","Turbo+1"],"picked":"Beam Cell+1","floor":36},{"not_picked":["Coolheaded","Steam"],"picked":"Stack+1","floor":38},{"not_picked":["Chill","Conserve Battery"],"picked":"Undo","floor":40},{"not_picked":["Conserve Battery","Tempest"],"picked":"Stack+1","floor":42},{"not_picked":["Leap+1","Doom and Gloom"],"picked":"Conserve Battery+1","floor":45},{"not_picked":["Genetic Algorithm","Scrape+1"],"picked":"Go for the Eyes","floor":47}],"player_experience":42454,"relics_obtained":[{"floor":6,"key":"Cables"},{"floor":9,"key":"Turnip"},{"floor":26,"key":"Mummified Hand"},{"floor":39,"key":"Regal Pillow"},{"floor":43,"key":"Potion Belt"}],"event_choices":[{"damage_healed":0,"gold_gain":0,"player_choice":"Success","damage_taken":12,"relics_obtained":["Pocketwatch"],"max_hp_gain":0,"max_hp_loss":0,"event_name":"Scrap Ooze","floor":2,"gold_loss":0},{"damage_healed":0,"gold_gain":0,"player_choice":"Take Wound","damage_taken":0,"relics_obtained":["Golden Idol"],"max_hp_gain":0,"max_hp_loss":0,"event_name":"Golden Idol","floor":3,"gold_loss":0,"cards_obtained":["Injury"]},{"damage_healed":0,"gold_gain":0,"player_choice":"Searched \u00271\u0027 times","damage_taken":0,"max_hp_gain":0,"max_hp_loss":0,"event_name":"Dead Adventurer","floor":10,"gold_loss":0},{"damage_healed":0,"gold_gain":0,"cards_transformed":["Injury"],"player_choice":"Change","damage_taken":0,"max_hp_gain":0,"max_hp_loss":0,"event_name":"Living Wall","floor":12,"gold_loss":0,"cards_obtained":["Regret"]},{"damage_healed":0,"gold_gain":0,"player_choice":"Stole Relic","damage_taken":0,"relics_obtained":["Juzu Bracelet"],"max_hp_gain":0,"max_hp_loss":0,"event_name":"Addict","floor":29,"gold_loss":0,"cards_obtained":["Shame"]},{"damage_healed":0,"gold_gain":0,"player_choice":"Became a vampire","damage_taken":0,"max_hp_gain":0,"max_hp_loss":23,"event_name":"Vampires","floor":30,"gold_loss":0,"cards_obtained":["Bite","Bite","Bite","Bite","Bite"]},{"damage_healed":0,"gold_gain":0,"player_choice":"Ignored","damage_taken":0,"max_hp_gain":0,"max_hp_loss":0,"event_name":"Mysterious Sphere","floor":37,"gold_loss":0},{"damage_healed":0,"gold_gain":333,"player_choice":"Gave Idol","damage_taken":0,"max_hp_gain":0,"max_hp_loss":0,"event_name":"The Moai Head","floor":41,"relics_lost":["Golden Idol"],"gold_loss":0}],"is_beta":false,"boss_relics":[{"not_picked":["Coffee Dripper","Tiny House"],"picked":"Velvet Choker"},{"not_picked":["Calling Bell","Astrolabe"],"picked":"Nuclear Battery"}],"items_purged_floors":[20,48],"is_endless":false,"potions_floor_spawned":[6,7,14,19,28,31,33,38,45,47],"killed_by":"Shield and Spear","ascension_level":1}