{"gold_per_floor":[11,30,30,5,22,22,53,53,78,90,90,125,136,152,152,229,229,248,273,286,62,81,81,113,123,174,12,12,24,38,52,52,52],"floor_reached":33,"playtime":1149,"items_purged":[],"score":572,"play_id":"eb256831-d062-4493-9648-1c7113d3c522","local_time":"20190712182837","is_ascension_mode":true,"campfire_choices":[{"data":"1","floor":6,"key":"LIFT"},{"data":"2","floor":8,"key":"LIFT"},{"data":"3","floor":11,"key":"LIFT"},{"data":"Armaments","floor":15,"key":"SMITH"},{"floor":23,"key":"REST"},{"data":"Rage","floor":32,"key":"SMITH"}],"neow_cost":"NO_GOLD","seed_source_timestamp":6136234369600,"circlet_count":0,"master_deck":["AscendersBane","Strike_R","Strike_R","Strike_R","Strike_R","Defend_R+1","Defend_R","Defend_R","Defend_R","Bash","Armaments+1","Rage+1","Clothesline","Inflame","Shrug It Off","Battle Trance","Evolve","Pummel","Twin Strike","Shrug It Off+1","Twin Strike","Cleave","Shrug It Off+1","Power Through+1","Thunderclap"],"relics":["Burning Blood","Girya","Potion Belt","Bag of Preparation","Pantograph","Lizard Tail","Centennial Puzzle","ClockworkSouvenir","Boot","War Paint","Strawberry"],"potions_floor_usage":[12,16,16,20,24,28,33],"damage_taken":[{"damage":7,"enemies":"Cultist","floor":1,"turns":4},{"damage":4,"enemies":"Small Slimes","floor":2,"turns":5},{"damage":1,"enemies":"Jaw Worm","floor":5,"turns":5},{"damage":31,"enemies":"Lagavulin","floor":7,"turns":9},{"damage":0,"enemies":"Looter","floor":10,"turns":3},{"damage":37,"enemies":"3 Sentries","floor":12,"turns":11},{"damage":6,"enemies":"3 Louse","floor":13,"turns":5},{"damage":0,"enemies":"Exordium Thugs","floor":14,"turns":3},{"damage":44,"enemies":"Hexaghost","floor":16,"turns":6},{"damage":13,"enemies":"Chosen","floor":18,"turns":5},{"damage":14,"enemies":"2 Thieves","floor":20,"turns":4},{"damage":23,"enemies":"Sentry and Sphere","floor":22,"turns":6},{"damage":35,"enemies":"Slavers","floor":24,"turns":3},{"damage":21,"enemies":"Snake Plant","floor":25,"turns":4},{"damage":0,"enemies":"Gremlin Leader","floor":28,"turns":1},{"damage":2,"enemies":"Snecko","floor":29,"turns":6},{"damage":23,"enemies":"3 Cultists","floor":30,"turns":6},{"damage":17,"enemies":"Snake Plant","floor":31,"turns":5},{"damage":97,"enemies":"Collector","floor":33,"turns":9}],"seed_played":"2126982865118220582","potions_obtained":[{"floor":2,"key":"GamblersBrew"},{"floor":5,"key":"SmokeBomb"},{"floor":13,"key":"SkillPotion"},{"floor":14,"key":"AttackPotion"},{"floor":16,"key":"Energy Potion"},{"floor":20,"key":"AttackPotion"},{"floor":24,"key":"Swift Potion"},{"floor":31,"key":"Swift Potion"}],"is_trial":false,"path_per_floor":["M","M","?","$","M","R","E","R","T","M","R","E","M","M","R","B",null,"M","T","M","$","M","R","E","M","T","$","E","M","M","M","R","B"],"character_chosen":"IRONCLAD","items_purchased":["Clothesline","ClockworkSouvenir","Strawberry"],"campfire_rested":1,"item_purchase_floors":[4,21,27],"current_hp_per_floor":[67,69,69,69,74,74,49,49,49,55,55,24,24,30,30,17,61,54,54,46,46,29,51,22,7,7,14,20,24,7,40,40,0],"gold":52,"neow_bonus":"ONE_RARE_RELIC","is_prod":false,"is_daily":false,"chose_seed":false,"campfire_upgraded":2,"win_rate":0,"timestamp":1562970517,"path_taken":["M","M","?","$","M","R","E","R","T","M","R","E","M","M","R","BOSS","M","?","M","$","?","R","E","M","T","$","E","M","M","M","R","BOSS"],"build_version":"2019-07-05","purchased_purges":0,"victory":false,"max_hp_per_floor":[75,75,75,75,75,75,75,75,75,75,75,75,75,75,75,75,75,75,75,75,75,75,75,75,75,75,82,82,82,82,82,82,82],"card_choices":[{"not_picked":["Clothesline","Dropkick"],"picked":"Armaments","floor":1},{"not_picked":["Warcry","Evolve"],"picked":"Rage","floor":2},{"not_picked":["Body Slam","Brutality"],"picked":"Inflame","floor":5},{"not_picked":["Sever Soul","Spot Weakness"],"picked":"Shrug It Off","floor":7},{"not_picked":["Body Slam","Havoc"],"picked":"Battle Trance","floor":10},{"not_picked":["Second Wind","Burning Pact"],"picked":"Evolve","floor":12},{"not_picked":["Shrug It Off","Heavy Blade"],"picked":"Pummel","floor":13},{"not_picked":["Havoc","Headbutt"],"picked":"Twin Strike","floor":14},{"not_picked":["Entrench","Pummel"],"picked":"Shrug It Off+1","floor":18},{"not_picked":["Rage","Perfected Strike+1"],"picked":"Twin Strike","floor":20},{"not_picked":["Headbutt","Sever Soul"],"picked":"Cleave","floor":22},{"not_picked":["Battle Trance","Uppercut"],"picked":"Shrug It Off","floor":24},{"not_picked":["Anger","Thunderclap"],"picked":"Power Through+1","floor":25},{"not_picked":["Dark Embrace","Sever Soul+1","Wild Strike"],"picked":"SKIP","floor":29},{"not_picked":["Hemokinesis","Corruption+1","Burning Pact+1"],"picked":"SKIP","floor":30},{"not_picked":["Shrug It Off","Battle Trance"],"picked":"Thunderclap","floor":31}],"player_experience":430350,"relics_obtained":[{"floor":7,"key":"Potion Belt"},{"floor":9,"key":"Bag of Preparation"},{"floor":12,"key":"Pantograph"},{"floor":19,"key":"Centennial Puzzle"},{"floor":24,"key":"Boot"},{"floor":26,"key":"War Paint"}],"event_choices":[{"cards_removed":["Strike_R"],"damage_healed":0,"gold_gain":0,"player_choice":"Offered Basic","damage_taken":0,"max_hp_gain":0,"max_hp_loss":0,"event_name":"Bonfire Elementals","floor":3,"gold_loss":0}],"is_beta":false,"boss_relics":[{"not_picked":["Empty Cage","Runic Pyramid"],"picked":"Lizard Tail"}],"items_purged_floors":[],"is_endless":false,"potions_floor_spawned":[2,5,13,14,16,20,24,28,31],"killed_by":"Collector","ascension_level":18}