{"gold_per_floor":[113,129,53,66,66,66,92,92,160,160,174,449,52,70,70,143,143,160,174,174,74,74,74,74,109,109,122,122,157,157,32,32,103,103,115,132,232,242,242,270,270,270,322,338,338,349,359,372,372,372],"floor_reached":51,"playtime":1414,"items_purged":["Regret","Writhe","Strike_R"],"score":1364,"play_id":"a60aa0ac-c22d-401f-9c2a-4035a64039eb","local_time":"20190830190329","is_ascension_mode":true,"campfire_choices":[{"data":"Demon Form","floor":6,"key":"SMITH"},{"data":"Bash","floor":8,"key":"SMITH"},{"data":"Rage","floor":10,"key":"SMITH"},{"data":"True Grit","floor":15,"key":"SMITH"},{"floor":23,"key":"REST"},{"floor":28,"key":"REST"},{"floor":32,"key":"REST"},{"floor":41,"key":"REST"},{"floor":42,"key":"REST"},{"floor":45,"key":"REST"},{"floor":49,"key":"REST"}],"neow_cost":"NONE","seed_source_timestamp":3695883247400,"circlet_count":0,"master_deck":["AscendersBane","Strike_R","Strike_R","Strike_R","Strike_R","Defend_R","Defend_R","Defend_R","Defend_R","Bash+1","Demon Form+1","Pommel Strike","Thunderclap","Pummel","Rage+1","Cleave","Berserk","Shrug It Off","True Grit+1","Immolate","Shrug It Off+1","Infernal Blade","Ghostly Armor","Armaments","Reaper","Sword Boomerang","Sword Boomerang+1","Shrug It Off"],"relics":["Burning Blood","Bottled Tornado","Art of War","Letter Opener","Question Card","Fusion Hammer","Mango","Enchiridion","Lantern","Ancient Tea Set","WingedGreaves","Strawberry","Thread and Needle","Paper Frog","Red Skull"],"potions_floor_usage":[25,29,29,33,35,38,46,50,50],"damage_taken":[{"damage":2,"enemies":"Cultist","floor":1,"turns":4},{"damage":4,"enemies":"Small Slimes","floor":2,"turns":4},{"damage":0,"enemies":"2 Louse","floor":4,"turns":2},{"damage":8,"enemies":"Gremlin Nob","floor":7,"turns":3},{"damage":1,"enemies":"Looter","floor":11,"turns":3},{"damage":15,"enemies":"Lots of Slimes","floor":14,"turns":4},{"damage":26,"enemies":"Hexaghost","floor":16,"turns":7},{"damage":34,"enemies":"Shell Parasite","floor":18,"turns":4},{"damage":14,"enemies":"Chosen","floor":19,"turns":4},{"damage":48,"enemies":"Slavers","floor":25,"turns":4},{"damage":0,"enemies":"3 Cultists","floor":27,"turns":3},{"damage":25,"enemies":"Gremlin Leader","floor":29,"turns":4},{"damage":34,"enemies":"Collector","floor":33,"turns":6},{"damage":10,"enemies":"3 Shapes","floor":35,"turns":4},{"damage":17,"enemies":"3 Darklings","floor":36,"turns":4},{"damage":14,"enemies":"Mind Bloom Boss Battle","floor":37,"turns":6},{"damage":8,"enemies":"Sphere and 2 Shapes","floor":38,"turns":5},{"damage":117,"enemies":"Giant Head","floor":40,"turns":7},{"damage":16,"enemies":"Spire Growth","floor":44,"turns":4},{"damage":7,"enemies":"Transient","floor":46,"turns":6},{"damage":12,"enemies":"Maw","floor":47,"turns":6},{"damage":27,"enemies":"Jaw Worm Horde","floor":48,"turns":5},{"damage":94,"enemies":"Donu and Deca","floor":50,"turns":9}],"seed_played":"6140729174348353666","potions_obtained":[{"floor":1,"key":"Dexterity Potion"},{"floor":7,"key":"Dexterity Potion"},{"floor":18,"key":"Fire Potion"},{"floor":27,"key":"GamblersBrew"},{"floor":29,"key":"LiquidBronze"},{"floor":33,"key":"Block Potion"},{"floor":35,"key":"Dexterity Potion"},{"floor":37,"key":"Swift Potion"},{"floor":40,"key":"Explosive Potion"},{"floor":48,"key":"Fire Potion"}],"is_trial":false,"path_per_floor":["M","M","$","M","T","R","E","R","T","R","M","?","$","M","R","B",null,"M","M","?","$","?","R","?","E","T","M","R","E","T","$","R","B",null,"M","M","?","M","?","E","R","R","T","M","R","M","M","M","R","B",null],"character_chosen":"IRONCLAD","items_purchased":["Pummel","Shrug It Off","Question Card"],"campfire_rested":7,"item_purchase_floors":[3,13,13],"current_hp_per_floor":[72,74,74,75,75,75,73,73,73,73,75,75,75,66,66,46,68,40,32,46,46,25,51,51,9,9,15,41,22,29,29,57,29,79,96,96,88,86,86,12,40,68,68,58,86,92,86,93,96,23],"gold":372,"neow_bonus":"ONE_RANDOM_RARE_CARD","is_prod":false,"is_daily":false,"chose_seed":false,"campfire_upgraded":4,"win_rate":0,"timestamp":1567206209,"path_taken":["M","M","$","M","?","R","E","R","T","R","M","?","$","?","R","BOSS","M","M","?","$","?","R","?","E","T","M","R","E","?","?","R","BOSS","M","?","?","M","?","E","R","R","T","?","R","M","M","M","R","BOSS"],"build_version":"2019-07-17","purchased_purges":3,"victory":true,"max_hp_per_floor":[75,75,75,75,75,75,75,75,75,75,75,75,75,75,75,75,75,75,75,89,89,89,89,89,89,89,89,89,89,96,96,96,96,96,96,96,96,96,96,96,96,96,96,96,96,96,96,96,96,96],"card_choices":[{"not_picked":["Body Slam","Battle Trance"],"picked":"Pommel Strike","floor":1},{"not_picked":["Dropkick","Rupture"],"picked":"Thunderclap","floor":2},{"not_picked":["Corruption","Seeing Red"],"picked":"Rage","floor":4},{"not_picked":["Infernal Blade","Armaments"],"picked":"Cleave","floor":7},{"not_picked":["Cleave","Anger"],"picked":"Berserk","floor":11},{"not_picked":["Battle Trance","Pummel","Perfected Strike"],"picked":"True Grit","floor":14},{"not_picked":["Barricade","Demon Form","Fiend Fire"],"picked":"Immolate","floor":16},{"not_picked":["Reckless Charge","Flame Barrier","Wild Strike"],"picked":"Shrug It Off+1","floor":18},{"not_picked":["Anger+1","Feel No Pain+1","Inflame"],"picked":"Infernal Blade","floor":19},{"not_picked":["Heavy Blade","Pummel","Headbutt"],"picked":"Ghostly Armor","floor":25},{"not_picked":["Bloodletting","Sever Soul+1","Cleave"],"picked":"Armaments","floor":27},{"not_picked":["Pommel Strike","Rupture","Sever Soul","Heavy Blade"],"picked":"SKIP","floor":29},{"not_picked":["Exhume","Berserk","Dark Embrace"],"picked":"Reaper","floor":33},{"not_picked":["Dual Wield","Cleave","Pommel Strike"],"picked":"Sword Boomerang","floor":35},{"not_picked":["Clash","Iron Wave","Sever Soul+1"],"picked":"Sword Boomerang+1","floor":36},{"not_picked":["Wild Strike","Sentinel+1","Fire Breathing","Infernal Blade+1"],"picked":"SKIP","floor":38},{"not_picked":["Juggernaut","Dropkick","Rupture+1","Entrench"],"picked":"SKIP","floor":40},{"not_picked":["Cleave+1","Havoc","Entrench","Pummel+1"],"picked":"SKIP","floor":44},{"not_picked":["Wild Strike","Iron Wave","Warcry","Flex"],"picked":"SKIP","floor":46},{"not_picked":["Barricade","Body Slam","Second Wind+1","Thunderclap"],"picked":"SKIP","floor":47},{"not_picked":["Cleave+1","Hemokinesis","Flex"],"picked":"Shrug It Off","floor":48}],"player_experience":457033,"relics_obtained":[{"floor":5,"key":"Bottled Tornado"},{"floor":7,"key":"Art of War"},{"floor":9,"key":"Letter Opener"},{"floor":22,"key":"Enchiridion"},{"floor":25,"key":"Lantern"},{"floor":26,"key":"Ancient Tea Set"},{"floor":29,"key":"WingedGreaves"},{"floor":30,"key":"Strawberry"},{"floor":37,"key":"Thread and Needle"},{"floor":40,"key":"Paper Frog"},{"floor":43,"key":"Red Skull"}],"event_choices":[{"damage_healed":0,"gold_gain":275,"player_choice":"Desecrate","damage_taken":0,"max_hp_gain":0,"max_hp_loss":0,"event_name":"Golden Shrine","floor":12,"gold_loss":0,"cards_obtained":["Regret"]},{"damage_healed":0,"gold_gain":0,"player_choice":"Opened","damage_taken":0,"relics_obtained":["Mango"],"max_hp_gain":0,"max_hp_loss":0,"event_name":"The Mausoleum","floor":20,"gold_loss":0,"cards_obtained":["Writhe"]},{"damage_healed":0,"gold_gain":0,"player_choice":"Obtained Book","damage_taken":21,"max_hp_gain":0,"max_hp_loss":0,"event_name":"Cursed Tome","floor":22,"gold_loss":0},{"damage_healed":0,"gold_gain":0,"player_choice":"Ignored","damage_taken":0,"max_hp_gain":0,"max_hp_loss":0,"event_name":"Vampires","floor":24,"gold_loss":0},{"damage_healed":0,"gold_gain":0,"player_choice":"Fight","damage_taken":0,"max_hp_gain":0,"max_hp_loss":0,"event_name":"MindBloom","floor":37,"gold_loss":0},{"damage_healed":0,"gold_gain":0,"player_choice":"Leave","damage_taken":0,"max_hp_gain":0,"max_hp_loss":0,"event_name":"FaceTrader","floor":39,"gold_loss":0}],"is_beta":false,"boss_relics":[{"not_picked":["Black Blood","Empty Cage"],"picked":"Fusion Hammer"},{"not_picked":["Calling Bell","Pandora\u0027s Box","Runic Dome"]}],"items_purged_floors":[13,21,31],"is_endless":false,"potions_floor_spawned":[1,7,18,27,29,33,35,37,40,48],"ascension_level":18}