{"gold_per_floor":[114,114,125,125,125,166,186,186],"floor_reached":8,"playtime":240,"items_purged":[],"score":67,"play_id":"bf4afa1b-d9b5-445d-b28b-a3ddbcd4e09f","local_time":"20190529212116","is_ascension_mode":true,"campfire_choices":[],"neow_cost":"NONE","seed_source_timestamp":16443385237999,"circlet_count":0,"master_deck":["Strike_B","Strike_B","Strike_B","Strike_B","Defend_B","Defend_B","Defend_B","Defend_B","Zap","Dualcast","Machine Learning","Capacitor","Streamline","Injury","Biased Cognition","Go for the Eyes"],"relics":["Cracked Core","Golden Idol","Sundial"],"potions_floor_usage":[6,8],"damage_taken":[{"damage":3,"enemies":"Jaw Worm","floor":1,"turns":4},{"damage":4,"enemies":"2 Louse","floor":3,"turns":3},{"damage":21,"enemies":"Gremlin Nob","floor":6,"turns":4},{"damage":0,"enemies":"Small Slimes","floor":7,"turns":2},{"damage":56,"enemies":"3 Sentries","floor":8,"turns":7}],"seed_played":"-27099199417263672","potions_obtained":[{"floor":1,"key":"Weak Potion"},{"floor":7,"key":"Block Potion"}],"is_trial":false,"path_per_floor":["M","?","M","$","?","E","M","E"],"character_chosen":"DEFECT","items_purchased":[],"campfire_rested":0,"item_purchase_floors":[],"current_hp_per_floor":[72,77,73,73,73,52,52,0],"gold":186,"neow_bonus":"ONE_RANDOM_RARE_CARD","is_prod":false,"is_daily":false,"chose_seed":false,"campfire_upgraded":0,"win_rate":0,"timestamp":1559179276,"path_taken":["M","?","M","$","?","E","M","E"],"build_version":"2019-01-23","purchased_purges":0,"victory":false,"max_hp_per_floor":[75,80,80,80,80,80,80,80],"card_choices":[{"not_picked":["Genetic Algorithm","Conserve Battery"],"picked":"Capacitor","floor":1},{"not_picked":["Sunder","Coolheaded"],"picked":"Streamline","floor":3},{"not_picked":["Tempest","Defragment"],"picked":"Biased Cognition","floor":6},{"not_picked":["BootSequence","Beam Cell"],"picked":"Go for the Eyes","floor":7}],"player_experience":360155,"relics_obtained":[{"floor":6,"key":"Sundial"}],"event_choices":[{"damage_healed":0,"gold_gain":0,"player_choice":"Donut","damage_taken":0,"max_hp_gain":5,"max_hp_loss":0,"event_name":"Big Fish","floor":2,"gold_loss":0},{"damage_healed":0,"gold_gain":0,"player_choice":"Take Wound","damage_taken":0,"relics_obtained":["Golden Idol"],"max_hp_gain":0,"max_hp_loss":0,"event_name":"Golden Idol","floor":5,"gold_loss":0,"cards_obtained":["Injury"]}],"is_beta":false,"boss_relics":[],"items_purged_floors":[],"is_endless":false,"potions_floor_spawned":[1,7],"killed_by":"3 Sentries","ascension_level":4}