{"gold_per_floor":[111,111,26,36,36,36,52,62,62,62,82,97,107,107,107,204,204,217,217,15,15,15,15,25,40,110,124,135,154,154,173,173,273,323,341,741,38,38,58,58,75,75],"floor_reached":42,"playtime":2533,"items_purged":[],"score":478,"play_id":"038e4ba7-f844-4d84-ba0b-50633a440876","local_time":"20190329034102","is_ascension_mode":true,"campfire_choices":[{"data":"Zap","floor":6,"key":"SMITH"},{"data":"Dualcast","floor":10,"key":"SMITH"},{"floor":15,"key":"REST"},{"data":"Creative AI","floor":23,"key":"SMITH"},{"floor":30,"key":"REST"},{"floor":32,"key":"REST"},{"floor":40,"key":"REST"}],"neow_cost":"NONE","seed_source_timestamp":938299289700,"circlet_count":0,"master_deck":["Strike_B+1","Strike_B+1","Strike_B+1","Strike_B+1","Defend_B+1","Defend_B+1","Defend_B+1","Defend_B+1","Zap+1","Dualcast+1","All For One","Sweeping Beam","Auto Shields","Sweeping Beam","FTL","Zap+1","Fission","Hello World","Beam Cell","Ball Lightning","Static Discharge","Gash","Creative AI+1","Stack+1","Gash","Gash","Redo+1","Steam","Coolheaded","Conserve Battery","Chill+1","Thunder Strike","Beam Cell","BootSequence+1","Go for the Eyes","Conserve Battery","Hologram+1","Go for the Eyes"],"relics":["Cracked Core","Calipers","Lizard Tail","Oddly Smooth Stone","Singing Bowl","Tiny House","Old Coin","Runic Capacitor","Happy Flower","Mummified Hand"],"potions_floor_usage":[16,28,28,29,33,39,41,42],"damage_taken":[{"damage":1,"enemies":"Jaw Worm","floor":1,"turns":4},{"damage":1,"enemies":"Cultist","floor":4,"turns":3},{"damage":2,"enemies":"2 Louse","floor":7,"turns":2},{"damage":6,"enemies":"2 Fungi Beasts","floor":8,"turns":3},{"damage":17,"enemies":"Lots of Slimes","floor":11,"turns":2},{"damage":3,"enemies":"Exordium Thugs","floor":12,"turns":3},{"damage":14,"enemies":"Red Slaver","floor":13,"turns":2},{"damage":31,"enemies":"Hexaghost","floor":16,"turns":5},{"damage":0,"enemies":"3 Byrds","floor":18,"turns":3},{"damage":2,"enemies":"Spheric Guardian","floor":24,"turns":5},{"damage":20,"enemies":"Centurion and Healer","floor":25,"turns":6},{"damage":12,"enemies":"3 Cultists","floor":27,"turns":5},{"damage":13,"enemies":"Cultist and Chosen","floor":28,"turns":6},{"damage":11,"enemies":"Centurion and Healer","floor":29,"turns":5},{"damage":29,"enemies":"Shelled Parasite and Fungi","floor":31,"turns":8},{"damage":64,"enemies":"Champ","floor":33,"turns":16},{"damage":10,"enemies":"3 Shapes","floor":35,"turns":5},{"damage":26,"enemies":"Mind Bloom Boss Battle","floor":36,"turns":6},{"damage":30,"enemies":"3 Darklings","floor":39,"turns":6},{"damage":17,"enemies":"Spire Growth","floor":41,"turns":5},{"damage":65,"enemies":"Giant Head","floor":42,"turns":8}],"seed_played":"-8444789536426201592","potions_obtained":[{"floor":4,"key":"LiquidBronze"},{"floor":8,"key":"Weak Potion"},{"floor":16,"key":"Swift Potion"},{"floor":25,"key":"Fire Potion"},{"floor":28,"key":"Swift Potion"},{"floor":34,"key":"EssenceOfSteel"},{"floor":36,"key":"SkillPotion"},{"floor":41,"key":"GamblersBrew"}],"is_trial":false,"path_per_floor":["M","?","$","M","?","R","M","M","T","R","M","M","M","?","R","B",null,"M","?","$","?","?","R","M","M","T","M","M","M","R","M","R","B",null,"M","?","$","?","M","R","M","E"],"character_chosen":"DEFECT","items_purchased":["Auto Shields","Sweeping Beam","Gash","Oddly Smooth Stone","Runic Capacitor","Happy Flower","Mummified Hand","Go for the Eyes","Conserve Battery"],"campfire_rested":4,"item_purchase_floors":[3,3,20,20,37,37,37,37,37],"current_hp_per_floor":[74,74,74,73,73,73,71,65,65,65,48,45,31,31,53,22,75,75,75,75,75,75,75,73,53,53,43,30,19,42,13,36,21,84,74,48,48,48,18,43,26,0],"gold":75,"neow_bonus":"ONE_RANDOM_RARE_CARD","is_prod":false,"is_daily":false,"chose_seed":false,"campfire_upgraded":3,"win_rate":0,"timestamp":1553845262,"path_taken":["M","?","$","M","?","R","M","M","T","R","M","M","?","?","R","BOSS","M","?","$","?","?","R","M","?","T","M","M","M","R","M","R","BOSS","M","?","$","?","M","R","M","E"],"build_version":"2019-01-23","purchased_purges":0,"victory":false,"max_hp_per_floor":[75,75,75,75,75,75,75,75,75,75,75,75,75,75,75,75,75,75,75,75,75,75,75,75,75,75,77,77,77,77,77,77,77,84,84,84,84,84,84,84,84,84],"card_choices":[{"not_picked":["Rebound","Streamline"],"picked":"Sweeping Beam","floor":1},{"not_picked":["Force Field","Conserve Battery"],"picked":"FTL","floor":4},{"not_picked":["Conserve Battery","Blizzard"],"picked":"Hello World","floor":7},{"not_picked":["Glacier","Chill"],"picked":"Beam Cell","floor":8},{"not_picked":["Reinforced Body","Coolheaded"],"picked":"Ball Lightning","floor":11},{"not_picked":["Hologram","Force Field"],"picked":"Static Discharge","floor":12},{"not_picked":["Redo","Melter"],"picked":"Gash","floor":13},{"not_picked":["Seek","Electrodynamics"],"picked":"Creative AI","floor":16},{"not_picked":["Rebound","Conserve Battery"],"picked":"Stack","floor":18},{"not_picked":["Coolheaded","Loop"],"picked":"Redo+1","floor":24},{"not_picked":["Barrage","Turbo"],"picked":"Steam","floor":25},{"not_picked":["Biased Cognition","Capacitor+1","Hologram"],"picked":"Singing Bowl","floor":27},{"not_picked":["Aggregate","Skim"],"picked":"Coolheaded","floor":28},{"not_picked":["Streamline","Beam Cell"],"picked":"Conserve Battery","floor":29},{"not_picked":["Doom and Gloom","Barrage+1"],"picked":"Chill+1","floor":31},{"not_picked":["Biased Cognition","Multi-Cast"],"picked":"Thunder Strike","floor":33},{"not_picked":["Barrage","Compile Driver","BootSequence"],"picked":"Singing Bowl","floor":34},{"not_picked":["Recycle","Storm"],"picked":"Beam Cell","floor":35},{"not_picked":["Conserve Battery+1","Beam Cell"],"picked":"BootSequence+1","floor":36},{"not_picked":["Coolheaded+1","Hello World"],"picked":"Hologram+1","floor":39},{"not_picked":["Compile Driver+1","Coolheaded"],"picked":"Go for the Eyes","floor":41}],"player_experience":72660,"relics_obtained":[{"floor":9,"key":"Calipers"},{"floor":26,"key":"Singing Bowl"},{"floor":36,"key":"Old Coin"}],"event_choices":[{"damage_healed":0,"gold_gain":0,"player_choice":"Grow","damage_taken":0,"max_hp_gain":0,"max_hp_loss":0,"event_name":"Living Wall","floor":2,"gold_loss":0,"cards_upgraded":["Zap"]},{"damage_healed":0,"gold_gain":0,"player_choice":"2 cards matched","damage_taken":0,"max_hp_gain":0,"max_hp_loss":0,"event_name":"Match and Keep!","floor":5,"gold_loss":0,"cards_obtained":["Zap","Fission"]},{"damage_healed":0,"gold_gain":0,"player_choice":"Ignored","damage_taken":0,"max_hp_gain":0,"max_hp_loss":0,"event_name":"Liars Game","floor":14,"gold_loss":0},{"damage_healed":0,"gold_gain":0,"player_choice":"Simplicity","damage_taken":0,"max_hp_gain":0,"max_hp_loss":0,"event_name":"Back to Basics","floor":19,"gold_loss":0,"cards_upgraded":["Strike_B","Strike_B","Strike_B","Strike_B","Defend_B","Defend_B","Defend_B","Defend_B"]},{"damage_healed":0,"gold_gain":0,"player_choice":"Ignored","damage_taken":0,"max_hp_gain":0,"max_hp_loss":0,"event_name":"Beggar","floor":21,"gold_loss":0},{"damage_healed":0,"gold_gain":0,"player_choice":"Copied","damage_taken":0,"max_hp_gain":0,"max_hp_loss":0,"event_name":"Duplicator","floor":22,"gold_loss":0,"cards_obtained":["Gash"]},{"damage_healed":0,"gold_gain":0,"player_choice":"Fight","damage_taken":0,"max_hp_gain":0,"max_hp_loss":0,"event_name":"MindBloom","floor":36,"gold_loss":0},{"damage_healed":0,"gold_gain":0,"player_choice":"Leave","damage_taken":0,"max_hp_gain":0,"max_hp_loss":0,"event_name":"FaceTrader","floor":38,"gold_loss":0}],"is_beta":false,"boss_relics":[{"not_picked":["Runic Pyramid","Astrolabe"],"picked":"Lizard Tail"},{"not_picked":["Sozu","Runic Dome"],"picked":"Tiny House"}],"items_purged_floors":[],"is_endless":false,"potions_floor_spawned":[4,8,16,25,27,28,36,41],"killed_by":"Giant Head","ascension_level":3}