{"gold_per_floor":[210,210,225,54,129,129,146,146,146,177,197,1,1,20,20,95,95,112,112,60,73,73],"floor_reached":22,"playtime":528,"items_purged":["Strike_R"],"score":350,"play_id":"420cb39e-626a-4b35-a6bf-a3ac7c11c3a6","local_time":"20190725184816","is_ascension_mode":true,"campfire_choices":[{"data":"Bash","floor":6,"key":"SMITH"},{"data":"Uppercut","floor":8,"key":"SMITH"},{"data":"Spot Weakness","floor":13,"key":"SMITH"},{"floor":15,"key":"REST"}],"neow_cost":"NONE","seed_source_timestamp":1274101901700,"circlet_count":0,"master_deck":["AscendersBane","Strike_R","Strike_R","Strike_R","Defend_R","Defend_R","Defend_R","Defend_R","Bash+1","Iron Wave","Blood for Blood","Uppercut+1","Spot Weakness+1","Twin Strike","Iron Wave","Shrug It Off","Iron Wave","Thunderclap","Armaments","Double Tap","Shrug It Off","Shrug It Off+1"],"relics":["Burning Blood","Pantograph","Lantern","Vajra","Black Star"],"potions_floor_usage":[21],"damage_taken":[{"damage":4,"enemies":"Jaw Worm","floor":1,"turns":5},{"damage":8,"enemies":"Cultist","floor":3,"turns":5},{"damage":4,"enemies":"Small Slimes","floor":7,"turns":4},{"damage":32,"enemies":"Lagavulin","floor":10,"turns":7},{"damage":16,"enemies":"Gremlin Gang","floor":11,"turns":4},{"damage":3,"enemies":"Lots of Slimes","floor":14,"turns":3},{"damage":35,"enemies":"Hexaghost","floor":16,"turns":8},{"damage":25,"enemies":"Spheric Guardian","floor":18,"turns":4},{"damage":19,"enemies":"Shell Parasite","floor":21,"turns":3},{"damage":32,"enemies":"Cultist and Chosen","floor":22,"turns":3}],"seed_played":"3363731118330510764","potions_obtained":[{"floor":1,"key":"Regen Potion"},{"floor":10,"key":"FearPotion"},{"floor":14,"key":"Explosive Potion"}],"is_trial":false,"path_per_floor":["M","?","M","$","?","R","M","R","T","E","M","$","R","M","R","B",null,"M","?","$","M","M"],"character_chosen":"IRONCLAD","items_purchased":["Spot Weakness","Twin Strike","Vajra","Thunderclap","Shrug It Off"],"campfire_rested":1,"item_purchase_floors":[4,4,12,12,20],"current_hp_per_floor":[70,70,68,68,57,57,59,59,59,33,23,23,23,26,48,44,67,48,41,41,28,0],"gold":73,"neow_bonus":"HUNDRED_GOLD","is_prod":false,"is_daily":false,"chose_seed":false,"campfire_upgraded":3,"win_rate":0,"timestamp":1564094896,"path_taken":["M","?","M","$","?","R","M","R","T","E","M","$","R","M","R","BOSS","M","?","$","M","?"],"build_version":"2019-07-17","purchased_purges":1,"victory":false,"max_hp_per_floor":[75,75,75,75,75,75,75,75,75,75,75,75,75,75,75,75,75,75,75,75,75,75],"card_choices":[{"not_picked":["Ghostly Armor","Heavy Blade"],"picked":"Iron Wave","floor":1},{"not_picked":["Clash","Disarm"],"picked":"Uppercut","floor":3},{"not_picked":["Warcry","Sword Boomerang"],"picked":"Iron Wave","floor":7},{"not_picked":["Combust","Armaments"],"picked":"Shrug It Off","floor":10},{"not_picked":["Anger","Body Slam"],"picked":"Iron Wave","floor":11},{"not_picked":["Flex","Warcry"],"picked":"Armaments","floor":14},{"not_picked":["Offering","Brutality"],"picked":"Double Tap","floor":16},{"not_picked":["Fire Breathing","Clash","Flex"],"picked":"SKIP","floor":18},{"not_picked":["Clothesline","Havoc"],"picked":"Shrug It Off+1","floor":21}],"player_experience":441566,"relics_obtained":[{"floor":9,"key":"Pantograph"},{"floor":10,"key":"Lantern"}],"event_choices":[{"damage_healed":0,"gold_gain":0,"cards_transformed":["Strike_R"],"player_choice":"Transformed","damage_taken":0,"max_hp_gain":0,"max_hp_loss":0,"event_name":"Transmorgrifier","floor":2,"gold_loss":0,"cards_obtained":["Blood for Blood"]},{"damage_healed":0,"gold_gain":75,"player_choice":"Gather Gold","damage_taken":11,"max_hp_gain":0,"max_hp_loss":0,"event_name":"World of Goop","floor":5,"gold_loss":0},{"damage_healed":0,"gold_gain":0,"player_choice":"","damage_taken":7,"max_hp_gain":0,"max_hp_loss":0,"event_name":"Knowing Skull","floor":19,"potions_obtained":[],"gold_loss":0,"cards_obtained":[]}],"is_beta":false,"boss_relics":[{"not_picked":["Runic Pyramid","Empty Cage"],"picked":"Black Star"}],"items_purged_floors":[4],"is_endless":false,"potions_floor_spawned":[1,10,14,18],"killed_by":"Cultist and Chosen","ascension_level":18}