{"gold_per_floor":[367,317,173,192,64,96,96,96,96,106,106,27,40,40,40,136,136,155,171,71,71,87,87,87,103,103,103,118,118],"floor_reached":29,"playtime":1091,"items_purged":["Strike_R","Strike_R"],"score":360,"play_id":"7e27a875-837c-4a40-b56e-312a88b39ba3","local_time":"20190509182655","is_ascension_mode":true,"campfire_choices":[{"data":"Bash","floor":7,"key":"SMITH"},{"data":"Clothesline","floor":11,"key":"SMITH"},{"floor":15,"key":"REST"},{"data":"Rampage","floor":23,"key":"SMITH"},{"floor":27,"key":"REST"}],"neow_cost":"PERCENT_DAMAGE","seed_source_timestamp":17269952043700,"circlet_count":0,"master_deck":["AscendersBane","Strike_R+1","Strike_R+1","Defend_R","Defend_R","Defend_R","Defend_R","Bash+1","Clothesline+1","Iron Wave","Cleave","Rampage+1","Pommel Strike","Double Tap","True Grit","Decay","Rage+1","Ghostly Armor"],"relics":["Burning Blood","Mango","Dream Catcher","Bottled Lightning","Cursed Key"],"potions_floor_usage":[16,16,22],"damage_taken":[{"damage":1,"enemies":"Cultist","floor":1,"turns":4},{"damage":11,"enemies":"Small Slimes","floor":4,"turns":4},{"damage":24,"enemies":"Gremlin Nob","floor":6,"turns":5},{"damage":1,"enemies":"2 Louse","floor":10,"turns":2},{"damage":12,"enemies":"Looter","floor":13,"turns":3},{"damage":42,"enemies":"Hexaghost","floor":16,"turns":9},{"damage":34,"enemies":"2 Thieves","floor":18,"turns":5},{"damage":12,"enemies":"3 Byrds","floor":19,"turns":5},{"damage":21,"enemies":"Cultist and Chosen","floor":22,"turns":6},{"damage":22,"enemies":"Centurion and Healer","floor":25,"turns":7},{"damage":13,"enemies":"Snecko","floor":28,"turns":5},{"damage":37,"enemies":"Cultist and Chosen","floor":29,"turns":8}],"seed_played":"-7598925564715098981","potions_obtained":[{"floor":6,"key":"Fire Potion"},{"floor":10,"key":"Explosive Potion"},{"floor":16,"key":"Block Potion"},{"floor":19,"key":"PowerPotion"},{"floor":22,"key":"Energy Potion"},{"floor":28,"key":"Fire Potion"}],"is_trial":false,"path_per_floor":["M","?","?","M","$","E","R","?","T","M","R","$","M","?","R","B",null,"M","M","$","?","M","R","?","M","T","R","M","M"],"character_chosen":"IRONCLAD","items_purchased":["Iron Wave","Rampage"],"campfire_rested":2,"item_purchase_floors":[5,12],"current_hp_per_floor":[56,56,70,65,65,47,47,52,52,57,57,57,51,31,60,24,80,52,46,46,46,31,31,31,15,15,44,37,0],"gold":118,"neow_bonus":"TWO_FIFTY_GOLD","is_prod":false,"is_daily":false,"chose_seed":false,"campfire_upgraded":3,"win_rate":0,"timestamp":1557440815,"path_taken":["M","?","?","?","?","E","R","?","T","M","R","$","M","?","R","BOSS","M","M","$","?","M","R","?","M","T","R","M","M"],"build_version":"2019-01-23","purchased_purges":2,"victory":false,"max_hp_per_floor":[80,80,94,94,94,94,94,99,99,99,99,99,99,99,99,99,99,99,99,99,99,99,99,99,99,99,99,99,99],"card_choices":[{"not_picked":["Havoc","Perfected Strike"],"picked":"Clothesline","floor":1},{"not_picked":["Warcry","Sever Soul","Sentinel"],"picked":"SKIP","floor":4},{"not_picked":["Sword Boomerang","Dropkick"],"picked":"Cleave","floor":6},{"not_picked":["Corruption","Heavy Blade","Armaments"],"picked":"SKIP","floor":10},{"not_picked":["Bloodletting","Cleave","Corruption"],"picked":"SKIP","floor":13},{"not_picked":["Armaments","Cleave"],"picked":"Pommel Strike","floor":15},{"not_picked":["Limit Break","Reaper"],"picked":"Double Tap","floor":16},{"not_picked":["Pummel","Metallicize"],"picked":"True Grit","floor":18},{"not_picked":["Searing Blow+1","Anger+1","Iron Wave"],"picked":"SKIP","floor":19},{"not_picked":["Second Wind","Sever Soul+1","Hemokinesis+1"],"picked":"SKIP","floor":22},{"not_picked":["Dropkick","Bloodletting"],"picked":"Rage+1","floor":25},{"not_picked":["Rampage","Twin Strike"],"picked":"Ghostly Armor","floor":28}],"player_experience":221877,"relics_obtained":[{"floor":6,"key":"Dream Catcher"},{"floor":9,"key":"Bottled Lightning"}],"event_choices":[{"cards_removed":["Strike_R"],"damage_healed":0,"gold_gain":0,"player_choice":"Card Removal","damage_taken":0,"max_hp_gain":0,"max_hp_loss":0,"event_name":"The Cleric","floor":2,"gold_loss":50},{"damage_healed":0,"gold_gain":0,"player_choice":"Paid Gold","damage_taken":0,"relics_obtained":["Mango"],"max_hp_gain":0,"max_hp_loss":0,"event_name":"WeMeetAgain","floor":3,"gold_loss":144},{"damage_healed":0,"gold_gain":0,"player_choice":"Donut","damage_taken":0,"max_hp_gain":5,"max_hp_loss":0,"event_name":"Big Fish","floor":8,"gold_loss":0},{"damage_healed":0,"gold_gain":0,"player_choice":"Entered Light","damage_taken":20,"max_hp_gain":0,"max_hp_loss":0,"event_name":"Shining Light","floor":14,"gold_loss":0,"cards_upgraded":["Strike_R","Strike_R"]},{"damage_healed":0,"gold_gain":0,"player_choice":"Ignored","damage_taken":0,"max_hp_gain":0,"max_hp_loss":0,"event_name":"Vampires","floor":21,"gold_loss":0},{"damage_healed":0,"gold_gain":0,"player_choice":"Smashed Altar","damage_taken":0,"max_hp_gain":0,"max_hp_loss":0,"event_name":"Forgotten Altar","floor":24,"gold_loss":0,"cards_obtained":["Decay"]}],"is_beta":false,"boss_relics":[{"not_picked":["Calling Bell","Fusion Hammer"],"picked":"Cursed Key"}],"items_purged_floors":[5,20],"is_endless":false,"potions_floor_spawned":[6,10,16,19,22,28],"killed_by":"Cultist and Chosen","ascension_level":10}