{"gold_per_floor":[17,67,85,96,11,11,30,47,47,47,81,81,115,128,128,201,201,218,218,233,101,120,120,120,153,153,163,163,181,181,181,181,181],"floor_reached":33,"playtime":1064,"items_purged":["Strike_R"],"score":524,"play_id":"7fa44f11-6ba0-4280-aaa9-047434f33531","local_time":"20190614220041","is_ascension_mode":true,"campfire_choices":[{"data":"Bash","floor":6,"key":"SMITH"},{"data":"Rampage","floor":12,"key":"SMITH"},{"data":"Clothesline","floor":15,"key":"SMITH"},{"floor":23,"key":"REST"},{"floor":28,"key":"REST"},{"data":"Armaments","floor":30,"key":"SMITH"},{"data":"Rage","floor":32,"key":"SMITH"}],"neow_cost":"NO_GOLD","seed_source_timestamp":14068172578600,"circlet_count":0,"master_deck":["AscendersBane","Strike_R","Strike_R","Strike_R","Strike_R","Defend_R","Defend_R","Defend_R","Defend_R","Bash+1","Clothesline+1","Cleave","Sword Boomerang","Flame Barrier+1","Rampage+1","Pommel Strike","Rage+1","Metallicize","Immolate","Armaments+1","True Grit+1","Carnage+1","Pommel Strike"],"relics":["Burning Blood","Gambling Chip","Singing Bowl","Bag of Preparation","Blue Candle","Mark of Pain","Dream Catcher","Pear"],"potions_floor_usage":[14,25,29,33],"damage_taken":[{"damage":4,"enemies":"2 Louse","floor":1,"turns":3},{"damage":3,"enemies":"Cultist","floor":3,"turns":4},{"damage":2,"enemies":"Jaw Worm","floor":4,"turns":5},{"damage":2,"enemies":"Large Slime","floor":7,"turns":6},{"damage":6,"enemies":"Looter","floor":8,"turns":3},{"damage":6,"enemies":"Gremlin Nob","floor":11,"turns":3},{"damage":30,"enemies":"3 Sentries","floor":13,"turns":8},{"damage":7,"enemies":"Exordium Thugs","floor":14,"turns":5},{"damage":51,"enemies":"The Guardian","floor":16,"turns":14},{"damage":12,"enemies":"3 Byrds","floor":18,"turns":5},{"damage":26,"enemies":"Spheric Guardian","floor":20,"turns":5},{"damage":13,"enemies":"Centurion and Healer","floor":22,"turns":7},{"damage":16,"enemies":"Colosseum Slavers","floor":24,"turns":3},{"damage":31,"enemies":"Book of Stabbing","floor":25,"turns":5},{"damage":21,"enemies":"Snake Plant","floor":27,"turns":5},{"damage":9,"enemies":"Snecko","floor":29,"turns":5},{"damage":65,"enemies":"Automaton","floor":33,"turns":6}],"seed_played":"6087191099871828577","potions_obtained":[{"floor":3,"key":"AttackPotion"},{"floor":11,"key":"Strength Potion"},{"floor":14,"key":"Explosive Potion"},{"floor":27,"key":"Ancient Potion"},{"floor":29,"key":"Poison Potion"}],"is_trial":false,"path_per_floor":["M","?","M","M","$","R","M","M","T","?","E","R","E","M","R","B",null,"M","?","M","$","M","R","?","E","T","M","R","M","R","?","R","B"],"character_chosen":"IRONCLAD","items_purchased":["Flame Barrier","Armaments"],"campfire_rested":2,"item_purchase_floors":[5,21],"current_hp_per_floor":[70,70,73,75,75,75,75,75,75,75,75,75,53,52,52,7,60,56,56,38,38,33,57,47,24,34,19,49,46,46,46,46,0],"gold":181,"neow_bonus":"ONE_RARE_RELIC","is_prod":false,"is_daily":false,"chose_seed":false,"campfire_upgraded":5,"win_rate":0,"timestamp":1560564041,"path_taken":["M","?","M","M","$","R","?","M","T","?","E","R","E","M","R","BOSS","M","?","M","$","M","R","?","E","T","M","R","M","R","?","R","BOSS"],"build_version":"2019-01-23","purchased_purges":1,"victory":false,"max_hp_per_floor":[75,75,75,75,75,75,75,75,75,75,75,75,77,77,77,77,77,79,79,81,81,83,83,83,85,95,95,97,97,97,97,97,97],"card_choices":[{"not_picked":["Shrug It Off","Battle Trance"],"picked":"Clothesline","floor":1},{"not_picked":["Ghostly Armor","Flex"],"picked":"Cleave","floor":3},{"not_picked":["Clothesline","Cleave"],"picked":"Sword Boomerang","floor":4},{"not_picked":["Havoc","Headbutt"],"picked":"Rampage","floor":7},{"not_picked":["Heavy Blade","Seeing Red"],"picked":"Pommel Strike","floor":8},{"not_picked":["Carnage","Reckless Charge"],"picked":"Rage","floor":11},{"not_picked":["Flame Barrier","Seeing Red","Clash"],"picked":"Singing Bowl","floor":13},{"not_picked":["Reaper","Heavy Blade"],"picked":"Metallicize","floor":14},{"not_picked":["Bludgeon","Fiend Fire"],"picked":"Immolate","floor":16},{"not_picked":["Body Slam","Entrench","Rage"],"picked":"Singing Bowl","floor":18},{"not_picked":["Wild Strike","Evolve","Blood for Blood"],"picked":"Singing Bowl","floor":20},{"not_picked":["Wild Strike","Corruption","Cleave"],"picked":"Singing Bowl","floor":22},{"not_picked":["Cleave","Bloodletting+1","Dropkick"],"picked":"Singing Bowl","floor":25},{"not_picked":["Barricade","Anger"],"picked":"True Grit+1","floor":27},{"not_picked":["Feel No Pain","Sever Soul","Sentinel"],"picked":"Singing Bowl","floor":28},{"not_picked":["Cleave","Intimidate"],"picked":"Carnage+1","floor":29}],"player_experience":400949,"relics_obtained":[{"floor":9,"key":"Singing Bowl"},{"floor":11,"key":"Bag of Preparation"},{"floor":13,"key":"Blue Candle"},{"floor":25,"key":"Dream Catcher"},{"floor":26,"key":"Pear"}],"event_choices":[{"damage_healed":0,"gold_gain":50,"player_choice":"Pray","damage_taken":0,"max_hp_gain":0,"max_hp_loss":0,"event_name":"Golden Shrine","floor":2,"gold_loss":0},{"damage_healed":0,"gold_gain":0,"player_choice":"Grow","damage_taken":0,"max_hp_gain":0,"max_hp_loss":0,"event_name":"Living Wall","floor":10,"gold_loss":0,"cards_upgraded":["Flame Barrier"]},{"damage_healed":0,"gold_gain":0,"player_choice":"Ignored","damage_taken":0,"max_hp_gain":0,"max_hp_loss":0,"event_name":"Vampires","floor":19,"gold_loss":0},{"damage_healed":0,"gold_gain":0,"player_choice":"Fight","damage_taken":0,"max_hp_gain":0,"max_hp_loss":0,"event_name":"Colosseum","floor":24,"gold_loss":0},{"damage_healed":0,"gold_gain":0,"player_choice":"Fled From Nobs","damage_taken":0,"max_hp_gain":0,"max_hp_loss":0,"event_name":"Colosseum","floor":24,"gold_loss":0},{"damage_healed":0,"gold_gain":0,"player_choice":"Read","damage_taken":0,"max_hp_gain":0,"max_hp_loss":0,"event_name":"The Library","floor":31,"gold_loss":0,"cards_obtained":["Pommel Strike"]}],"is_beta":false,"boss_relics":[{"not_picked":["Eternal Feather","Black Star"],"picked":"Mark of Pain"}],"items_purged_floors":[21],"is_endless":false,"potions_floor_spawned":[3,11,14,22,27,29],"killed_by":"Automaton","ascension_level":16}