{"gold_per_floor":[217,236,254,271,271,328,328,361,361,391,391,402,402,143,143,246,246,246,246,57,57,57,57,57,57,57,57,57,57,57,57],"floor_reached":31,"playtime":2016,"items_purged":["Strike_B"],"score":420,"play_id":"fb431f04-5247-4420-b21b-24a5800c7e3e","local_time":"20190904061936","is_ascension_mode":true,"campfire_choices":[{"data":"Zap","floor":7,"key":"SMITH"},{"data":"Consume","floor":11,"key":"SMITH"},{"floor":13,"key":"REST"},{"data":"Dualcast","floor":15,"key":"SMITH"},{"floor":25,"key":"REST"},{"floor":27,"key":"REST"}],"neow_cost":"NONE","seed_source_timestamp":1552229928371300,"circlet_count":0,"master_deck":["Strike_B","Strike_B","Strike_B","Defend_B","Defend_B","Defend_B","Defend_B","Zap+1","Dualcast+1","Glacier","Conserve Battery","Capacitor","Gash","Gash","Heatsinks","Consume+1","Chill","Capacitor","Echo Form","Capacitor","Apotheosis","FTL","Undo","Creative AI","Genetic Algorithm+1","RitualDagger"],"relics":["Cracked Core","PreservedInsect","Tiny Chest","Letter Opener","Boot","Ginger","DataDisk","Ectoplasm","Strawberry","Regal Pillow"],"potions_floor_usage":[23],"damage_taken":[{"damage":0,"enemies":"Cultist","floor":1,"turns":4},{"damage":0,"enemies":"Small Slimes","floor":2,"turns":3},{"damage":2,"enemies":"2 Louse","floor":3,"turns":4},{"damage":3,"enemies":"Exordium Thugs","floor":4,"turns":6},{"damage":0,"enemies":"Lagavulin","floor":6,"turns":9},{"damage":17,"enemies":"3 Sentries","floor":8,"turns":13},{"damage":7,"enemies":"Lagavulin","floor":10,"turns":8},{"damage":11,"enemies":"Looter","floor":12,"turns":2},{"damage":7,"enemies":"Hexaghost","floor":16,"turns":9},{"damage":4,"enemies":"3 Byrds","floor":18,"turns":5},{"damage":5,"enemies":"Chosen","floor":19,"turns":5},{"damage":18,"enemies":"Sentry and Sphere","floor":21,"turns":7},{"damage":27,"enemies":"Snake Plant","floor":22,"turns":5},{"damage":11,"enemies":"Book of Stabbing","floor":23,"turns":5},{"damage":0,"enemies":"Cultist and Chosen","floor":29,"turns":7},{"damage":67,"enemies":"Gremlin Leader","floor":31,"turns":6}],"seed_played":"5485995841552982865","potions_obtained":[{"floor":3,"key":"PowerPotion"},{"floor":4,"key":"Explosive Potion"},{"floor":8,"key":"Explosive Potion"},{"floor":10,"key":"GamblersBrew"}],"is_trial":false,"path_per_floor":["M","M","M","M","?","E","R","E","T","E","R","M","R","$","R","B",null,"M","M","$","M","M","E","?","R","T","R","$","M","?","E"],"character_chosen":"DEFECT","items_purchased":["DataDisk","Capacitor","Apotheosis"],"campfire_rested":3,"item_purchase_floors":[14,14,20],"current_hp_per_floor":[68,68,66,63,63,63,63,46,46,39,39,28,50,50,50,43,67,63,58,58,40,13,9,9,33,33,72,72,72,66,0],"gold":57,"neow_bonus":"HUNDRED_GOLD","is_prod":false,"is_daily":false,"chose_seed":false,"campfire_upgraded":3,"win_rate":0,"timestamp":1567603176,"path_taken":["M","M","?","M","?","E","R","E","T","E","R","M","R","$","R","BOSS","M","M","$","?","M","E","?","R","T","R","?","M","?","E"],"build_version":"2019-07-17","purchased_purges":1,"victory":false,"max_hp_per_floor":[75,75,75,75,75,75,75,75,75,75,75,75,75,75,75,75,75,75,75,75,75,75,82,82,82,82,82,82,82,82,82],"card_choices":[{"not_picked":["Go for the Eyes","Turbo"],"picked":"Glacier","floor":1},{"not_picked":["Cold Snap","Hello World"],"picked":"Conserve Battery","floor":2},{"not_picked":["Barrage","Recycle"],"picked":"Capacitor","floor":3},{"not_picked":["Go for the Eyes","Beam Cell"],"picked":"Gash","floor":4},{"not_picked":["Rebound","Rip and Tear"],"picked":"Gash","floor":6},{"not_picked":["Rip and Tear","Streamline"],"picked":"Heatsinks","floor":8},{"not_picked":["Compile Driver","Steam"],"picked":"Consume","floor":10},{"not_picked":["Reprogram","Force Field"],"picked":"Chill","floor":12},{"not_picked":["Electrodynamics","Multi-Cast"],"picked":"Echo Form","floor":16},{"not_picked":["Doom and Gloom","Double Energy+1"],"picked":"Capacitor","floor":18},{"not_picked":["Glacier","Reinforced Body","Beam Cell+1"],"picked":"SKIP","floor":19},{"not_picked":["Reinforced Body","Barrage"],"picked":"FTL","floor":21},{"not_picked":["Redo","Stack"],"picked":"Undo","floor":22},{"not_picked":["White Noise","Lockon+1","Turbo"],"picked":"SKIP","floor":23},{"not_picked":["Cold Snap","Sweeping Beam"],"picked":"Genetic Algorithm+1","floor":29}],"player_experience":254748,"relics_obtained":[{"floor":6,"key":"Tiny Chest"},{"floor":8,"key":"Letter Opener"},{"floor":9,"key":"Boot"},{"floor":10,"key":"Ginger"},{"floor":23,"key":"Strawberry"},{"floor":26,"key":"Regal Pillow"}],"event_choices":[{"damage_healed":0,"gold_gain":0,"player_choice":"Gave Potion","damage_taken":0,"relics_obtained":["PreservedInsect"],"max_hp_gain":0,"max_hp_loss":0,"event_name":"WeMeetAgain","floor":5,"gold_loss":0},{"damage_healed":0,"gold_gain":0,"player_choice":"Read","damage_taken":0,"max_hp_gain":0,"max_hp_loss":0,"event_name":"The Library","floor":24,"gold_loss":0,"cards_obtained":["Creative AI"]},{"damage_healed":0,"gold_gain":0,"player_choice":"Joined the Cult","damage_taken":6,"max_hp_gain":0,"max_hp_loss":0,"event_name":"Nest","floor":30,"gold_loss":0,"cards_obtained":["RitualDagger"]}],"is_beta":false,"boss_relics":[{"not_picked":["Cursed Key","Coffee Dripper"],"picked":"Ectoplasm"}],"items_purged_floors":[14],"is_endless":false,"potions_floor_spawned":[3,4,8,10,21],"killed_by":"Gremlin Leader","ascension_level":8}