{"gold_per_floor":[116,15,15,15,31,31,31,31,31,60,60,77,87,100,100,176,176,186,198,198,39,39,39,53,53,53,53,53,67,67,86,86,86],"floor_reached":33,"playtime":775,"items_purged":["Strike_R","Strike_R"],"score":441,"play_id":"c58d82e9-176d-4beb-bcb8-5f0d6c70bd80","local_time":"20190616221204","is_ascension_mode":true,"campfire_choices":[{"data":"Clothesline","floor":6,"key":"SMITH"},{"data":"Shrug It Off","floor":8,"key":"SMITH"},{"data":"Infernal Blade","floor":15,"key":"SMITH"},{"data":"Flame Barrier","floor":23,"key":"SMITH"},{"floor":25,"key":"REST"},{"data":"True Grit","floor":32,"key":"SMITH"}],"neow_cost":"NONE","seed_source_timestamp":45525656823300,"circlet_count":0,"master_deck":["AscendersBane","Strike_R+1","Strike_R","Strike_R","Defend_R","Defend_R","Defend_R","Defend_R","Bash+1","Iron Wave+1","Shrug It Off+1","Clothesline+1","Headbutt+1","Anger+1","Infernal Blade+1","True Grit+1","Cleave+1","Thunderclap+1","Flex","Twin Strike+1","Flame Barrier+1","Sword Boomerang+1","True Grit+1"],"relics":["Black Blood","Anchor","Molten Egg 2","Nunchaku","Enchiridion","Whetstone"],"potions_floor_usage":[10,16,33,33],"damage_taken":[{"damage":6,"enemies":"Cultist","floor":1,"turns":3},{"damage":0,"enemies":"Jaw Worm","floor":5,"turns":3},{"damage":18,"enemies":"Lagavulin","floor":10,"turns":6},{"damage":0,"enemies":"Small Slimes","floor":12,"turns":3},{"damage":1,"enemies":"Exordium Wildlife","floor":13,"turns":2},{"damage":0,"enemies":"2 Fungi Beasts","floor":14,"turns":3},{"damage":33,"enemies":"The Guardian","floor":16,"turns":7},{"damage":17,"enemies":"Spheric Guardian","floor":18,"turns":4},{"damage":18,"enemies":"2 Thieves","floor":19,"turns":4},{"damage":8,"enemies":"Snake Plant","floor":24,"turns":4},{"damage":15,"enemies":"Shelled Parasite and Fungi","floor":29,"turns":6},{"damage":14,"enemies":"Centurion and Healer","floor":31,"turns":8},{"damage":62,"enemies":"Champ","floor":33,"turns":12}],"seed_played":"-438234136811376291","potions_obtained":[{"floor":5,"key":"AttackPotion"},{"floor":14,"key":"LiquidBronze"},{"floor":16,"key":"SteroidPotion"},{"floor":18,"key":"Explosive Potion"},{"floor":19,"key":"Block Potion"}],"is_trial":false,"path_per_floor":["M","$","?","?","M","R","?","R","T","E","$","M","M","M","R","B",null,"M","M","?","$","?","R","M","R","T","?","$","M","?","M","R","B"],"character_chosen":"IRONCLAD","items_purchased":["Shrug It Off","Twin Strike+1"],"campfire_rested":1,"item_purchase_floors":[2,21],"current_hp_per_floor":[68,68,63,63,69,69,69,69,69,57,57,63,68,74,74,47,68,61,53,32,32,32,32,34,56,56,56,56,51,51,47,47,0],"gold":86,"neow_bonus":"UPGRADE_CARD","is_prod":false,"is_daily":false,"chose_seed":false,"campfire_upgraded":5,"win_rate":0,"timestamp":1560737524,"path_taken":["M","?","?","?","?","R","?","R","T","E","$","M","M","M","R","BOSS","M","M","?","$","?","R","M","R","T","?","$","M","?","M","R","BOSS"],"build_version":"2019-01-23","purchased_purges":2,"victory":false,"max_hp_per_floor":[75,75,75,75,75,75,75,75,75,75,75,75,75,75,75,75,75,75,75,75,75,75,75,75,75,75,75,75,75,75,75,75,75],"card_choices":[{"not_picked":["Havoc","Twin Strike"],"picked":"Iron Wave","floor":1},{"not_picked":["Heavy Blade","Twin Strike"],"picked":"Clothesline","floor":5},{"not_picked":["Pummel+1","Uppercut+1"],"picked":"Anger+1","floor":10},{"not_picked":["Clash+1","Anger+1"],"picked":"Infernal Blade","floor":12},{"not_picked":["Blood for Blood+1","Thunderclap+1"],"picked":"True Grit","floor":13},{"not_picked":["Anger+1","Infernal Blade"],"picked":"Cleave+1","floor":14},{"not_picked":["Disarm","Intimidate"],"picked":"Thunderclap+1","floor":18},{"not_picked":["Bloodletting+1","Rupture"],"picked":"Flex","floor":19},{"not_picked":["Evolve","Flame Barrier","Cleave+1"],"picked":"SKIP","floor":24},{"not_picked":["Intimidate","Warcry+1"],"picked":"Sword Boomerang+1","floor":29},{"not_picked":["Iron Wave+1","Wild Strike+1"],"picked":"True Grit+1","floor":31}],"player_experience":403685,"relics_obtained":[{"floor":9,"key":"Molten Egg 2"},{"floor":10,"key":"Nunchaku"},{"floor":20,"key":"Enchiridion"},{"floor":26,"key":"Whetstone"}],"event_choices":[{"damage_healed":0,"gold_gain":0,"player_choice":"Success","damage_taken":5,"relics_obtained":["Anchor"],"max_hp_gain":0,"max_hp_loss":0,"event_name":"Scrap Ooze","floor":3,"gold_loss":0},{"damage_healed":0,"gold_gain":0,"player_choice":"Grow","damage_taken":0,"max_hp_gain":0,"max_hp_loss":0,"event_name":"Living Wall","floor":4,"gold_loss":0,"cards_upgraded":["Iron Wave"]},{"damage_healed":0,"gold_gain":0,"player_choice":"1 cards matched","damage_taken":0,"max_hp_gain":0,"max_hp_loss":0,"event_name":"Match and Keep!","floor":7,"gold_loss":0,"cards_obtained":["Headbutt"]},{"damage_healed":0,"gold_gain":0,"player_choice":"Obtained Book","damage_taken":21,"max_hp_gain":0,"max_hp_loss":0,"event_name":"Cursed Tome","floor":20,"gold_loss":0},{"damage_healed":0,"gold_gain":0,"player_choice":"Read","damage_taken":0,"max_hp_gain":0,"max_hp_loss":0,"event_name":"The Library","floor":22,"gold_loss":0,"cards_obtained":["Flame Barrier"]},{"damage_healed":0,"gold_gain":0,"player_choice":"Ignored","damage_taken":0,"max_hp_gain":0,"max_hp_loss":0,"event_name":"Beggar","floor":27,"gold_loss":0},{"damage_healed":0,"gold_gain":0,"player_choice":"Ignored","damage_taken":0,"max_hp_gain":0,"max_hp_loss":0,"event_name":"Ghosts","floor":30,"gold_loss":0}],"is_beta":false,"boss_relics":[{"not_picked":["Fusion Hammer","Coffee Dripper"],"picked":"Black Blood"}],"items_purged_floors":[2,21],"is_endless":false,"potions_floor_spawned":[5,14,16,18,19,24],"killed_by":"Champ","ascension_level":16}