{"gold_per_floor":[119,119,6,24,41,41,41,41,67,67,80,80,109,109,109,207,207,224,87,87,99,114,114],"floor_reached":23,"playtime":1080,"items_purged":["Strike_R","Strike_R"],"score":274,"play_id":"5ca9aa7c-e5f9-4858-a728-0bc1a56293ec","local_time":"20190414134247","is_ascension_mode":true,"campfire_choices":[{"data":"Bash","floor":6,"key":"SMITH"},{"data":"Rampage","floor":8,"key":"SMITH"},{"data":"Metallicize","floor":10,"key":"SMITH"},{"data":"Ghostly Armor","floor":12,"key":"SMITH"},{"data":"Pommel Strike","floor":15,"key":"SMITH"}],"neow_cost":"NONE","seed_source_timestamp":150890099300,"circlet_count":0,"master_deck":["Strike_R+1","Strike_R+1","Defend_R","Defend_R","Defend_R","Defend_R","Bash+1","Offering","Ghostly Armor+1","Rampage+1","Metallicize+1","Pommel Strike+1","Armaments","Demon Form","Burning Pact","Iron Wave"],"relics":["Burning Blood","Pen Nib","Strawberry","White Beast Statue","StoneCalendar"],"potions_floor_usage":[1,13,21,22,23],"damage_taken":[{"damage":0,"enemies":"2 Louse","floor":1,"turns":3},{"damage":8,"enemies":"Jaw Worm","floor":4,"turns":4},{"damage":7,"enemies":"Cultist","floor":5,"turns":3},{"damage":13,"enemies":"Looter","floor":11,"turns":3},{"damage":18,"enemies":"Lagavulin","floor":13,"turns":5},{"damage":36,"enemies":"The Guardian","floor":16,"turns":9},{"damage":9,"enemies":"Shell Parasite","floor":18,"turns":5},{"damage":23,"enemies":"3 Byrds","floor":21,"turns":7},{"damage":28,"enemies":"Snecko","floor":22,"turns":7},{"damage":36,"enemies":"Book of Stabbing","floor":23,"turns":5}],"seed_played":"6845226180066940541","potions_obtained":[{"floor":1,"key":"Fruit Juice"},{"floor":4,"key":"FearPotion"},{"floor":5,"key":"GamblersBrew"},{"floor":18,"key":"SkillPotion"},{"floor":21,"key":"Block Potion"},{"floor":22,"key":"Swift Potion"}],"is_trial":false,"path_per_floor":["M","?","$","M","M","R","$","R","T","R","M","R","E","?","R","B",null,"M","$","?","M","M","E"],"character_chosen":"IRONCLAD","items_purchased":["Rampage","Burning Pact"],"campfire_rested":0,"item_purchase_floors":[3,19],"current_hp_per_floor":[83,83,83,81,80,80,80,80,80,80,73,73,68,50,50,20,74,71,71,71,54,32,0],"gold":114,"neow_bonus":"ONE_RANDOM_RARE_CARD","is_prod":false,"is_daily":false,"chose_seed":false,"campfire_upgraded":5,"win_rate":0,"timestamp":1555263767,"path_taken":["M","?","$","M","M","R","$","R","T","R","M","R","E","?","R","BOSS","M","$","?","M","?","E"],"build_version":"2019-01-23","purchased_purges":2,"victory":false,"max_hp_per_floor":[85,85,85,85,85,85,85,85,85,85,85,85,92,92,92,92,92,92,92,92,92,92,92],"card_choices":[{"not_picked":["Thunderclap","Armaments"],"picked":"Ghostly Armor","floor":1},{"not_picked":["Combust","Clothesline","Entrench"],"picked":"SKIP","floor":4},{"not_picked":["Dual Wield","Thunderclap"],"picked":"Metallicize","floor":5},{"not_picked":["Clothesline","Havoc"],"picked":"Pommel Strike","floor":11},{"not_picked":["Combust","Wild Strike"],"picked":"Armaments","floor":13},{"not_picked":["Offering","Impervious"],"picked":"Demon Form","floor":16},{"not_picked":["Whirlwind","Pommel Strike","Spot Weakness"],"picked":"SKIP","floor":18},{"not_picked":["Wild Strike","Feel No Pain+1"],"picked":"Iron Wave","floor":21},{"not_picked":["Anger","Entrench","True Grit"],"picked":"SKIP","floor":22}],"player_experience":130898,"relics_obtained":[{"floor":9,"key":"Pen Nib"},{"floor":13,"key":"Strawberry"}],"event_choices":[{"cards_removed":["Strike_R"],"damage_healed":0,"gold_gain":0,"player_choice":"Forget","damage_taken":0,"max_hp_gain":0,"max_hp_loss":0,"event_name":"Living Wall","floor":2,"gold_loss":0},{"damage_healed":0,"gold_gain":0,"player_choice":"Entered Light","damage_taken":18,"max_hp_gain":0,"max_hp_loss":0,"event_name":"Shining Light","floor":14,"gold_loss":0,"cards_upgraded":["Strike_R","Strike_R"]},{"damage_healed":0,"gold_gain":0,"player_choice":"Gave Potion","damage_taken":0,"relics_obtained":["StoneCalendar"],"max_hp_gain":0,"max_hp_loss":0,"event_name":"WeMeetAgain","floor":20,"gold_loss":0}],"is_beta":false,"boss_relics":[{"not_picked":["Snecko Eye","Pandora\u0027s Box"],"picked":"White Beast Statue"}],"items_purged_floors":[3,19],"is_endless":false,"potions_floor_spawned":[1,4,5,18,21,22],"killed_by":"Book of Stabbing","ascension_level":9}