{"gold_per_floor":[119,119,66,79,94,94,110,137,137,162,162,235,253,253],"floor_reached":14,"playtime":609,"items_purged":[],"score":190,"play_id":"e55cf644-89e8-418d-b72c-dabbc6b32127","local_time":"20190701202922","is_ascension_mode":true,"campfire_choices":[{"data":"Bash","floor":6,"key":"SMITH"},{"floor":11,"key":"REST"}],"neow_cost":"NONE","seed_source_timestamp":24058317138200,"circlet_count":0,"master_deck":["AscendersBane","Strike_R","Strike_R","Strike_R","Strike_R","Strike_R","Defend_R","Defend_R","Defend_R","Defend_R","Bash+1","Twin Strike","Iron Wave","Shrug It Off","Armaments","Cleave","Whirlwind","Shrug It Off","True Grit","Pommel Strike"],"relics":["Burning Blood","Bronze Scales","Champion Belt","Blue Candle","Prayer Wheel","Centennial Puzzle"],"potions_floor_usage":[8],"damage_taken":[{"damage":2,"enemies":"2 Louse","floor":1,"turns":3},{"damage":9,"enemies":"Jaw Worm","floor":4,"turns":4},{"damage":0,"enemies":"Small Slimes","floor":5,"turns":4},{"damage":4,"enemies":"2 Fungi Beasts","floor":7,"turns":4},{"damage":33,"enemies":"Gremlin Nob","floor":8,"turns":5},{"damage":34,"enemies":"Lagavulin","floor":10,"turns":7},{"damage":29,"enemies":"Large Slime","floor":13,"turns":6},{"damage":12,"enemies":"Exordium Wildlife","floor":14,"turns":2}],"seed_played":"-4431003803360172877","potions_obtained":[{"floor":1,"key":"SpeedPotion"},{"floor":4,"key":"Swift Potion"}],"is_trial":false,"path_per_floor":["M","?","$","M","M","R","M","E","T","E","R","?","M","M"],"character_chosen":"IRONCLAD","items_purchased":["Iron Wave"],"campfire_rested":1,"item_purchase_floors":[3],"current_hp_per_floor":[72,61,61,58,64,64,66,39,39,11,33,33,10,0],"gold":253,"neow_bonus":"RANDOM_COMMON_RELIC","is_prod":false,"is_daily":false,"chose_seed":false,"campfire_upgraded":1,"win_rate":0,"timestamp":1562027362,"path_taken":["M","?","$","M","M","R","M","E","T","E","R","?","M","M"],"build_version":"2019-07-01","purchased_purges":0,"victory":false,"max_hp_per_floor":[75,75,75,75,75,75,75,75,75,75,75,75,75,75],"card_choices":[{"not_picked":["Corruption","Havoc"],"picked":"Twin Strike","floor":1},{"not_picked":["Iron Wave","Second Wind"],"picked":"Shrug It Off","floor":4},{"not_picked":["Combust","Searing Blow"],"picked":"Armaments","floor":5},{"not_picked":["Clash","Shrug It Off"],"picked":"Cleave","floor":7},{"not_picked":["Entrench","Ghostly Armor"],"picked":"Whirlwind","floor":8},{"not_picked":["Twin Strike","Searing Blow"],"picked":"Shrug It Off","floor":10},{"not_picked":["Dark Embrace","Armaments"],"picked":"True Grit","floor":13},{"not_picked":["Uppercut","Warcry"],"picked":"Pommel Strike","floor":13}],"player_experience":418373,"relics_obtained":[{"floor":8,"key":"Blue Candle"},{"floor":9,"key":"Prayer Wheel"},{"floor":10,"key":"Centennial Puzzle"}],"event_choices":[{"damage_healed":0,"gold_gain":0,"player_choice":"Success","damage_taken":11,"relics_obtained":["Champion Belt"],"max_hp_gain":0,"max_hp_loss":0,"event_name":"Scrap Ooze","floor":2,"gold_loss":0},{"damage_healed":0,"gold_gain":73,"player_choice":"Gained Gold","damage_taken":0,"max_hp_gain":0,"max_hp_loss":0,"event_name":"Golden Wing","floor":12,"gold_loss":0}],"is_beta":false,"boss_relics":[],"items_purged_floors":[],"is_endless":false,"potions_floor_spawned":[1,4,7],"killed_by":"Exordium Wildlife","ascension_level":18}