{"gold_per_floor":[110,110,110,125,125,125,140,140,140,171,184,218,233,187,187,263,263,274,290,151,168,187,187,202,219,287,304,52,52,69,96,96,96],"floor_reached":33,"playtime":1187,"items_purged":[],"score":545,"play_id":"70ab3303-f3d8-44a9-bdf2-dd9b83a0d995","local_time":"20190529171539","is_ascension_mode":true,"campfire_choices":[{"data":"Pommel Strike","floor":6,"key":"SMITH"},{"data":"Defend_R","floor":8,"key":"SMITH"},{"data":"Uppercut","floor":15,"key":"SMITH"},{"data":"True Grit","floor":23,"key":"SMITH"},{"data":"Double Tap","floor":29,"key":"SMITH"},{"floor":32,"key":"REST"}],"neow_cost":"NONE","seed_source_timestamp":761371948200,"circlet_count":0,"master_deck":["AscendersBane","Strike_R","Strike_R","Strike_R","Strike_R","Strike_R","Defend_R+1","Defend_R","Defend_R","Defend_R","Bash+1","Pommel Strike+1","Perfected Strike+1","Feed","Uppercut+1","Shrug It Off","Double Tap+1","Rage","True Grit+1","Flash of Steel","Twin Strike","Cleave","Armaments+1","Flame Barrier+1","Iron Wave"],"relics":["Burning Blood","Regal Pillow","Darkstone Periapt","Self Forming Clay","Sundial","Mark of Pain","Toxic Egg 2","Pantograph","Blue Candle"],"potions_floor_usage":[10,18,22,33,33],"damage_taken":[{"damage":14,"enemies":"Small Slimes","floor":1,"turns":4},{"damage":12,"enemies":"Jaw Worm","floor":4,"turns":3},{"damage":4,"enemies":"2 Louse","floor":7,"turns":3},{"damage":0,"enemies":"Gremlin Nob","floor":10,"turns":2},{"damage":25,"enemies":"Lots of Slimes","floor":11,"turns":6},{"damage":23,"enemies":"3 Sentries","floor":12,"turns":9},{"damage":3,"enemies":"Looter","floor":13,"turns":2},{"damage":31,"enemies":"Hexaghost","floor":16,"turns":9},{"damage":6,"enemies":"Shell Parasite","floor":18,"turns":6},{"damage":14,"enemies":"3 Byrds","floor":19,"turns":7},{"damage":12,"enemies":"Centurion and Healer","floor":21,"turns":5},{"damage":0,"enemies":"Snake Plant","floor":22,"turns":2},{"damage":5,"enemies":"3 Cultists","floor":24,"turns":5},{"damage":7,"enemies":"Cultist and Chosen","floor":25,"turns":5},{"damage":9,"enemies":"Snake Plant","floor":27,"turns":4},{"damage":15,"enemies":"Sentry and Sphere","floor":30,"turns":5},{"damage":26,"enemies":"Book of Stabbing","floor":31,"turns":5},{"damage":105,"enemies":"Collector","floor":33,"turns":10}],"seed_played":"9132979334273437792","potions_obtained":[{"floor":4,"key":"Poison Potion"},{"floor":12,"key":"AttackPotion"},{"floor":13,"key":"Weak Potion"},{"floor":19,"key":"Strength Potion"},{"floor":27,"key":"Explosive Potion"}],"is_trial":false,"path_per_floor":["M","?","T","M","?","R","M","R","T","E","M","E","M","$","R","B",null,"M","M","$","M","M","R","M","M","T","M","$","R","M","E","R","B"],"character_chosen":"IRONCLAD","items_purchased":["Shrug It Off","True Grit","Flash of Steel","Pantograph"],"campfire_rested":1,"item_purchase_floors":[14,20,20,28],"current_hp_per_floor":[67,67,67,61,61,61,63,63,63,69,53,39,42,42,42,17,70,73,68,68,62,68,68,72,71,71,68,68,68,59,39,83,0],"gold":96,"neow_bonus":"TEN_PERCENT_HP_BONUS","is_prod":false,"is_daily":false,"chose_seed":false,"campfire_upgraded":5,"win_rate":0,"timestamp":1559164539,"path_taken":["M","?","?","M","?","R","M","R","T","E","M","E","M","$","R","BOSS","M","M","?","?","M","R","M","M","T","M","$","R","M","E","R","BOSS"],"build_version":"2019-01-23","purchased_purges":0,"victory":false,"max_hp_per_floor":[82,82,82,82,82,82,82,82,82,82,85,88,88,88,88,88,88,91,94,94,94,94,94,97,97,97,97,97,97,97,97,97,97],"card_choices":[{"not_picked":["Warcry","Havoc"],"picked":"Pommel Strike","floor":1},{"not_picked":["Headbutt","Iron Wave"],"picked":"Perfected Strike","floor":4},{"not_picked":["Anger","Clothesline","Wild Strike"],"picked":"SKIP","floor":7},{"not_picked":["Seeing Red","Dual Wield"],"picked":"Feed","floor":10},{"not_picked":["Entrench","Warcry","Infernal Blade"],"picked":"SKIP","floor":11},{"not_picked":["Clothesline","Sword Boomerang"],"picked":"Uppercut","floor":12},{"not_picked":["Feel No Pain","Flex","Thunderclap"],"picked":"SKIP","floor":13},{"not_picked":["Dark Embrace","Impervious"],"picked":"Double Tap","floor":16},{"not_picked":["Wild Strike","Havoc","Thunderclap"],"picked":"SKIP","floor":18},{"not_picked":["Warcry","Body Slam"],"picked":"Rage","floor":19},{"not_picked":["Thunderclap+1","Sword Boomerang"],"picked":"Twin Strike","floor":21},{"not_picked":["Clash","Fiend Fire","Perfected Strike"],"picked":"SKIP","floor":22},{"not_picked":["Intimidate","Metallicize"],"picked":"Cleave","floor":24},{"not_picked":["Second Wind","Clothesline"],"picked":"Armaments+1","floor":25},{"not_picked":["Cleave","Iron Wave"],"picked":"Flame Barrier+1","floor":27},{"not_picked":["Searing Blow","Wild Strike"],"picked":"Iron Wave","floor":30},{"not_picked":["Clash","Body Slam","Combust"],"picked":"SKIP","floor":31}],"player_experience":352469,"relics_obtained":[{"floor":3,"key":"Regal Pillow"},{"floor":9,"key":"Darkstone Periapt"},{"floor":10,"key":"Self Forming Clay"},{"floor":12,"key":"Sundial"},{"floor":26,"key":"Toxic Egg 2"},{"floor":31,"key":"Blue Candle"}],"event_choices":[{"damage_healed":0,"gold_gain":0,"player_choice":"Grow","damage_taken":0,"max_hp_gain":0,"max_hp_loss":0,"event_name":"Living Wall","floor":2,"gold_loss":0,"cards_upgraded":["Bash"]},{"damage_healed":0,"gold_gain":0,"player_choice":"Forge","damage_taken":0,"max_hp_gain":0,"max_hp_loss":0,"event_name":"Accursed Blacksmith","floor":5,"gold_loss":0,"cards_upgraded":["Perfected Strike"]}],"is_beta":false,"boss_relics":[{"not_picked":["Lizard Tail","Pandora\u0027s Box"],"picked":"Mark of Pain"}],"items_purged_floors":[],"is_endless":false,"potions_floor_spawned":[4,12,13,16,19,27,30],"killed_by":"Collector","ascension_level":14}