{"gold_per_floor":[364,364,364,384,362,362,377,377,377,396,396,410,428,47,47,151,151,166,184,203,103,115,115,150,162,162,194,213,213,213,223,223,321,371,390,390,390,408,418,418,433,447,447,447,459,459,478,5,5,5],"floor_reached":50,"playtime":1700,"items_purged":["Strike_R","Strike_R","Strike_R"],"score":805,"play_id":"9c280ff3-7c91-4f12-b248-373ddf8e3b0c","local_time":"20190416134637","is_ascension_mode":true,"campfire_choices":[{"data":"Carnage","floor":6,"key":"SMITH"},{"data":"Bash","floor":8,"key":"SMITH"},{"data":"Spot Weakness","floor":11,"key":"SMITH"},{"floor":15,"key":"REST"},{"data":"Flame Barrier","floor":23,"key":"SMITH"},{"data":"Heavy Blade","floor":29,"key":"SMITH"},{"floor":32,"key":"REST"},{"floor":40,"key":"REST"},{"data":"Battle Trance","floor":44,"key":"SMITH"},{"floor":49,"key":"REST"}],"neow_cost":"CURSE","seed_source_timestamp":100134524000,"circlet_count":0,"master_deck":["Strike_R+1","Strike_R+1","Defend_R","Defend_R","Defend_R","Defend_R","Bash+1","Carnage+1","Spot Weakness+1","Heavy Blade+1","Limit Break","Flame Barrier+1","Armaments+1","Flex","Sword Boomerang+1","Limit Break","Rampage+1","Cleave+1","Twin Strike+1","Battle Trance+1","Double Tap","True Grit+1","Metallicize+1","Parasite","Flex","Spot Weakness","Flex","Armaments"],"relics":["Burning Blood","Molten Egg 2","Brimstone","Sozu","Blood Vial","Mummified Hand","The Courier","MutagenicStrength","Tiny House","Singing Bowl","Kunai"],"potions_floor_usage":[10,19,27],"damage_taken":[{"damage":14,"enemies":"Small Slimes","floor":1,"turns":4},{"damage":12,"enemies":"Jaw Worm","floor":4,"turns":3},{"damage":1,"enemies":"2 Louse","floor":7,"turns":2},{"damage":2,"enemies":"Exordium Thugs","floor":10,"turns":3},{"damage":17,"enemies":"Looter","floor":12,"turns":3},{"damage":8,"enemies":"Blue Slaver","floor":13,"turns":3},{"damage":0,"enemies":"Slime Boss","floor":16,"turns":4},{"damage":0,"enemies":"Spheric Guardian","floor":18,"turns":3},{"damage":7,"enemies":"Shell Parasite","floor":19,"turns":2},{"damage":27,"enemies":"Snake Plant","floor":20,"turns":2},{"damage":20,"enemies":"Centurion and Healer","floor":22,"turns":2},{"damage":22,"enemies":"Book of Stabbing","floor":24,"turns":3},{"damage":0,"enemies":"Chosen and Byrds","floor":25,"turns":3},{"damage":22,"enemies":"Slavers","floor":27,"turns":2},{"damage":4,"enemies":"Cultist and Chosen","floor":28,"turns":3},{"damage":22,"enemies":"Snake Plant","floor":31,"turns":2},{"damage":42,"enemies":"Collector","floor":33,"turns":5},{"damage":30,"enemies":"3 Darklings","floor":35,"turns":5},{"damage":0,"enemies":"3 Shapes","floor":38,"turns":3},{"damage":24,"enemies":"Transient","floor":39,"turns":5},{"damage":7,"enemies":"Writhing Mass","floor":41,"turns":3},{"damage":0,"enemies":"Spire Growth","floor":42,"turns":2},{"damage":44,"enemies":"Jaw Worm Horde","floor":45,"turns":3},{"damage":34,"enemies":"4 Shapes","floor":47,"turns":6},{"damage":93,"enemies":"Donu and Deca","floor":50,"turns":4}],"seed_played":"-7184973515251597118","potions_obtained":[{"floor":4,"key":"SkillPotion"},{"floor":10,"key":"BloodPotion"},{"floor":13,"key":"EssenceOfSteel"}],"is_trial":false,"path_per_floor":["M","?","?","M","?","R","M","R","T","M","R","M","M","$","R","B",null,"M","M","M","$","M","R","E","M","T","E","M","R","?","M","R","B",null,"M","?","?","M","M","R","M","M","T","R","M","?","M","$","R","B"],"character_chosen":"IRONCLAD","items_purchased":["Flex","Brimstone","Sword Boomerang+1","Kunai","Flex","Spot Weakness","Flex","Armaments"],"campfire_rested":4,"item_purchase_floors":[14,14,14,48,48,48,48,48],"current_hp_per_floor":[64,57,41,35,35,35,40,40,40,44,44,33,31,31,55,61,75,80,79,58,58,44,44,28,36,36,30,34,34,34,20,44,10,68,46,46,46,54,38,63,64,72,72,72,38,76,50,50,73,0],"gold":5,"neow_bonus":"TWO_FIFTY_GOLD","is_prod":false,"is_daily":false,"chose_seed":false,"campfire_upgraded":6,"win_rate":0,"timestamp":1555436797,"path_taken":["M","?","?","M","?","R","M","R","T","M","R","?","M","$","R","BOSS","M","M","M","$","M","R","E","M","T","E","M","R","?","M","R","BOSS","M","?","?","M","?","R","M","M","T","R","M","?","M","$","R","BOSS"],"build_version":"2019-01-23","purchased_purges":3,"victory":false,"max_hp_per_floor":[80,80,80,80,80,80,80,80,80,80,80,80,80,80,80,80,80,80,80,80,80,80,80,80,80,80,80,80,80,80,80,80,80,85,85,85,85,85,85,85,85,85,85,85,87,76,78,78,78,78],"card_choices":[{"not_picked":["Body Slam","Inflame"],"picked":"Carnage","floor":1},{"not_picked":["Clash","Shockwave"],"picked":"Spot Weakness","floor":4},{"not_picked":["Iron Wave","Clash"],"picked":"Heavy Blade","floor":7},{"not_picked":["Whirlwind+1","Cleave+1"],"picked":"Limit Break","floor":10},{"not_picked":["Sentinel","Armaments"],"picked":"Flame Barrier","floor":12},{"not_picked":["Hemokinesis+1","Body Slam+1"],"picked":"Armaments","floor":13},{"not_picked":["Exhume","Fiend Fire+1"],"picked":"Limit Break","floor":16},{"not_picked":["Feel No Pain+1","Disarm","Shockwave"],"picked":"SKIP","floor":18},{"not_picked":["Sentinel","Thunderclap+1","Infernal Blade+1"],"picked":"SKIP","floor":19},{"not_picked":["Seeing Red","Dual Wield"],"picked":"Rampage+1","floor":20},{"not_picked":["Body Slam+1","Havoc","Clash+1"],"picked":"SKIP","floor":22},{"not_picked":["Searing Blow+1","Intimidate"],"picked":"Cleave+1","floor":24},{"not_picked":["Flex+1","Inflame"],"picked":"Twin Strike+1","floor":25},{"not_picked":["Limit Break","Havoc","Hemokinesis+1"],"picked":"SKIP","floor":27},{"not_picked":["Evolve+1","Anger+1","Intimidate"],"picked":"SKIP","floor":28},{"not_picked":["Rage","Seeing Red+1"],"picked":"Battle Trance","floor":31},{"not_picked":["Limit Break","Offering"],"picked":"Double Tap","floor":33},{"not_picked":["Bloodletting","Searing Blow+1"],"picked":"True Grit+1","floor":34},{"not_picked":["Evolve","Dual Wield+1","Havoc"],"picked":"SKIP","floor":35},{"not_picked":["Intimidate","Reckless Charge+1","Entrench"],"picked":"SKIP","floor":38},{"not_picked":["Wild Strike+1","Sword Boomerang+1"],"picked":"Metallicize+1","floor":39},{"not_picked":["Searing Blow+1","Thunderclap+1","Body Slam+1"],"picked":"SKIP","floor":41},{"not_picked":["Sword Boomerang+1","Perfected Strike+1","Corruption+1"],"picked":"SKIP","floor":42},{"not_picked":["Havoc+1","Twin Strike+1","Cleave+1"],"picked":"Singing Bowl","floor":45},{"not_picked":["True Grit","Body Slam+1","Cleave+1"],"picked":"Singing Bowl","floor":47}],"player_experience":138862,"relics_obtained":[{"floor":9,"key":"Molten Egg 2"},{"floor":24,"key":"Blood Vial"},{"floor":26,"key":"Mummified Hand"},{"floor":27,"key":"The Courier"},{"floor":43,"key":"Singing Bowl"}],"event_choices":[{"cards_removed":["Shame"],"damage_healed":0,"gold_gain":0,"player_choice":"Card Removal","damage_taken":7,"max_hp_gain":0,"max_hp_loss":0,"event_name":"Golden Wing","floor":2,"gold_loss":0},{"damage_healed":0,"gold_gain":0,"player_choice":"Entered Light","damage_taken":16,"max_hp_gain":0,"max_hp_loss":0,"event_name":"Shining Light","floor":3,"gold_loss":0,"cards_upgraded":["Strike_R","Strike_R"]},{"damage_healed":0,"gold_gain":0,"player_choice":"Left Gold","damage_taken":0,"max_hp_gain":0,"max_hp_loss":0,"event_name":"World of Goop","floor":5,"gold_loss":22},{"damage_healed":0,"gold_gain":0,"player_choice":"Inject Mutagens","damage_taken":0,"relics_obtained":["MutagenicStrength"],"max_hp_gain":0,"max_hp_loss":0,"event_name":"Drug Dealer","floor":30,"gold_loss":0},{"damage_healed":0,"gold_gain":0,"player_choice":"Ignored","damage_taken":0,"max_hp_gain":0,"max_hp_loss":0,"event_name":"Mysterious Sphere","floor":36,"gold_loss":0},{"damage_healed":0,"gold_gain":0,"player_choice":"Bought 0 Potions","damage_taken":0,"max_hp_gain":0,"max_hp_loss":0,"event_name":"The Woman in Blue","floor":37,"gold_loss":0},{"damage_healed":76,"gold_gain":0,"player_choice":"Heal","damage_taken":0,"max_hp_gain":0,"max_hp_loss":11,"event_name":"The Moai Head","floor":46,"gold_loss":0}],"is_beta":false,"boss_relics":[{"not_picked":["Runic Pyramid","Velvet Choker"],"picked":"Sozu"},{"not_picked":["Coffee Dripper","Busted Crown"],"picked":"Tiny House"}],"items_purged_floors":[14,21,48],"is_endless":false,"potions_floor_spawned":[4,10,13,19,22,24,28,33,35,38,45],"killed_by":"Donu and Deca","ascension_level":9}