{"gold_per_floor":[110,285,285,15,15,50,4,4,4,16,16,16,16,31,31,129,129,147,147,147,47,47,76,96,96,121,132,132,147,147,147,147,147],"floor_reached":33,"playtime":1236,"items_purged":["Doubt","Strike_R"],"score":401,"play_id":"e4d3b6f2-e53e-478f-98d2-3615b3fec256","local_time":"20190510155248","is_ascension_mode":true,"campfire_choices":[{"data":"Carnage","floor":8,"key":"SMITH"},{"data":"Bash","floor":11,"key":"SMITH"},{"data":"Metallicize","floor":13,"key":"SMITH"},{"floor":15,"key":"REST"},{"floor":25,"key":"REST"},{"data":"Double Tap","floor":30,"key":"SMITH"},{"data":"Metallicize","floor":32,"key":"SMITH"}],"neow_cost":"NONE","seed_source_timestamp":19300152913700,"circlet_count":0,"master_deck":["AscendersBane","Strike_R","Strike_R","Strike_R","Strike_R","Defend_R+1","Defend_R","Defend_R+1","Defend_R","Bash+1","Headbutt","Flame Barrier+1","Carnage+1","Shrug It Off","Metallicize+1","Metallicize+1","Double Tap+1","RitualDagger","Battle Trance"],"relics":["Burning Blood","Oddly Smooth Stone","Art of War","Darkstone Periapt","Busted Crown","Regal Pillow","PreservedInsect","Nilry\u0027s Codex","Centennial Puzzle"],"potions_floor_usage":[16,27,29,33],"damage_taken":[{"damage":5,"enemies":"Small Slimes","floor":1,"turns":4},{"damage":35,"enemies":"3 Sentries","floor":6,"turns":11},{"damage":0,"enemies":"Jaw Worm","floor":10,"turns":2},{"damage":4,"enemies":"2 Louse","floor":14,"turns":3},{"damage":26,"enemies":"Hexaghost","floor":16,"turns":9},{"damage":2,"enemies":"Spheric Guardian","floor":18,"turns":3},{"damage":48,"enemies":"Slavers","floor":23,"turns":8},{"damage":3,"enemies":"Chosen","floor":24,"turns":3},{"damage":0,"enemies":"Centurion and Healer","floor":27,"turns":4},{"damage":0,"enemies":"Snake Plant","floor":29,"turns":5},{"damage":64,"enemies":"Champ","floor":33,"turns":11}],"seed_played":"-3726215650249163381","potions_obtained":[{"floor":10,"key":"SneckoOil"},{"floor":23,"key":"Fire Potion"},{"floor":24,"key":"SkillPotion"},{"floor":27,"key":"Block Potion"}],"is_trial":false,"path_per_floor":["M","?","?","$","?","E","$","R","T","M","R","?","R","M","R","B",null,"M","?","?","$","?","E","M","R","T","M","?","M","R","T","R","B"],"character_chosen":"IRONCLAD","items_purchased":["Carnage","Oddly Smooth Stone","Shrug It Off"],"campfire_rested":2,"item_purchase_floors":[4,4,7],"current_hp_per_floor":[73,73,73,73,57,28,28,28,28,34,34,34,34,36,60,40,70,74,68,68,68,68,26,29,68,68,74,58,64,64,64,64,0],"gold":147,"neow_bonus":"THREE_CARDS","is_prod":false,"is_daily":false,"chose_seed":false,"campfire_upgraded":5,"win_rate":0,"timestamp":1557517968,"path_taken":["M","?","?","$","?","E","$","R","T","M","R","?","R","M","R","BOSS","M","?","?","$","?","E","M","R","T","M","?","M","R","?","R","BOSS"],"build_version":"2019-01-23","purchased_purges":2,"victory":false,"max_hp_per_floor":[80,80,80,80,80,80,80,80,80,80,80,80,80,80,80,80,80,80,80,80,80,80,80,80,80,80,80,80,80,80,80,80,80],"card_choices":[{"not_picked":["Iron Wave","Entrench"],"picked":"Headbutt","floor":0},{"not_picked":["Clothesline","Perfected Strike"],"picked":"Flame Barrier","floor":1},{"not_picked":["Armaments","Flex","Carnage"],"picked":"SKIP","floor":6},{"not_picked":["Havoc","Armaments"],"picked":"Metallicize","floor":10},{"not_picked":["Clothesline","Wild Strike"],"picked":"Metallicize","floor":14},{"not_picked":["Bludgeon","Impervious"],"picked":"Double Tap","floor":16},{"not_picked":["Intimidate+1"],"picked":"SKIP","floor":18},{"not_picked":["True Grit"],"picked":"SKIP","floor":23},{"not_picked":["Armaments+1"],"picked":"SKIP","floor":24},{"not_picked":["Cleave"],"picked":"SKIP","floor":27},{"not_picked":["Armaments"],"picked":"SKIP","floor":29}],"player_experience":236763,"relics_obtained":[{"floor":6,"key":"Art of War"},{"floor":9,"key":"Darkstone Periapt"},{"floor":23,"key":"Regal Pillow"},{"floor":26,"key":"PreservedInsect"},{"floor":28,"key":"Nilry\u0027s Codex"},{"floor":31,"key":"Centennial Puzzle"}],"event_choices":[{"damage_healed":0,"gold_gain":175,"player_choice":"AGREE","damage_taken":0,"max_hp_gain":0,"max_hp_loss":0,"event_name":"Liars Game","floor":2,"gold_loss":0,"cards_obtained":["Doubt"]},{"damage_healed":0,"gold_gain":0,"player_choice":"Grow","damage_taken":0,"max_hp_gain":0,"max_hp_loss":0,"event_name":"Living Wall","floor":3,"gold_loss":0,"cards_upgraded":["Flame Barrier"]},{"damage_healed":0,"gold_gain":0,"player_choice":"Entered Light","damage_taken":16,"max_hp_gain":0,"max_hp_loss":0,"event_name":"Shining Light","floor":5,"gold_loss":0,"cards_upgraded":["Defend_R","Defend_R"]},{"damage_healed":0,"gold_gain":0,"player_choice":"Searched \u00271\u0027 times","damage_taken":0,"max_hp_gain":0,"max_hp_loss":0,"event_name":"Dead Adventurer","floor":12,"gold_loss":0},{"damage_healed":0,"gold_gain":0,"player_choice":"Joined the Cult","damage_taken":6,"max_hp_gain":0,"max_hp_loss":0,"event_name":"Nest","floor":19,"gold_loss":0,"cards_obtained":["RitualDagger"]},{"damage_healed":0,"gold_gain":0,"player_choice":"Read","damage_taken":0,"max_hp_gain":0,"max_hp_loss":0,"event_name":"The Library","floor":20,"gold_loss":0,"cards_obtained":["Battle Trance"]},{"damage_healed":0,"gold_gain":0,"player_choice":"Ignored","damage_taken":0,"max_hp_gain":0,"max_hp_loss":0,"event_name":"Vampires","floor":22,"gold_loss":0},{"damage_healed":0,"gold_gain":0,"player_choice":"Obtained Book","damage_taken":16,"max_hp_gain":0,"max_hp_loss":0,"event_name":"Cursed Tome","floor":28,"gold_loss":0}],"is_beta":false,"boss_relics":[{"not_picked":["Runic Cube","Coffee Dripper"],"picked":"Busted Crown"}],"items_purged_floors":[4,21],"is_endless":false,"potions_floor_spawned":[10,23,24,27],"killed_by":"Champ","ascension_level":11}