{"gold_per_floor":[110,110,110,131,147,147,171,194,194,209,209,234,250,130,130,258,258,272,272,316,48,48,48,48],"floor_reached":24,"playtime":962,"items_purged":["Strike_R","Strike_R"],"score":282,"play_id":"c8f6ef39-e947-472f-8fb8-f98306fd73ae","local_time":"20190505171006","is_ascension_mode":true,"campfire_choices":[{"data":"True Grit","floor":6,"key":"SMITH"},{"floor":15,"key":"REST"},{"floor":23,"key":"REST"}],"neow_cost":"CURSE","seed_source_timestamp":20467125733200,"circlet_count":0,"master_deck":["AscendersBane","Strike_R","Defend_R","Defend_R","Defend_R","Defend_R","Bash","Shame","Injury","True Grit+1","Shrug It Off","Carnage","Feed","Sword Boomerang","Bash","Anger","Iron Wave","True Grit","Limit Break","Inflame","Twin Strike"],"relics":["Burning Blood","Du-Vu Doll","Golden Idol","Peace Pipe","StoneCalendar","Empty Cage","Red Mask","Oddly Smooth Stone","Toxic Egg 2"],"potions_floor_usage":[16,16,16,18,20],"damage_taken":[{"damage":8,"enemies":"2 Louse","floor":1,"turns":2},{"damage":7,"enemies":"Jaw Worm","floor":4,"turns":2},{"damage":1,"enemies":"Cultist","floor":5,"turns":3},{"damage":20,"enemies":"Large Slime","floor":7,"turns":6},{"damage":28,"enemies":"Gremlin Gang","floor":8,"turns":6},{"damage":9,"enemies":"2 Fungi Beasts","floor":10,"turns":5},{"damage":3,"enemies":"Looter","floor":12,"turns":2},{"damage":13,"enemies":"Exordium Wildlife","floor":13,"turns":2},{"damage":3,"enemies":"Hexaghost","floor":16,"turns":9},{"damage":21,"enemies":"Shell Parasite","floor":18,"turns":4},{"damage":38,"enemies":"Masked Bandits","floor":20,"turns":5},{"damage":66,"enemies":"Gremlin Leader","floor":24,"turns":6}],"seed_played":"3328193778662577368","potions_obtained":[{"floor":7,"key":"PowerPotion"},{"floor":8,"key":"EssenceOfSteel"},{"floor":12,"key":"SkillPotion"},{"floor":16,"key":"Fire Potion"},{"floor":18,"key":"EssenceOfSteel"}],"is_trial":false,"path_per_floor":["M","?","T","M","M","R","M","M","T","M","?","M","M","$","R","B",null,"M","?","?","$","?","R","E"],"character_chosen":"IRONCLAD","items_purchased":["True Grit","Twin Strike","Oddly Smooth Stone"],"campfire_rested":2,"item_purchase_floors":[14,21,21],"current_hp_per_floor":[70,70,70,69,74,74,60,38,38,38,38,41,34,34,58,64,81,66,66,37,37,37,63,0],"gold":48,"neow_bonus":"ONE_RARE_RELIC","is_prod":false,"is_daily":false,"chose_seed":false,"campfire_upgraded":1,"win_rate":0,"timestamp":1557090606,"path_taken":["M","?","?","?","M","R","M","M","T","M","?","M","?","$","R","BOSS","M","?","?","?","?","R","E"],"build_version":"2019-01-23","purchased_purges":2,"victory":false,"max_hp_per_floor":[80,80,80,80,80,80,80,80,80,83,83,83,83,83,83,86,86,86,86,89,89,89,89,89],"card_choices":[{"not_picked":["Havoc","Intimidate","Wild Strike"],"picked":"SKIP","floor":1},{"not_picked":["Bloodletting","Sword Boomerang"],"picked":"True Grit","floor":4},{"not_picked":["Battle Trance","Rupture"],"picked":"Shrug It Off","floor":5},{"not_picked":["Uppercut","Disarm"],"picked":"Carnage","floor":7},{"not_picked":["Iron Wave","Flex"],"picked":"Feed","floor":8},{"not_picked":["Searing Blow","Wild Strike"],"picked":"Sword Boomerang","floor":10},{"not_picked":["Warcry","Wild Strike","Clash"],"picked":"SKIP","floor":12},{"not_picked":["Shockwave","Warcry"],"picked":"Iron Wave","floor":13},{"not_picked":["Exhume","Immolate"],"picked":"Limit Break","floor":16},{"not_picked":["Pommel Strike","Fire Breathing+1"],"picked":"Inflame","floor":18}],"player_experience":201446,"relics_obtained":[{"floor":3,"key":"Peace Pipe"},{"floor":9,"key":"StoneCalendar"},{"floor":20,"key":"Red Mask"}],"event_choices":[{"damage_healed":0,"gold_gain":0,"player_choice":"Take Wound","damage_taken":0,"relics_obtained":["Golden Idol"],"max_hp_gain":0,"max_hp_loss":0,"event_name":"Golden Idol","floor":2,"gold_loss":0,"cards_obtained":["Injury"]},{"damage_healed":0,"gold_gain":0,"player_choice":"2 cards matched","damage_taken":0,"max_hp_gain":0,"max_hp_loss":0,"event_name":"Match and Keep!","floor":11,"gold_loss":0,"cards_obtained":["Bash","Anger"]},{"damage_healed":0,"gold_gain":0,"player_choice":"Ignored","damage_taken":0,"max_hp_gain":0,"max_hp_loss":0,"event_name":"Vampires","floor":19,"gold_loss":0},{"damage_healed":0,"gold_gain":0,"player_choice":"Fought Bandits","damage_taken":0,"max_hp_gain":0,"max_hp_loss":0,"event_name":"Masked Bandits","floor":20,"gold_loss":0},{"damage_healed":0,"gold_gain":0,"player_choice":"Opened","damage_taken":0,"relics_obtained":["Toxic Egg 2"],"max_hp_gain":0,"max_hp_loss":0,"event_name":"The Mausoleum","floor":22,"gold_loss":0}],"is_beta":false,"boss_relics":[{"not_picked":["White Beast Statue","Pandora\u0027s Box"],"picked":"Empty Cage"}],"items_purged_floors":[14,21],"is_endless":false,"potions_floor_spawned":[7,8,12,13,16,18],"killed_by":"Gremlin Leader","ascension_level":10}