{"gold_per_floor":[110,121,44,55,68,68,95,45,45,45,63,63,63,77,77,180,180,190,190,207,36,36,65,65,65,90,109,109,109,69,79,79,79],"floor_reached":33,"playtime":1463,"items_purged":[],"score":411,"play_id":"8a7be316-b4fd-48d6-939c-d5bcd6d97dc8","local_time":"20190514181537","is_ascension_mode":true,"campfire_choices":[{"data":"Perfected Strike","floor":6,"key":"SMITH"},{"data":"Rage","floor":12,"key":"SMITH"},{"data":"Uppercut","floor":15,"key":"SMITH"},{"data":"Flame Barrier","floor":24,"key":"SMITH"},{"data":"RitualDagger","floor":29,"key":"SMITH"},{"data":"Iron Wave","floor":32,"key":"SMITH"}],"neow_cost":"NONE","seed_source_timestamp":4257705008600,"circlet_count":0,"master_deck":["AscendersBane","Strike_R","Strike_R+1","Strike_R","Strike_R","Strike_R","Defend_R","Defend_R","Defend_R","Bash","Perfected Strike+1","Cleave","Uppercut+1","Battle Trance","Pommel Strike","Rage+1","Double Tap+1","Headbutt+1","Iron Wave+1","Flame Barrier+1","Metallicize+1","RitualDagger+1"],"relics":["Burning Blood","PreservedInsect","Shuriken","Sozu","Bag of Preparation","Magic Flower","Boot"],"potions_floor_usage":[7,16,18],"damage_taken":[{"damage":7,"enemies":"Jaw Worm","floor":1,"turns":3},{"damage":6,"enemies":"2 Louse","floor":2,"turns":4},{"damage":6,"enemies":"Cultist","floor":4,"turns":3},{"damage":15,"enemies":"Red Slaver","floor":5,"turns":3},{"damage":25,"enemies":"Lagavulin","floor":7,"turns":7},{"damage":8,"enemies":"Looter","floor":11,"turns":2},{"damage":9,"enemies":"Exordium Wildlife","floor":14,"turns":3},{"damage":37,"enemies":"The Guardian","floor":16,"turns":9},{"damage":14,"enemies":"3 Byrds","floor":18,"turns":4},{"damage":10,"enemies":"2 Thieves","floor":20,"turns":3},{"damage":5,"enemies":"Book of Stabbing","floor":23,"turns":3},{"damage":3,"enemies":"Snake Plant","floor":27,"turns":3},{"damage":14,"enemies":"Snecko","floor":31,"turns":5},{"damage":63,"enemies":"Automaton","floor":33,"turns":8}],"seed_played":"7758051432256436933","potions_obtained":[{"floor":1,"key":"SpeedPotion"},{"floor":4,"key":"Explosive Potion"},{"floor":11,"key":"Regen Potion"}],"is_trial":false,"path_per_floor":["M","M","$","M","M","R","E","?","T","?","M","R","?","M","R","B",null,"M","$","M","$","?","E","R","?","T","M","?","R","?","M","R","B"],"character_chosen":"IRONCLAD","items_purchased":["Battle Trance","Iron Wave","Bag of Preparation"],"campfire_rested":0,"item_purchase_floors":[3,21,21],"current_hp_per_floor":[71,71,71,71,62,62,43,43,43,43,41,41,41,38,38,22,66,58,58,54,54,54,55,55,55,55,61,55,55,55,50,50,0],"gold":79,"neow_bonus":"THREE_CARDS","is_prod":false,"is_daily":false,"chose_seed":false,"campfire_upgraded":6,"win_rate":0,"timestamp":1557872137,"path_taken":["M","M","$","M","M","R","E","?","T","?","M","R","?","M","R","BOSS","M","$","M","$","?","E","R","?","T","M","?","R","?","?","R","BOSS"],"build_version":"2019-01-23","purchased_purges":0,"victory":false,"max_hp_per_floor":[80,80,80,80,80,80,80,80,80,80,80,80,80,80,80,80,80,80,80,80,80,80,80,80,80,80,80,80,80,80,80,80,80],"card_choices":[{"not_picked":["Pommel Strike","Spot Weakness"],"picked":"Perfected Strike","floor":0},{"not_picked":["Sentinel","Sword Boomerang"],"picked":"Cleave","floor":1},{"not_picked":["Thunderclap","Spot Weakness"],"picked":"Uppercut","floor":2},{"not_picked":["Searing Blow","Fire Breathing"],"picked":"Pommel Strike","floor":4},{"not_picked":["Clash","Havoc","Feel No Pain"],"picked":"SKIP","floor":5},{"not_picked":["Whirlwind","Body Slam"],"picked":"Rage","floor":7},{"not_picked":["Clothesline","Anger","Warcry"],"picked":"SKIP","floor":11},{"not_picked":["Wild Strike","True Grit"],"picked":"Double Tap","floor":14},{"not_picked":["Flex","Cleave"],"picked":"Headbutt+1","floor":18},{"not_picked":["Fire Breathing","Body Slam+1","Evolve"],"picked":"SKIP","floor":20},{"not_picked":["Juggernaut","Sword Boomerang"],"picked":"Metallicize+1","floor":23},{"not_picked":["Wild Strike","Havoc","Disarm"],"picked":"SKIP","floor":27},{"not_picked":["Twin Strike+1","Cleave","Perfected Strike"],"picked":"SKIP","floor":31}],"player_experience":274582,"relics_obtained":[{"floor":7,"key":"PreservedInsect"},{"floor":9,"key":"Shuriken"},{"floor":23,"key":"Magic Flower"},{"floor":26,"key":"Boot"}],"event_choices":[{"cards_removed":["Defend_R"],"damage_healed":0,"gold_gain":0,"player_choice":"Card Removal","damage_taken":0,"max_hp_gain":0,"max_hp_loss":0,"event_name":"The Cleric","floor":8,"gold_loss":50},{"damage_healed":0,"gold_gain":0,"player_choice":"Searched \u00270\u0027 times","damage_taken":0,"max_hp_gain":0,"max_hp_loss":0,"event_name":"Dead Adventurer","floor":10,"gold_loss":0},{"damage_healed":0,"gold_gain":0,"player_choice":"Ignored","damage_taken":0,"max_hp_gain":0,"max_hp_loss":0,"event_name":"Liars Game","floor":13,"gold_loss":0},{"damage_healed":0,"gold_gain":0,"player_choice":"Read","damage_taken":0,"max_hp_gain":0,"max_hp_loss":0,"event_name":"The Library","floor":22,"gold_loss":0,"cards_obtained":["Flame Barrier"]},{"damage_healed":0,"gold_gain":0,"player_choice":"Ignored","damage_taken":0,"max_hp_gain":0,"max_hp_loss":0,"event_name":"Beggar","floor":25,"gold_loss":0},{"damage_healed":0,"gold_gain":0,"player_choice":"Joined the Cult","damage_taken":6,"max_hp_gain":0,"max_hp_loss":0,"event_name":"Nest","floor":28,"gold_loss":0,"cards_obtained":["RitualDagger"]},{"damage_healed":0,"gold_gain":0,"player_choice":"Upgraded Two","damage_taken":0,"max_hp_gain":0,"max_hp_loss":0,"event_name":"Designer","floor":30,"gold_loss":40,"cards_upgraded":["Strike_R","Double Tap"]}],"is_beta":false,"boss_relics":[{"not_picked":["Calling Bell","Mark of Pain"],"picked":"Sozu"}],"items_purged_floors":[],"is_endless":false,"potions_floor_spawned":[1,4,11,14,20,23],"killed_by":"Automaton","ascension_level":11}