{"gold_per_floor":[114,127,127,127,127,127,153,164,188,188,214,233,245,257,257,257],"floor_reached":16,"playtime":527,"items_purged":[],"score":215,"play_id":"0441b2df-5a52-4b5f-bd86-b133d76dd676","local_time":"20190530210806","is_ascension_mode":true,"campfire_choices":[{"data":"Bash","floor":6,"key":"SMITH"},{"data":"Flame Barrier","floor":10,"key":"SMITH"},{"data":"True Grit","floor":15,"key":"SMITH"}],"neow_cost":"NONE","seed_source_timestamp":10680825165400,"circlet_count":0,"master_deck":["AscendersBane","Strike_R","Strike_R","Strike_R","Strike_R","Strike_R","Defend_R+1","Defend_R","Defend_R+1","Defend_R","Bash+1","True Grit+1","Sword Boomerang","Feed+1","Flame Barrier+1","Headbutt+1","Spot Weakness","Ghostly Armor"],"relics":["Burning Blood","Bag of Marbles","Anchor","Molten Egg 2","War Paint","Pocketwatch"],"potions_floor_usage":[],"damage_taken":[{"damage":1,"enemies":"Small Slimes","floor":1,"turns":4},{"damage":0,"enemies":"2 Louse","floor":2,"turns":2},{"damage":32,"enemies":"Gremlin Nob","floor":7,"turns":4},{"damage":1,"enemies":"Cultist","floor":8,"turns":3},{"damage":44,"enemies":"Lagavulin","floor":11,"turns":9},{"damage":0,"enemies":"Blue Slaver","floor":12,"turns":4},{"damage":3,"enemies":"Exordium Thugs","floor":13,"turns":3},{"damage":1,"enemies":"Looter","floor":14,"turns":2},{"damage":40,"enemies":"Slime Boss","floor":16,"turns":15}],"seed_played":"-4535708488323074393","potions_obtained":[{"floor":8,"key":"Dexterity Potion"},{"floor":13,"key":"Ancient Potion"}],"is_trial":false,"path_per_floor":["M","M","?","?","?","R","E","M","T","R","E","M","M","M","R","B"],"character_chosen":"IRONCLAD","items_purchased":[],"campfire_rested":0,"item_purchase_floors":[],"current_hp_per_floor":[73,75,75,63,63,63,37,46,46,46,12,22,29,38,38,0],"gold":257,"neow_bonus":"RANDOM_COMMON_RELIC","is_prod":false,"is_daily":false,"chose_seed":false,"campfire_upgraded":3,"win_rate":0,"timestamp":1559264886,"path_taken":["M","M","?","?","?","R","E","M","T","R","E","M","?","M","R","BOSS"],"build_version":"2019-01-23","purchased_purges":0,"victory":false,"max_hp_per_floor":[75,75,75,75,75,75,75,79,79,79,83,87,91,95,95,95],"card_choices":[{"not_picked":["Cleave","Infernal Blade"],"picked":"True Grit","floor":1},{"not_picked":["Shockwave","Anger"],"picked":"Sword Boomerang","floor":2},{"not_picked":["Reaper","Twin Strike"],"picked":"Feed","floor":7},{"not_picked":["Anger+1","Pommel Strike+1"],"picked":"Flame Barrier","floor":8},{"not_picked":["Wild Strike+1","Flex"],"picked":"Headbutt+1","floor":11},{"not_picked":["Wild Strike+1","Twin Strike+1"],"picked":"Spot Weakness","floor":12},{"not_picked":["Perfected Strike+1","Anger+1"],"picked":"Ghostly Armor","floor":13},{"not_picked":["Thunderclap+1","Wild Strike+1","Corruption"],"picked":"SKIP","floor":14}],"player_experience":367452,"relics_obtained":[{"floor":7,"key":"Molten Egg 2"},{"floor":9,"key":"War Paint"},{"floor":11,"key":"Pocketwatch"}],"event_choices":[{"damage_healed":0,"gold_gain":0,"player_choice":"Ignored","damage_taken":0,"max_hp_gain":0,"max_hp_loss":0,"event_name":"Liars Game","floor":3,"gold_loss":0},{"damage_healed":0,"gold_gain":0,"player_choice":"Success","damage_taken":12,"relics_obtained":["Anchor"],"max_hp_gain":0,"max_hp_loss":0,"event_name":"Scrap Ooze","floor":4,"gold_loss":0},{"damage_healed":0,"gold_gain":0,"player_choice":"0 cards matched","damage_taken":0,"max_hp_gain":0,"max_hp_loss":0,"event_name":"Match and Keep!","floor":5,"gold_loss":0,"cards_obtained":[]}],"is_beta":false,"boss_relics":[],"items_purged_floors":[],"is_endless":false,"potions_floor_spawned":[8,13,14],"killed_by":"Slime Boss","ascension_level":14}