{"gold_per_floor":[116,116,128,78,97,131,131,150,177,177,197,23,23,23,23,98,98,115,115,131,147,162,196,196],"floor_reached":24,"playtime":2236,"items_purged":["Strike_R"],"score":396,"play_id":"ce91f4f9-5028-44d9-a9d2-f65c8008aa48","local_time":"20190530191724","is_ascension_mode":true,"campfire_choices":[{"data":"Bash","floor":7,"key":"SMITH"},{"data":"Anger","floor":13,"key":"SMITH"},{"data":"Disarm","floor":15,"key":"SMITH"}],"neow_cost":"NONE","seed_source_timestamp":2331740181800,"circlet_count":0,"master_deck":["AscendersBane","Strike_R+1","Strike_R+1","Strike_R","Defend_R","Defend_R","Defend_R","Defend_R","Bash+1","Pommel Strike","Headbutt","Anger+1","Disarm+1","Iron Wave","Shrug It Off","Twin Strike","Impervious","Twin Strike","Perfected Strike","Whirlwind","Twin Strike","Flame Barrier","Feed","Armaments","Twin Strike"],"relics":["Burning Blood","NeowsBlessing","Oddly Smooth Stone","Whetstone","Lantern","Orrery","Turnip","Orichalcum"],"potions_floor_usage":[6,21,23,23],"damage_taken":[{"damage":0,"enemies":"2 Louse","floor":1,"turns":1},{"damage":0,"enemies":"Cultist","floor":3,"turns":1},{"damage":0,"enemies":"Small Slimes","floor":5,"turns":1},{"damage":30,"enemies":"Lagavulin","floor":6,"turns":6},{"damage":11,"enemies":"Exordium Wildlife","floor":8,"turns":4},{"damage":6,"enemies":"3 Louse","floor":11,"turns":6},{"damage":18,"enemies":"Hexaghost","floor":16,"turns":9},{"damage":25,"enemies":"Shell Parasite","floor":18,"turns":5},{"damage":2,"enemies":"Spheric Guardian","floor":20,"turns":4},{"damage":20,"enemies":"Snake Plant","floor":21,"turns":5},{"damage":13,"enemies":"Centurion and Healer","floor":22,"turns":9},{"damage":32,"enemies":"Gremlin Leader","floor":23,"turns":8},{"damage":24,"enemies":"Colosseum Slavers","floor":24,"turns":2}],"seed_played":"-1923348427762619370","potions_obtained":[{"floor":3,"key":"GamblersBrew"},{"floor":6,"key":"Weak Potion"},{"floor":11,"key":"Explosive Potion"},{"floor":18,"key":"Regen Potion"},{"floor":22,"key":"Energy Potion"}],"is_trial":false,"path_per_floor":["M","?","M","$","M","E","R","M","T","?","M","$","R","$","R","B",null,"M","T","M","M","M","E","?"],"character_chosen":"IRONCLAD","items_purchased":["Headbutt","Shrug It Off","Twin Strike"],"campfire_rested":0,"item_purchase_floors":[4,12,12],"current_hp_per_floor":[74,74,75,75,75,51,51,46,46,46,46,46,46,46,46,34,65,46,46,50,50,46,23,0],"gold":196,"neow_bonus":"THREE_ENEMY_KILL","is_prod":false,"is_daily":false,"chose_seed":false,"campfire_upgraded":3,"win_rate":0,"timestamp":1559258244,"path_taken":["M","?","M","$","?","E","R","M","T","?","M","$","R","$","R","BOSS","M","?","M","M","?","E","?"],"build_version":"2019-01-23","purchased_purges":1,"victory":false,"max_hp_per_floor":[75,75,75,75,75,75,75,75,75,75,75,75,75,75,75,75,75,75,75,75,75,78,81,81],"card_choices":[{"not_picked":["Clash","Flex"],"picked":"Pommel Strike","floor":1},{"not_picked":["Havoc","Flex","Wild Strike"],"picked":"SKIP","floor":3},{"not_picked":["Heavy Blade","Thunderclap"],"picked":"Anger","floor":5},{"not_picked":["Clash","Flex","Berserk"],"picked":"SKIP","floor":6},{"not_picked":["Anger","Heavy Blade"],"picked":"Disarm","floor":8},{"not_picked":["Thunderclap","Flex"],"picked":"Iron Wave","floor":11},{"not_picked":["Barricade","Berserk"],"picked":"Impervious","floor":16},{"not_picked":["Headbutt","Combust"],"picked":"Twin Strike","floor":17},{"not_picked":["Corruption","Pommel Strike"],"picked":"Perfected Strike","floor":17},{"not_picked":["Pommel Strike","Hemokinesis"],"picked":"Whirlwind","floor":17},{"not_picked":["Battle Trance","Combust"],"picked":"Twin Strike","floor":17},{"not_picked":["Rampage","Seeing Red"],"picked":"Flame Barrier","floor":17},{"not_picked":["Heavy Blade","Armaments"],"picked":"Feed","floor":18},{"not_picked":["Thunderclap","Wild Strike"],"picked":"Armaments","floor":20},{"not_picked":["Pommel Strike","Heavy Blade","Clash"],"picked":"SKIP","floor":21},{"not_picked":["Dropkick","Sever Soul"],"picked":"Twin Strike","floor":22},{"not_picked":["Sever Soul","Anger","Headbutt"],"picked":"SKIP","floor":23}],"player_experience":363127,"relics_obtained":[{"floor":6,"key":"Oddly Smooth Stone"},{"floor":9,"key":"Whetstone"},{"floor":19,"key":"Turnip"},{"floor":23,"key":"Orichalcum"}],"event_choices":[{"cards_removed":["Strike_R"],"damage_healed":0,"gold_gain":0,"player_choice":"Purged","damage_taken":0,"max_hp_gain":0,"max_hp_loss":0,"event_name":"Purifier","floor":2,"gold_loss":0},{"damage_healed":0,"gold_gain":0,"player_choice":"Gave Potion","damage_taken":0,"relics_obtained":["Lantern"],"max_hp_gain":0,"max_hp_loss":0,"event_name":"WeMeetAgain","floor":10,"gold_loss":0},{"damage_healed":0,"gold_gain":0,"player_choice":"Fight","damage_taken":0,"max_hp_gain":0,"max_hp_loss":0,"event_name":"Colosseum","floor":24,"gold_loss":0}],"is_beta":false,"boss_relics":[{"not_picked":["Lizard Tail","Fusion Hammer"],"picked":"Orrery"}],"items_purged_floors":[12],"is_endless":false,"potions_floor_spawned":[3,6,11,18,22],"killed_by":"Colosseum Slavers","ascension_level":14}