{"gold_per_floor":[111,111,36,54,64,64,94,109,109,109,127,141,158,173,173,173],"floor_reached":16,"playtime":599,"items_purged":["Defend_B"],"score":159,"play_id":"8d005c86-c5c3-46f6-90db-d7753e0cb00b","local_time":"20190906100204","is_ascension_mode":true,"campfire_choices":[{"data":"Zap","floor":6.0,"key":"SMITH"},{"floor":10,"key":"REST"},{"floor":15,"key":"REST"}],"neow_cost":"PERCENT_DAMAGE","seed_source_timestamp":1739735619626800,"circlet_count":0,"master_deck":["AscendersBane","Strike_B","Strike_B","Strike_B","Defend_B","Defend_B","Defend_B","Zap+1","Dualcast","Conserve Battery","Genetic Algorithm","Recycle+1","Defragment","Steam+1","Capacitor+1","Conserve Battery+1","Heatsinks+1"],"special_seed":0,"relics":["Cracked Core","Toxic Egg 2","Frozen Egg 2"],"potions_floor_usage":[13],"damage_taken":[{"damage":7.0,"enemies":"Jaw Worm","floor":1.0,"turns":3.0},{"damage":0.0,"enemies":"Cultist","floor":4.0,"turns":3.0},{"damage":0.0,"enemies":"2 Louse","floor":5.0,"turns":2.0},{"damage":51.0,"enemies":"3 Sentries","floor":7.0,"turns":10.0},{"damage":0,"enemies":"Looter","floor":8,"turns":3},{"damage":15,"enemies":"2 Fungi Beasts","floor":11,"turns":3},{"damage":4,"enemies":"Large Slime","floor":12,"turns":6},{"damage":0,"enemies":"Blue Slaver","floor":13,"turns":2},{"damage":0,"enemies":"Red Slaver","floor":14,"turns":4},{"damage":39,"enemies":"Hexaghost","floor":16,"turns":11}],"seed_played":"7323223051612360276","potions_obtained":[{"floor":4.0,"key":"Fire Potion"},{"floor":13,"key":"SteroidPotion"},{"floor":14,"key":"PowerPotion"}],"is_trial":false,"path_per_floor":["M","?","$","M","M","R","E","M","T","R","M","M","M","M","R","B"],"character_chosen":"DEFECT","items_purchased":[],"campfire_rested":2,"item_purchase_floors":[],"current_hp_per_floor":[57,57,57,57,57,57,6,6,6,32,17,13,13,13,39,0],"gold":173,"neow_bonus":"TWENTY_PERCENT_HP_BONUS","is_prod":false,"is_daily":false,"chose_seed":false,"campfire_upgraded":1,"win_rate":0,"timestamp":1567789324,"path_taken":["M","?","?","M","M","R","E","M","T","R","M","?","M","M","R","BOSS"],"build_version":"2019-07-17","purchased_purges":1,"victory":false,"max_hp_per_floor":[89,89,89,89,89,89,89,89,89,89,89,89,89,89,89,89],"card_choices":[{"not_picked":["Leap","Gash"],"picked":"Conserve Battery","floor":1.0},{"not_picked":["Streamline","Reinforced Body"],"picked":"Genetic Algorithm","floor":4.0},{"not_picked":["Beam Cell","Storm","Genetic Algorithm"],"picked":"SKIP","floor":5.0},{"not_picked":["Amplify","Buffer"],"picked":"Recycle","floor":7.0},{"not_picked":["Ball Lightning","Reprogram+1"],"picked":"Defragment","floor":8},{"not_picked":["Sunder","Sweeping Beam"],"picked":"Steam+1","floor":11},{"not_picked":["Hologram+1","Recycle+1"],"picked":"Capacitor+1","floor":12},{"not_picked":["Cold Snap","Chill+1"],"picked":"Conserve Battery+1","floor":13},{"not_picked":["Blizzard","Ball Lightning"],"picked":"Heatsinks+1","floor":14}],"player_experience":267653,"relics_obtained":[{"floor":7.0,"key":"Toxic Egg 2"},{"floor":9,"key":"Frozen Egg 2"}],"event_choices":[{"cards_removed":["Strike_B"],"damage_healed":0.0,"max_hp_gain":0.0,"max_hp_loss":0.0,"gold_gain":0.0,"event_name":"Bonfire Elementals","player_choice":"Offered Basic","floor":2.0,"gold_loss":0.0,"damage_taken":0.0}],"is_beta":false,"boss_relics":[],"items_purged_floors":[3],"is_endless":false,"potions_floor_spawned":[4,13,14],"killed_by":"Hexaghost","ascension_level":10}