{"gold_per_floor":[117,117,133,133,133,133,155,155,207,225,252,263,275,80,80,177,177,192,211,30,0,99,99,110,36,62,62,80,94,94,111,111,213,213,230,230,246,63,63,63,80,98,98,98,114,114,126,146,146,146],"floor_reached":50,"playtime":3350,"items_purged":["Strike_B"],"score":545,"play_id":"78e8d43d-154e-4943-b758-09d29c007e01","local_time":"20190726174823","is_ascension_mode":true,"campfire_choices":[{"data":"Fusion","floor":6,"key":"SMITH"},{"floor":8,"key":"REST"},{"floor":15,"key":"REST"},{"floor":23,"key":"REST"},{"data":"Defragment","floor":27,"key":"SMITH"},{"floor":30,"key":"REST"},{"floor":32,"key":"REST"},{"data":"Fission","floor":40,"key":"SMITH"},{"floor":44,"key":"REST"},{"data":"Echo Form","floor":46,"key":"SMITH"},{"floor":49,"key":"REST"}],"neow_cost":"NONE","seed_source_timestamp":1379774398062090,"circlet_count":0,"master_deck":["Strike_B","Strike_B","Defend_B+1","Defend_B","Defend_B+1","Defend_B","Zap","Dualcast","Fusion+1","Coolheaded","Reinforced Body","Turbo","Defragment+1","Amplify","Barrage+1","Fission+1","Echo Form+1","Redo","Chill","Tempest","Static Discharge","Leap","Coolheaded+1","Machine Learning","Conserve Battery+1","Finesse","Ball Lightning","Loop","Glacier","BootSequence+1","Rebound+1"],"relics":["Cracked Core","Mercury Hourglass","Odd Mushroom","Blood Vial","Boot","Runic Capacitor","Nuclear Battery","Bronze Scales","Runic Pyramid","Molten Egg 2"],"potions_floor_usage":[24,31,47,50],"damage_taken":[{"damage":3,"enemies":"2 Louse","floor":1,"turns":2},{"damage":4,"enemies":"Jaw Worm","floor":3,"turns":5},{"damage":17,"enemies":"The Mushroom Lair","floor":7,"turns":4},{"damage":4,"enemies":"Small Slimes","floor":10,"turns":2},{"damage":1,"enemies":"Blue Slaver","floor":12,"turns":4},{"damage":12,"enemies":"Exordium Wildlife","floor":13,"turns":4},{"damage":27,"enemies":"Slime Boss","floor":16,"turns":12},{"damage":17,"enemies":"Shell Parasite","floor":18,"turns":15},{"damage":9,"enemies":"3 Byrds","floor":19,"turns":5},{"damage":34,"enemies":"Cultist and Chosen","floor":24,"turns":7},{"damage":15,"enemies":"Snecko","floor":28,"turns":5},{"damage":7,"enemies":"Shelled Parasite and Fungi","floor":29,"turns":5},{"damage":23,"enemies":"Centurion and Healer","floor":31,"turns":7},{"damage":34,"enemies":"Automaton","floor":33,"turns":8},{"damage":11,"enemies":"Orb Walker","floor":35,"turns":3},{"damage":22,"enemies":"3 Darklings","floor":37,"turns":6},{"damage":7,"enemies":"Transient","floor":41,"turns":5},{"damage":6,"enemies":"4 Shapes","floor":42,"turns":5},{"damage":7,"enemies":"3 Darklings","floor":45,"turns":5},{"damage":22,"enemies":"Transient","floor":47,"turns":5},{"damage":8,"enemies":"Jaw Worm Horde","floor":48,"turns":6},{"damage":54,"enemies":"Awakened One","floor":50,"turns":9}],"seed_played":"4272179958489077927","potions_obtained":[{"floor":1,"key":"Weak Potion"},{"floor":7,"key":"SteroidPotion"},{"floor":12,"key":"Weak Potion"},{"floor":16,"key":"Regen Potion"},{"floor":33,"key":"GamblersBrew"},{"floor":35,"key":"Block Potion"}],"is_trial":false,"path_per_floor":["M","?","M","?","?","R","?","R","T","M","T","M","M","$","R","B",null,"M","M","$","?","?","R","M","$","T","R","M","M","R","M","R","B",null,"M","?","M","$","?","R","M","M","T","R","M","R","M","M","R","B"],"character_chosen":"DEFECT","items_purchased":["Runic Capacitor","Echo Form","Redo","Tempest","Loop","Glacier"],"campfire_rested":7,"item_purchase_floors":[14,20,20,25,38,38],"current_hp_per_floor":[79,63,59,52,34,34,17,41,41,39,39,40,30,30,54,29,69,54,47,47,47,47,71,39,39,39,39,26,21,45,39,63,31,69,60,60,40,40,40,40,35,31,31,55,50,50,30,24,48,0],"gold":146,"neow_bonus":"TEN_PERCENT_HP_BONUS","is_prod":false,"is_daily":false,"chose_seed":false,"campfire_upgraded":4,"win_rate":0,"timestamp":1564188503,"path_taken":["M","?","M","?","?","R","?","R","T","M","?","M","M","$","R","BOSS","M","M","$","?","?","R","M","?","T","R","M","M","R","M","R","BOSS","M","?","M","$","?","R","?","M","T","R","M","R","M","M","R","BOSS"],"build_version":"2019-07-17","purchased_purges":1,"victory":false,"max_hp_per_floor":[82,82,82,82,82,82,82,82,82,82,82,82,82,82,82,82,82,82,82,82,82,82,82,82,82,82,82,82,82,82,82,82,82,82,82,82,82,82,82,82,82,82,82,82,82,82,82,82,82,82],"card_choices":[{"not_picked":["Steam","Stack"],"picked":"Fusion","floor":1},{"not_picked":["Doom and Gloom","Reinforced Body"],"picked":"Coolheaded","floor":3},{"not_picked":["Beam Cell","Barrage"],"picked":"Reinforced Body","floor":7},{"not_picked":["Leap","Self Repair","Heatsinks"],"picked":"SKIP","floor":10},{"not_picked":["Streamline","Sweeping Beam"],"picked":"Turbo","floor":12},{"not_picked":["Reboot","Gash"],"picked":"Defragment","floor":13},{"not_picked":["Electrodynamics","All For One"],"picked":"Amplify","floor":16},{"not_picked":["Streamline+1","Leap"],"picked":"Barrage+1","floor":18},{"not_picked":["Compile Driver","Turbo+1"],"picked":"Fission","floor":19},{"not_picked":["Go for the Eyes+1","Double Energy"],"picked":"Chill","floor":24},{"not_picked":["Coolheaded","Beam Cell+1"],"picked":"Static Discharge","floor":28},{"not_picked":["Redo","Sweeping Beam"],"picked":"Leap","floor":29},{"not_picked":["Steam Power","Stack"],"picked":"Coolheaded+1","floor":31},{"not_picked":["Hyperbeam","Creative AI"],"picked":"Machine Learning","floor":33},{"not_picked":["Sweeping Beam","Cold Snap"],"picked":"Conserve Battery+1","floor":35},{"not_picked":["Forethought","Flash of Steel"],"picked":"Finesse","floor":36},{"not_picked":["Coolheaded","Multi-Cast"],"picked":"Ball Lightning","floor":37},{"not_picked":["Static Discharge+1","Consume"],"picked":"BootSequence+1","floor":41},{"not_picked":["Tempest+1","Hologram+1","Stack+1"],"picked":"SKIP","floor":42},{"not_picked":["Auto Shields","Skim","Sweeping Beam+1"],"picked":"SKIP","floor":45},{"not_picked":["Self Repair","Beam Cell+1"],"picked":"Rebound+1","floor":47},{"not_picked":["Hello World+1","Barrage+1","Hologram+1"],"picked":"SKIP","floor":48}],"player_experience":213351,"relics_obtained":[{"floor":7,"key":"Odd Mushroom"},{"floor":9,"key":"Blood Vial"},{"floor":11,"key":"Boot"},{"floor":26,"key":"Bronze Scales"},{"floor":43,"key":"Molten Egg 2"}],"event_choices":[{"damage_healed":0,"gold_gain":0,"player_choice":"Entered Light","damage_taken":16,"max_hp_gain":0,"max_hp_loss":0,"event_name":"Shining Light","floor":2,"gold_loss":0,"cards_upgraded":["Defend_B","Defend_B"]},{"cards_removed":["Strike_B"],"damage_healed":0,"gold_gain":0,"player_choice":"Card Removal","damage_taken":7,"max_hp_gain":0,"max_hp_loss":0,"event_name":"Golden Wing","floor":4,"gold_loss":0},{"damage_healed":0,"gold_gain":0,"player_choice":"Success","damage_taken":18,"relics_obtained":["Mercury Hourglass"],"max_hp_gain":0,"max_hp_loss":0,"event_name":"Scrap Ooze","floor":5,"gold_loss":0},{"damage_healed":0,"gold_gain":0,"player_choice":"Fought Mushrooms","damage_taken":0,"max_hp_gain":0,"max_hp_loss":0,"event_name":"Mushrooms","floor":7,"gold_loss":0},{"damage_healed":0,"gold_gain":0,"player_choice":"Paid Fearfully","damage_taken":0,"max_hp_gain":0,"max_hp_loss":0,"event_name":"Masked Bandits","floor":21,"gold_loss":30},{"damage_healed":0,"gold_gain":99,"player_choice":"Stole From Cult","damage_taken":0,"max_hp_gain":0,"max_hp_loss":0,"event_name":"Nest","floor":22,"gold_loss":0},{"damage_healed":0,"gold_gain":0,"player_choice":"Memory 1","damage_taken":0,"max_hp_gain":0,"max_hp_loss":0,"event_name":"SensoryStone","floor":36,"gold_loss":0},{"damage_healed":0,"gold_gain":0,"player_choice":"Ignored","damage_taken":0,"max_hp_gain":0,"max_hp_loss":0,"event_name":"SecretPortal","floor":39,"gold_loss":0}],"is_beta":false,"boss_relics":[{"not_picked":["Cursed Key","Lizard Tail"],"picked":"Nuclear Battery"},{"not_picked":["FrozenCore","Astrolabe"],"picked":"Runic Pyramid"}],"items_purged_floors":[38],"is_endless":false,"potions_floor_spawned":[1,7,12,16,19,33,35,41,45],"killed_by":"Awakened One","ascension_level":5}