{"gold_per_floor":[113,124,49,49,67,67,97,97,150,150,162,180,195,70,70,70],"floor_reached":16,"playtime":712,"items_purged":["Strike_R","Decay"],"score":148,"play_id":"70f46c11-52f3-4bfe-aee7-5f65e695777a","local_time":"20190415005339","is_ascension_mode":true,"campfire_choices":[{"data":"Bash","floor":6,"key":"SMITH"},{"data":"Spot Weakness","floor":8,"key":"SMITH"},{"floor":15,"key":"REST"}],"neow_cost":"NONE","seed_source_timestamp":13331154060900,"circlet_count":0,"master_deck":["Strike_R","Strike_R","Strike_R","Strike_R","Defend_R","Defend_R","Defend_R","Defend_R","Bash+1","Armaments","Spot Weakness+1","Spot Weakness","Sword Boomerang","Inflame","Reaper","Cleave"],"relics":["Burning Blood","Centennial Puzzle","Lantern"],"potions_floor_usage":[7,12,16],"damage_taken":[{"damage":4,"enemies":"Small Slimes","floor":1,"turns":4},{"damage":1,"enemies":"2 Louse","floor":2,"turns":3},{"damage":11,"enemies":"Cultist","floor":5,"turns":4},{"damage":46,"enemies":"Lagavulin","floor":7,"turns":7},{"damage":10,"enemies":"Red Slaver","floor":11,"turns":4},{"damage":13,"enemies":"Exordium Thugs","floor":12,"turns":4},{"damage":20,"enemies":"3 Louse","floor":13,"turns":3},{"damage":66,"enemies":"Slime Boss","floor":16,"turns":9}],"seed_played":"-6947438816096917300","potions_obtained":[{"floor":1,"key":"SteroidPotion"},{"floor":5,"key":"Block Potion"},{"floor":7,"key":"Ancient Potion"},{"floor":12,"key":"SteroidPotion"}],"is_trial":false,"path_per_floor":["M","M","$","?","M","R","E","R","T","?","M","M","M","$","R","B"],"character_chosen":"IRONCLAD","items_purchased":["Cleave"],"campfire_rested":1,"item_purchase_floors":[14],"current_hp_per_floor":[82,87,87,92,87,87,47,47,47,47,43,36,22,22,49,0],"gold":70,"neow_bonus":"TEN_PERCENT_HP_BONUS","is_prod":false,"is_daily":false,"chose_seed":false,"campfire_upgraded":2,"win_rate":0,"timestamp":1555304019,"path_taken":["M","M","$","?","M","R","E","R","T","?","?","M","M","?","R","BOSS"],"build_version":"2019-01-23","purchased_purges":2,"victory":false,"max_hp_per_floor":[88,88,88,93,93,93,93,93,93,93,93,93,93,93,93,93],"card_choices":[{"not_picked":["Infernal Blade","Anger"],"picked":"Armaments","floor":1},{"not_picked":["Body Slam","Warcry"],"picked":"Spot Weakness","floor":2},{"not_picked":["Body Slam","Wild Strike","Thunderclap"],"picked":"SKIP","floor":5},{"not_picked":["Clothesline","Power Through"],"picked":"Spot Weakness","floor":7},{"not_picked":["Shockwave","Anger"],"picked":"Sword Boomerang","floor":11},{"not_picked":["Clothesline","Flame Barrier"],"picked":"Inflame","floor":12},{"not_picked":["Flex","Rupture"],"picked":"Reaper","floor":13}],"player_experience":135473,"relics_obtained":[{"floor":7,"key":"Centennial Puzzle"},{"floor":9,"key":"Lantern"}],"event_choices":[{"damage_healed":0,"gold_gain":0,"player_choice":"Donut","damage_taken":0,"max_hp_gain":5,"max_hp_loss":0,"event_name":"Big Fish","floor":4,"gold_loss":0},{"damage_healed":0,"gold_gain":0,"player_choice":"Cursed","damage_taken":0,"max_hp_gain":0,"max_hp_loss":0,"event_name":"Wheel of Change","floor":10,"gold_loss":0,"cards_obtained":["Decay"]}],"is_beta":false,"boss_relics":[],"items_purged_floors":[3,14],"is_endless":false,"potions_floor_spawned":[1,5,7,12],"killed_by":"Slime Boss","ascension_level":9}