{"gold_per_floor":[118,131,131,131,144,175,175,187,214,214,224,224,224,238,238,311,311,324,324,354,160,176,176,192,192],"floor_reached":25,"playtime":631,"items_purged":[],"score":349,"play_id":"6121c112-b78b-4cc3-8b36-1679d59ac787","local_time":"20190601231917","is_ascension_mode":true,"campfire_choices":[{"data":"Perfected Strike","floor":10,"key":"SMITH"},{"floor":12,"key":"REST"},{"data":"Inflame","floor":15,"key":"SMITH"},{"floor":23,"key":"REST"}],"neow_cost":"NONE","seed_source_timestamp":464494671200,"circlet_count":0,"master_deck":["AscendersBane","Strike_R","Strike_R","Strike_R","Strike_R","Defend_R","Defend_R","Defend_R","Defend_R","Bash","Metallicize","Perfected Strike+1","Iron Wave","Inflame+1","Flame Barrier","Shrug It Off","Parasite","Iron Wave","Immolate","Shrug It Off","Headbutt","Heavy Blade"],"relics":["Burning Blood","NeowsBlessing","Bag of Preparation","Bottled Lightning","Anchor","Fusion Hammer","MawBank","MealTicket"],"potions_floor_usage":[16,16,24],"damage_taken":[{"damage":0,"enemies":"Cultist","floor":1,"turns":1},{"damage":0,"enemies":"Small Slimes","floor":2,"turns":1},{"damage":0,"enemies":"Jaw Worm","floor":5,"turns":1},{"damage":54,"enemies":"Lagavulin","floor":6,"turns":9},{"damage":7,"enemies":"Looter","floor":8,"turns":4},{"damage":23,"enemies":"Exordium Thugs","floor":11,"turns":6},{"damage":0,"enemies":"Exordium Wildlife","floor":14,"turns":4},{"damage":63,"enemies":"Slime Boss","floor":16,"turns":14},{"damage":23,"enemies":"2 Thieves","floor":18,"turns":4},{"damage":22,"enemies":"Spheric Guardian","floor":20,"turns":4},{"damage":21,"enemies":"Shelled Parasite and Fungi","floor":22,"turns":7},{"damage":13,"enemies":"Snake Plant","floor":24,"turns":4},{"damage":35,"enemies":"Snecko","floor":25,"turns":5}],"seed_played":"-5548346818291394900","potions_obtained":[{"floor":1,"key":"Swift Potion"},{"floor":6,"key":"SkillPotion"},{"floor":20,"key":"GamblersBrew"},{"floor":22,"key":"Ancient Potion"},{"floor":24,"key":"Explosive Potion"}],"is_trial":false,"path_per_floor":["M","M","?","?","M","E","T","M","T","R","M","R","?","M","R","B",null,"M","?","M","$","M","R","M","M"],"character_chosen":"IRONCLAD","items_purchased":["MealTicket"],"campfire_rested":2,"item_purchase_floors":[21],"current_hp_per_floor":[74,75,80,80,80,32,32,31,31,31,14,38,58,64,64,7,62,45,45,29,29,14,38,31,0],"gold":192,"neow_bonus":"THREE_ENEMY_KILL","is_prod":false,"is_daily":false,"chose_seed":false,"campfire_upgraded":2,"win_rate":0,"timestamp":1559445557,"path_taken":["M","M","?","?","?","E","?","M","T","R","M","R","?","M","R","BOSS","M","?","M","$","M","R","M","M"],"build_version":"2019-01-23","purchased_purges":0,"victory":false,"max_hp_per_floor":[75,75,80,80,80,80,80,80,80,80,80,80,80,80,80,80,80,80,80,80,80,80,80,80,80],"card_choices":[{"not_picked":["Flex","Thunderclap"],"picked":"Metallicize","floor":1},{"not_picked":["True Grit","Pommel Strike"],"picked":"Perfected Strike","floor":2},{"not_picked":["Body Slam","Sword Boomerang"],"picked":"Iron Wave","floor":5},{"not_picked":["Cleave","Iron Wave"],"picked":"Inflame","floor":6},{"not_picked":["Limit Break","Sentinel"],"picked":"Flame Barrier","floor":8},{"not_picked":["Infernal Blade","Dropkick"],"picked":"Shrug It Off","floor":11},{"not_picked":["Havoc","Rage"],"picked":"Iron Wave","floor":14},{"not_picked":["Limit Break","Exhume"],"picked":"Immolate","floor":16},{"not_picked":["Combust","Battle Trance","Wild Strike"],"picked":"SKIP","floor":18},{"not_picked":["Cleave","Thunderclap"],"picked":"Shrug It Off","floor":20},{"not_picked":["Shrug It Off","Combust+1"],"picked":"Headbutt","floor":22},{"not_picked":["Feel No Pain","Inflame+1"],"picked":"Heavy Blade","floor":24}],"player_experience":373502,"relics_obtained":[{"floor":6,"key":"Bag of Preparation"},{"floor":7,"key":"Bottled Lightning"},{"floor":9,"key":"Anchor"}],"event_choices":[{"damage_healed":0,"gold_gain":0,"player_choice":"Donut","damage_taken":0,"max_hp_gain":5,"max_hp_loss":0,"event_name":"Big Fish","floor":3,"gold_loss":0},{"cards_removed":["Strike_R"],"damage_healed":0,"gold_gain":0,"player_choice":"Offered Basic","damage_taken":0,"max_hp_gain":0,"max_hp_loss":0,"event_name":"Bonfire Elementals","floor":4,"gold_loss":0},{"damage_healed":20,"gold_gain":0,"player_choice":"Healed and dodged fight","damage_taken":0,"max_hp_gain":0,"max_hp_loss":0,"event_name":"Mushrooms","floor":13,"gold_loss":0,"cards_obtained":["Parasite"]},{"damage_healed":0,"gold_gain":0,"player_choice":"Opened","damage_taken":0,"relics_obtained":["MawBank"],"max_hp_gain":0,"max_hp_loss":0,"event_name":"The Mausoleum","floor":19,"gold_loss":0}],"is_beta":false,"boss_relics":[{"not_picked":["White Beast Statue","Runic Cube"],"picked":"Fusion Hammer"}],"items_purged_floors":[],"is_endless":false,"potions_floor_spawned":[1,6,8,20,22,24],"killed_by":"Snecko","ascension_level":14}