{"gold_per_floor":[118,118,96,107,107,107,122,122,122,122,153,167,167,43,43,148,148,160,17,32,32,52,52,52],"floor_reached":24,"playtime":855,"items_purged":["Strike_B"],"score":233,"play_id":"e815e53d-5e77-4c26-b9ae-6ea3dd40ceb2","local_time":"20190530195234","is_ascension_mode":true,"campfire_choices":[{"data":"Dualcast","floor":6,"key":"SMITH"},{"data":"Loop","floor":8,"key":"SMITH"},{"data":"Defend_B","floor":10,"key":"SMITH"},{"data":"Defend_B","floor":13,"key":"SMITH"},{"data":"Capacitor","floor":15,"key":"SMITH"},{"floor":23,"key":"DIG"}],"neow_cost":"NONE","seed_source_timestamp":5823434647500,"circlet_count":0,"master_deck":["Strike_B","Strike_B","Strike_B","Defend_B+1","Defend_B+1","Defend_B","Defend_B","Zap+1","Dualcast+1","Loop+1","Steam+1","Stack+1","Genetic Algorithm+1","Redo+1","Capacitor+1","Coolheaded+1","Buffer","Redo+1","Melter","Beam Cell+1","Ball Lightning"],"relics":["Cracked Core","Toxic Egg 2","Darkstone Periapt","Matryoshka","Strawberry","Fusion Hammer","Shovel","Peace Pipe"],"potions_floor_usage":[16,24,24],"damage_taken":[{"damage":0,"enemies":"Cultist","floor":1,"turns":3},{"damage":3,"enemies":"Small Slimes","floor":4,"turns":3},{"damage":0,"enemies":"2 Louse","floor":7,"turns":3},{"damage":23,"enemies":"Lagavulin","floor":11,"turns":9},{"damage":0,"enemies":"Exordium Wildlife","floor":12,"turns":4},{"damage":19,"enemies":"The Guardian","floor":16,"turns":11},{"damage":2,"enemies":"Shell Parasite","floor":18,"turns":10},{"damage":12,"enemies":"Chosen","floor":20,"turns":5},{"damage":1,"enemies":"Centurion and Healer","floor":22,"turns":9},{"damage":90,"enemies":"Gremlin Leader","floor":24,"turns":7}],"seed_played":"-8101295041722975457","potions_obtained":[{"floor":7,"key":"Explosive Potion"},{"floor":11,"key":"PowerPotion"},{"floor":16,"key":"Regen Potion"},{"floor":18,"key":"FearPotion"}],"is_trial":false,"path_per_floor":["M","T","$","M","?","R","M","R","T","R","E","M","R","$","R","B",null,"M","$","M","?","M","R","E"],"character_chosen":"DEFECT","items_purchased":["Steam+1","Capacitor","Coolheaded+1","Melter"],"campfire_rested":0,"item_purchase_floors":[3,14,14,19],"current_hp_per_floor":[75,75,75,72,72,72,72,72,72,72,56,56,56,56,56,37,82,80,80,68,68,67,67,0],"gold":52,"neow_bonus":"UPGRADE_CARD","is_prod":false,"is_daily":false,"chose_seed":false,"campfire_upgraded":5,"win_rate":0,"timestamp":1559260354,"path_taken":["M","?","$","M","?","R","M","R","T","R","E","M","R","$","R","BOSS","M","$","?","?","M","R","E"],"build_version":"2019-01-23","purchased_purges":1,"victory":false,"max_hp_per_floor":[75,75,75,75,75,75,75,75,75,75,82,82,82,82,82,82,82,82,82,82,82,82,82,82],"card_choices":[{"not_picked":["Sweeping Beam","Barrage"],"picked":"Loop","floor":1},{"not_picked":["Streamline","Amplify+1"],"picked":"Stack+1","floor":4},{"not_picked":["Conserve Battery+1","Gash"],"picked":"Genetic Algorithm+1","floor":7},{"not_picked":["Barrage","Turbo+1","Hello World"],"picked":"SKIP","floor":11},{"not_picked":["Steam+1","Go for the Eyes"],"picked":"Redo+1","floor":12},{"not_picked":["Echo Form","Fission+1"],"picked":"Buffer","floor":16},{"not_picked":["Steam+1","Beam Cell"],"picked":"Redo+1","floor":18},{"not_picked":["Blizzard","Heatsinks+1"],"picked":"Beam Cell+1","floor":20},{"not_picked":["Compile Driver","Redo+1"],"picked":"Ball Lightning","floor":22}],"player_experience":366597,"relics_obtained":[{"floor":2,"key":"Toxic Egg 2"},{"floor":5,"key":"Darkstone Periapt"},{"floor":9,"key":"Matryoshka"},{"floor":11,"key":"Strawberry"},{"floor":23,"key":"Peace Pipe"}],"event_choices":[{"damage_healed":0,"gold_gain":0,"player_choice":"Relic","damage_taken":0,"max_hp_gain":0,"max_hp_loss":0,"event_name":"Wheel of Change","floor":5,"gold_loss":0},{"damage_healed":0,"gold_gain":0,"player_choice":"Opened","damage_taken":0,"relics_obtained":["Shovel"],"max_hp_gain":0,"max_hp_loss":0,"event_name":"The Mausoleum","floor":21,"gold_loss":0}],"is_beta":false,"boss_relics":[{"not_picked":["Pandora\u0027s Box","Calling Bell"],"picked":"Fusion Hammer"}],"items_purged_floors":[19],"is_endless":false,"potions_floor_spawned":[7,11,16,18,20],"killed_by":"Gremlin Leader","ascension_level":4}