{"gold_per_floor":[217,97,107,107,27,27,46,85,85,85,110,110,135,156,156,156],"floor_reached":16,"playtime":673,"items_purged":[],"score":117,"play_id":"c27f60b5-a9fa-4a85-9dd4-36614838ee82","local_time":"20190327191944","is_ascension_mode":true,"campfire_choices":[{"data":"Spot Weakness","floor":6,"key":"SMITH"},{"floor":10,"key":"REST"},{"floor":15,"key":"REST"}],"neow_cost":"NONE","seed_source_timestamp":14128036919200,"circlet_count":0,"master_deck":["Strike_R","Strike_R","Strike_R","Strike_R","Strike_R","Defend_R","Defend_R","Defend_R","Defend_R","Bash","Perfected Strike","Carnage","Power Through","Spot Weakness+1","Perfected Strike","Headbutt","Seeing Red","Whirlwind","Rampage"],"relics":["Burning Blood","Golden Idol","Champion Belt","Ice Cream"],"potions_floor_usage":[16,16],"damage_taken":[{"damage":15,"enemies":"Jaw Worm","floor":1,"turns":7},{"damage":0,"enemies":"Small Slimes","floor":3,"turns":3},{"damage":6,"enemies":"Cultist","floor":7,"turns":3},{"damage":42,"enemies":"Lagavulin","floor":8,"turns":7},{"damage":40,"enemies":"Gremlin Gang","floor":11,"turns":5},{"damage":5,"enemies":"3 Louse","floor":13,"turns":4},{"damage":6,"enemies":"Looter","floor":14,"turns":2},{"damage":53,"enemies":"The Guardian","floor":16,"turns":8}],"seed_played":"2419247990918973464","potions_obtained":[{"floor":3,"key":"GamblersBrew"},{"floor":13,"key":"Regen Potion"}],"is_trial":false,"path_per_floor":["M","$","M","?","$","R","M","E","T","R","M","?","M","M","R","B"],"character_chosen":"IRONCLAD","items_purchased":["Fire Breathing","Carnage","Spot Weakness"],"campfire_rested":2,"item_purchase_floors":[2,2,5],"current_hp_per_floor":[71,71,77,57,57,57,57,21,21,45,11,11,12,12,36,0],"gold":156,"neow_bonus":"HUNDRED_GOLD","is_prod":false,"is_daily":false,"chose_seed":false,"campfire_upgraded":1,"win_rate":0,"timestamp":1553728784,"path_taken":["M","$","M","?","$","R","M","E","T","R","M","?","M","?","R","BOSS"],"build_version":"2019-01-23","purchased_purges":0,"victory":false,"max_hp_per_floor":[80,80,80,80,80,80,80,80,80,80,80,80,80,80,80,80],"card_choices":[{"not_picked":["Sword Boomerang","Twin Strike"],"picked":"Perfected Strike","floor":1},{"not_picked":["Second Wind","Havoc"],"picked":"Power Through","floor":3},{"not_picked":["Sword Boomerang","Flex"],"picked":"Perfected Strike","floor":7},{"not_picked":["True Grit","Clash"],"picked":"Headbutt","floor":8},{"not_picked":["Headbutt","Anger"],"picked":"Seeing Red","floor":11},{"not_picked":["Carnage","Perfected Strike"],"picked":"Whirlwind","floor":13},{"not_picked":["Uppercut","Headbutt"],"picked":"Rampage","floor":14}],"player_experience":71164,"relics_obtained":[{"floor":8,"key":"Champion Belt"},{"floor":9,"key":"Ice Cream"}],"event_choices":[{"damage_healed":0,"gold_gain":0,"player_choice":"Take Damage","damage_taken":20,"relics_obtained":["Golden Idol"],"max_hp_gain":0,"max_hp_loss":0,"event_name":"Golden Idol","floor":4,"gold_loss":0},{"cards_removed":["Fire Breathing"],"damage_healed":0,"gold_gain":0,"player_choice":"Purged","damage_taken":0,"max_hp_gain":0,"max_hp_loss":0,"event_name":"Purifier","floor":12,"gold_loss":0}],"is_beta":false,"boss_relics":[],"items_purged_floors":[],"is_endless":false,"potions_floor_spawned":[3,13],"killed_by":"The Guardian","ascension_level":3}