{"gold_per_floor":[118,118,130,280,280,307,307,307,307,307,322,352,372,391,391,468,468,485,501,103,121,121,121,121,136,136,136,136,147,147,18,18,18],"floor_reached":33,"playtime":916,"items_purged":["Strike_R"],"score":532,"play_id":"a8f354ab-182d-4c8b-9d54-b190e2cbc655","local_time":"20190817204107","is_ascension_mode":true,"campfire_choices":[{"data":"Bash","floor":7,"key":"SMITH"},{"data":"Flame Barrier","floor":15,"key":"SMITH"},{"data":"True Grit","floor":23,"key":"SMITH"},{"floor":24,"key":"REST"},{"data":"Intimidate","floor":27,"key":"SMITH"},{"data":"Armaments","floor":30,"key":"SMITH"},{"data":"Shrug It Off","floor":32,"key":"SMITH"}],"neow_cost":"NONE","seed_source_timestamp":22625513773200,"circlet_count":0,"master_deck":["AscendersBane","Strike_R","Strike_R","Strike_R","Defend_R","Defend_R","Defend_R","Defend_R","Bash+1","Cleave","Uppercut+1","Clothesline","Pummel","Flame Barrier+1","Anger","Thunderclap","Double Tap","Shrug It Off+1","True Grit+1","Armaments+1","Ghostly Armor","RitualDagger+1","Intimidate+1","Decay","Headbutt+1","Rampage+1"],"relics":["Black Blood","NeowsBlessing","Pocketwatch","Letter Opener","Du-Vu Doll","WingedGreaves","Membership Card","Molten Egg 2","Art of War","Lee\u0027s Waffle"],"potions_floor_usage":[16,21,21,25,33],"damage_taken":[{"damage":0,"enemies":"2 Louse","floor":1,"turns":1},{"damage":0,"enemies":"Cultist","floor":3,"turns":1},{"damage":0,"enemies":"3 Sentries","floor":6,"turns":2},{"damage":2,"enemies":"Jaw Worm","floor":11,"turns":3},{"damage":24,"enemies":"Gremlin Nob","floor":12,"turns":4},{"damage":4,"enemies":"3 Louse","floor":13,"turns":3},{"damage":8,"enemies":"Exordium Thugs","floor":14,"turns":4},{"damage":11,"enemies":"The Guardian","floor":16,"turns":9},{"damage":9,"enemies":"Chosen","floor":18,"turns":3},{"damage":35,"enemies":"Shell Parasite","floor":19,"turns":7},{"damage":32,"enemies":"Centurion and Healer","floor":21,"turns":7},{"damage":29,"enemies":"Snake Plant","floor":25,"turns":6},{"damage":18,"enemies":"Chosen and Byrds","floor":29,"turns":6},{"damage":87,"enemies":"Champ","floor":33,"turns":11}],"seed_played":"-5704083559570181192","potions_obtained":[{"floor":3,"key":"Regen Potion"},{"floor":12,"key":"Block Potion"},{"floor":14,"key":"PowerPotion"},{"floor":19,"key":"SkillPotion"},{"floor":21,"key":"Regen Potion"},{"floor":25,"key":"Explosive Potion"}],"is_trial":false,"path_per_floor":["M","?","M","?","?","E","R","T","T","?","M","E","M","M","R","B",null,"M","M","$","M","?","R","R","M","T","R","?","M","R","$","R","B"],"character_chosen":"IRONCLAD","items_purchased":["Membership Card","Molten Egg 2","Armaments","Lee\u0027s Waffle","Rampage+1"],"campfire_rested":1,"item_purchase_floors":[20,20,20,31,31],"current_hp_per_floor":[74,74,75,75,68,74,74,74,74,74,75,57,59,57,57,52,69,70,45,45,38,32,32,54,50,50,50,50,42,42,82,82,0],"gold":18,"neow_bonus":"THREE_ENEMY_KILL","is_prod":false,"is_daily":false,"chose_seed":false,"campfire_upgraded":6,"win_rate":0,"timestamp":1566088867,"path_taken":["M","?","?","?","?","E","R","?","T","?","M","E","M","M","R","BOSS","M","M","$","M","?","R","R","M","T","R","?","M","R","$","R","BOSS"],"build_version":"2019-07-17","purchased_purges":1,"victory":false,"max_hp_per_floor":[75,75,75,75,75,75,75,75,75,75,75,75,75,75,75,75,75,75,75,75,75,75,75,75,75,75,75,75,75,75,82,82,82],"card_choices":[{"not_picked":["Flex","Shrug It Off"],"picked":"Cleave","floor":1},{"not_picked":["Flex","Body Slam"],"picked":"Clothesline","floor":3},{"not_picked":["Warcry","Bloodletting"],"picked":"Pummel","floor":6},{"not_picked":["Warcry","Heavy Blade","Dark Embrace"],"picked":"SKIP","floor":11},{"not_picked":["Shrug It Off","True Grit"],"picked":"Flame Barrier","floor":12},{"not_picked":["Flex","Cleave"],"picked":"Anger","floor":13},{"not_picked":["Body Slam","Anger"],"picked":"Thunderclap","floor":14},{"not_picked":["Impervious","Offering"],"picked":"Double Tap","floor":16},{"not_picked":["Flex","Shockwave+1"],"picked":"Shrug It Off","floor":18},{"not_picked":["Cleave","Infernal Blade"],"picked":"True Grit","floor":19},{"not_picked":["Dropkick+1","Dual Wield"],"picked":"Ghostly Armor","floor":21},{"not_picked":["True Grit","Havoc"],"picked":"Intimidate","floor":25},{"not_picked":["Intimidate","Second Wind"],"picked":"Headbutt+1","floor":29}],"player_experience":452392,"relics_obtained":[{"floor":6,"key":"Pocketwatch"},{"floor":8,"key":"Letter Opener"},{"floor":9,"key":"Du-Vu Doll"},{"floor":12,"key":"WingedGreaves"},{"floor":26,"key":"Art of War"}],"event_choices":[{"damage_healed":0,"gold_gain":0,"cards_transformed":["Strike_R"],"player_choice":"Transformed","damage_taken":0,"max_hp_gain":0,"max_hp_loss":0,"event_name":"Transmorgrifier","floor":2,"gold_loss":0,"cards_obtained":["Uppercut"]},{"damage_healed":0,"gold_gain":150,"player_choice":"AGREE","damage_taken":0,"max_hp_gain":0,"max_hp_loss":0,"event_name":"Liars Game","floor":4,"gold_loss":0,"cards_obtained":["Doubt"]},{"cards_removed":["Doubt"],"damage_healed":0,"gold_gain":0,"player_choice":"Card Removal","damage_taken":7,"max_hp_gain":0,"max_hp_loss":0,"event_name":"Golden Wing","floor":5,"gold_loss":0},{"damage_healed":0,"gold_gain":0,"player_choice":"Forge","damage_taken":0,"max_hp_gain":0,"max_hp_loss":0,"event_name":"Accursed Blacksmith","floor":10,"gold_loss":0,"cards_upgraded":["Uppercut"]},{"damage_healed":0,"gold_gain":0,"player_choice":"Joined the Cult","damage_taken":6,"max_hp_gain":0,"max_hp_loss":0,"event_name":"Nest","floor":22,"gold_loss":0,"cards_obtained":["RitualDagger"]},{"damage_healed":0,"gold_gain":0,"player_choice":"Smashed Altar","damage_taken":0,"max_hp_gain":0,"max_hp_loss":0,"event_name":"Forgotten Altar","floor":28,"gold_loss":0,"cards_obtained":["Decay"]}],"is_beta":false,"boss_relics":[{"not_picked":["Tiny House","Coffee Dripper"],"picked":"Black Blood"}],"items_purged_floors":[20],"is_endless":false,"potions_floor_spawned":[3,12,14,19,21,25],"killed_by":"Champ","ascension_level":18}