{"gold_per_floor":[109,109,126,137,152,178,103,103,103,115,65,65,65,84,84,179,179,197,197,52,63,74,74,94,94],"floor_reached":25,"playtime":1485,"items_purged":["Strike_R","Bash"],"score":205,"play_id":"48712774-ab62-4fc1-abe6-fee9a8144451","local_time":"20190901104308","is_ascension_mode":false,"campfire_choices":[{"data":"Armaments","floor":8,"key":"SMITH"},{"data":"Uppercut","floor":12,"key":"SMITH"},{"floor":15,"key":"REST"},{"floor":23,"key":"REST"}],"neow_cost":"NONE","seed_source_timestamp":4474737368240,"circlet_count":0,"master_deck":["Defend_R","Defend_R","Defend_R","Defend_R","Uppercut+1","Rampage","Armaments+1","Inflame","Spot Weakness","Offering","Iron Wave+1","Shrug It Off","Shrug It Off+1","Demon Form","Burning Pact"],"relics":["Burning Blood","Art of War","Molten Egg 2","Ornamental Fan","Empty Cage"],"potions_floor_usage":[5,14,21,22,25],"damage_taken":[{"damage":5,"enemies":"Small Slimes","floor":1,"turns":3},{"damage":1,"enemies":"Cultist","floor":3,"turns":3},{"damage":5,"enemies":"Jaw Worm","floor":4,"turns":4},{"damage":9,"enemies":"Blue Slaver","floor":5,"turns":3},{"damage":29,"enemies":"Lagavulin","floor":6,"turns":8},{"damage":0,"enemies":"Looter","floor":10,"turns":3},{"damage":25,"enemies":"Lots of Slimes","floor":14,"turns":5},{"damage":50,"enemies":"The Guardian","floor":16,"turns":10},{"damage":16,"enemies":"Shell Parasite","floor":18,"turns":4},{"damage":50,"enemies":"3 Byrds","floor":21,"turns":7},{"damage":17,"enemies":"Snake Plant","floor":22,"turns":5},{"damage":38,"enemies":"Sentry and Sphere","floor":24,"turns":11},{"damage":11,"enemies":"Snecko","floor":25,"turns":2}],"seed_played":"1556334663512152767","potions_obtained":[{"floor":4,"key":"SkillPotion"},{"floor":10,"key":"Energy Potion"},{"floor":18,"key":"Poison Potion"},{"floor":21,"key":"FearPotion"},{"floor":24,"key":"SkillPotion"}],"is_trial":false,"path_per_floor":["M","?","M","M","M","E","$","R","T","M","?","R","?","M","R","B",null,"M","?","$","M","M","R","M","M"],"character_chosen":"IRONCLAD","items_purchased":["Shrug It Off"],"campfire_rested":2,"item_purchase_floors":[20],"current_hp_per_floor":[80,80,80,80,77,54,54,54,54,60,60,60,60,41,65,21,80,70,70,70,26,15,39,7,0],"gold":94,"neow_bonus":"RANDOM_COMMON_RELIC","is_prod":false,"is_daily":false,"chose_seed":false,"campfire_upgraded":2,"win_rate":0,"timestamp":1567305788,"path_taken":["M","?","M","?","M","E","$","R","T","M","?","R","?","M","R","BOSS","M","?","$","?","M","R","M","M"],"build_version":"2019-07-17","purchased_purges":2,"victory":false,"max_hp_per_floor":[80,80,80,80,80,80,80,80,80,80,80,80,80,80,80,80,80,80,80,80,80,80,80,80,80],"card_choices":[{"not_picked":["Cleave","Intimidate"],"picked":"Uppercut","floor":1},{"not_picked":["Havoc","Spot Weakness"],"picked":"Rampage","floor":3},{"not_picked":["Cleave","Sentinel","Pummel"],"picked":"SKIP","floor":4},{"not_picked":["Heavy Blade","Clash"],"picked":"Armaments","floor":5},{"not_picked":["Reaper","Ghostly Armor"],"picked":"Inflame","floor":6},{"not_picked":["Wild Strike+1","Dropkick+1","Rage"],"picked":"SKIP","floor":10},{"not_picked":["Blood for Blood+1","Anger+1"],"picked":"Spot Weakness","floor":14},{"not_picked":["Immolate+1","Berserk"],"picked":"Offering","floor":16},{"not_picked":["Clash+1","Feel No Pain"],"picked":"Iron Wave+1","floor":18},{"not_picked":["Anger+1","Wild Strike+1"],"picked":"Shrug It Off+1","floor":21},{"not_picked":["Perfected Strike+1","Shockwave"],"picked":"Demon Form","floor":22},{"not_picked":["Havoc+1","Thunderclap+1"],"picked":"Burning Pact","floor":24}],"player_experience":266883,"relics_obtained":[{"floor":6,"key":"Molten Egg 2"},{"floor":9,"key":"Ornamental Fan"}],"event_choices":[{"damage_healed":0,"gold_gain":0,"player_choice":"Ignored","damage_taken":0,"max_hp_gain":0,"max_hp_loss":0,"event_name":"NoteForYourself","floor":2,"gold_loss":0},{"cards_removed":["Strike_R"],"damage_healed":0,"gold_gain":0,"player_choice":"Card Removal","damage_taken":0,"max_hp_gain":0,"max_hp_loss":0,"event_name":"The Cleric","floor":11,"gold_loss":50},{"damage_healed":0,"gold_gain":0,"player_choice":"Ignored","damage_taken":0,"max_hp_gain":0,"max_hp_loss":0,"event_name":"Liars Game","floor":13,"gold_loss":0},{"cards_removed":["Strike_R"],"damage_healed":0,"gold_gain":0,"player_choice":"Purged","damage_taken":0,"max_hp_gain":0,"max_hp_loss":0,"event_name":"Purifier","floor":19,"gold_loss":0}],"is_beta":false,"boss_relics":[{"not_picked":["Coffee Dripper","Astrolabe"],"picked":"Empty Cage"}],"items_purged_floors":[7,20],"is_endless":false,"potions_floor_spawned":[4,10,18,21,24],"killed_by":"Snecko","ascension_level":0}