{"gold_per_floor":[114,114,129,1,16,46,46,46,126,126,115,115,15,34,34,34],"floor_reached":16,"playtime":675,"items_purged":["Strike_G","Injury"],"score":100,"play_id":"bcdd65ae-0311-4c4a-b027-509365405443","local_time":"20190505182505","daily_mods":["Heirloom","Colorless Cards","DeadlyEvents"],"is_ascension_mode":false,"campfire_choices":[{"data":"Poisoned Stab","floor":8,"key":"SMITH"},{"data":"Neutralize","floor":10,"key":"SMITH"},{"data":"Well Laid Plans","floor":12,"key":"SMITH"},{"floor":15,"key":"REST"}],"neow_cost":"","seed_source_timestamp":0,"circlet_count":0,"master_deck":["Defend_G","Defend_G","Defend_G","Defend_G","Defend_G","Strike_G","Strike_G+1","Strike_G","Strike_G","Survivor+1","Neutralize+1","Quick Slash+1","Dash+1","Poisoned Stab+1","Cloak And Dagger","Well Laid Plans+1"],"special_seed":18021,"relics":["Ring of the Snake","The Specimen","Whetstone","Golden Idol","Tiny Chest"],"potions_floor_usage":[6],"damage_taken":[{"damage":2,"enemies":"Small Slimes","floor":1,"turns":4},{"damage":1,"enemies":"Jaw Worm","floor":3,"turns":5},{"damage":0,"enemies":"2 Louse","floor":5,"turns":2},{"damage":18,"enemies":"3 Sentries","floor":6,"turns":6},{"damage":0,"enemies":"Exordium Thugs","floor":11,"turns":4},{"damage":0,"enemies":"Blue Slaver","floor":14,"turns":3},{"damage":53,"enemies":"Slime Boss","floor":16,"turns":9}],"seed_played":"1627038229609415699","potions_obtained":[{"floor":3,"key":"SkillPotion"},{"floor":14,"key":"Block Potion"}],"is_trial":false,"path_per_floor":["M","?","M","$","M","E","?","R","T","R","M","R","$","M","R","B"],"character_chosen":"THE_SILENT","items_purchased":["Poisoned Stab"],"campfire_rested":1,"item_purchase_floors":[4],"current_hp_per_floor":[68,54,53,53,53,35,35,35,35,35,35,35,35,35,56,3],"gold":34,"neow_bonus":"","is_prod":false,"is_daily":true,"chose_seed":false,"campfire_upgraded":3,"win_rate":0,"timestamp":1557095105,"path_taken":["M","?","M","$","M","E","?","R","T","R","M","R","$","M","R","BOSS"],"build_version":"2019-01-23","purchased_purges":2,"victory":false,"max_hp_per_floor":[70,70,70,70,70,70,70,70,70,70,70,70,70,70,70,70],"card_choices":[{"not_picked":["Deflect","Riddle With Holes"],"picked":"Quick Slash","floor":1},{"not_picked":["Acrobatics","Outmaneuver"],"picked":"Dash","floor":3},{"not_picked":["Good Instincts","Distraction","Backstab"],"picked":"SKIP","floor":5},{"not_picked":["Masterful Stab","Flying Knee"],"picked":"Cloak And Dagger","floor":6},{"not_picked":["Expertise","Dagger Spray"],"picked":"Well Laid Plans","floor":11},{"not_picked":["All Out Attack","Slice","Chrysalis"],"picked":"SKIP","floor":14}],"player_experience":203298,"relics_obtained":[{"floor":6,"key":"Whetstone"},{"floor":9,"key":"Tiny Chest"}],"event_choices":[{"damage_healed":0,"gold_gain":0,"player_choice":"Entered Light","damage_taken":14,"max_hp_gain":0,"max_hp_loss":0,"event_name":"Shining Light","floor":2,"gold_loss":0,"cards_upgraded":["Quick Slash","Survivor"]},{"damage_healed":0,"gold_gain":0,"player_choice":"Take Wound","damage_taken":0,"relics_obtained":["Golden Idol"],"max_hp_gain":0,"max_hp_loss":0,"event_name":"Golden Idol","floor":7,"gold_loss":0,"cards_obtained":["Injury"]}],"is_beta":false,"boss_relics":[],"items_purged_floors":[4,13],"is_endless":false,"potions_floor_spawned":[3,14],"killed_by":"Slime Boss","ascension_level":0}