{"gold_per_floor":[362,362,287,287,305,305,318,318,318,331,365,395,411,421,421,523,523,543,643,661,330,330,341,55,55,55,55,74,74,74,74,74,178,178,195,211,311,322,106,106,126,126,126,46,46,57,71,36,36,36],"floor_reached":51,"playtime":2543,"items_purged":["Clumsy","Strike_B","Strike_B"],"score":821,"play_id":"1aaff1f4-d321-4e16-a909-68aff4e1ccd1","local_time":"20190726202454","is_ascension_mode":true,"campfire_choices":[{"data":"Redo","floor":6,"key":"SMITH"},{"data":"Dualcast","floor":8,"key":"SMITH"},{"floor":15,"key":"REST"},{"floor":25,"key":"REST"},{"data":"Darkness","floor":29,"key":"SMITH"},{"floor":32,"key":"REST"},{"floor":40,"key":"REST"},{"floor":42,"key":"RECALL"},{"floor":49,"key":"REST"}],"neow_cost":"CURSE","seed_source_timestamp":1389962767046364,"circlet_count":0,"master_deck":["Strike_B+1","Strike_B+1","Defend_B","Defend_B","Defend_B","Defend_B+1","Zap+1","Dualcast+1","Ball Lightning","Redo+1","Darkness+1","Undo+1","BootSequence+1","Consume+1","Redo+1","All For One","Conserve Battery+1","Genetic Algorithm+1","Redo+1","Steam+1","FTL","Conserve Battery+1","Redo+1","Multi-Cast+1","FTL","Coolheaded+1","Glacier+1","Defragment","Chaos+1"],"relics":["Cracked Core","Toxic Egg 2","Letter Opener","Inserter","DollysMirror","War Paint","Ginger","MutagenicStrength","Fusion Hammer","Pocketwatch","Darkstone Periapt","Gambling Chip"],"potions_floor_usage":[16,23,46,50],"damage_taken":[{"damage":2,"enemies":"Jaw Worm","floor":1,"turns":4},{"damage":0,"enemies":"Small Slimes","floor":5,"turns":2},{"damage":8,"enemies":"2 Louse","floor":7,"turns":2},{"damage":7,"enemies":"Looter","floor":10,"turns":3},{"damage":25,"enemies":"Lagavulin","floor":11,"turns":7},{"damage":0,"enemies":"Lots of Slimes","floor":13,"turns":2},{"damage":0,"enemies":"Exordium Wildlife","floor":14,"turns":5},{"damage":37,"enemies":"Hexaghost","floor":16,"turns":8},{"damage":0,"enemies":"Chosen","floor":18,"turns":3},{"damage":9,"enemies":"Shell Parasite","floor":20,"turns":4},{"damage":19,"enemies":"Chosen and Byrds","floor":23,"turns":6},{"damage":2,"enemies":"Snecko","floor":28,"turns":7},{"damage":14,"enemies":"Champ","floor":33,"turns":6},{"damage":0,"enemies":"3 Shapes","floor":35,"turns":5},{"damage":9,"enemies":"Orb Walker","floor":36,"turns":3},{"damage":0,"enemies":"Mind Bloom Boss Battle","floor":37,"turns":4},{"damage":9,"enemies":"Maw","floor":38,"turns":6},{"damage":3,"enemies":"3 Darklings","floor":41,"turns":4},{"damage":0,"enemies":"Transient","floor":46,"turns":5},{"damage":7,"enemies":"Jaw Worm Horde","floor":47,"turns":5},{"damage":57,"enemies":"Donu and Deca","floor":50,"turns":9}],"seed_played":"3313596106688431975","potions_obtained":[{"floor":1,"key":"Weak Potion"},{"floor":5,"key":"Strength Potion"},{"floor":14,"key":"Fire Potion"},{"floor":18,"key":"Strength Potion"},{"floor":20,"key":"Energy Potion"},{"floor":35,"key":"FearPotion"},{"floor":36,"key":"SpeedPotion"},{"floor":46,"key":"Regen Potion"}],"is_trial":false,"path_per_floor":["M","?","$","?","M","R","M","R","T","M","E","?","M","M","R","B",null,"M","?","M","$","?","M","$","R","T","?","M","R","$","?","R","B",null,"M","M","?","M","$","R","M","R","T","$","?","M","M","$","R","B",null],"character_chosen":"DEFECT","items_purchased":["Genetic Algorithm+1","DollysMirror","War Paint","FTL","Conserve Battery+1","Redo+1","Purity+1","Glacier+1","Chaos+1"],"campfire_rested":5,"item_purchase_floors":[21,21,24,24,24,24,39,44,48],"current_hp_per_floor":[73,78,78,62,62,62,54,54,54,47,22,22,22,22,46,9,62,62,62,53,53,38,19,19,44,44,44,42,42,42,42,67,53,77,77,68,68,59,59,84,81,81,81,81,81,81,74,74,85,28],"gold":36,"neow_bonus":"TWO_FIFTY_GOLD","is_prod":false,"is_daily":false,"chose_seed":false,"campfire_upgraded":3,"win_rate":0,"timestamp":1564197894,"path_taken":["M","?","$","?","M","R","M","R","T","M","E","?","M","M","R","BOSS","M","?","?","$","?","M","$","R","T","?","M","R","?","?","R","BOSS","M","M","?","M","$","R","M","R","T","$","?","?","M","$","R","BOSS"],"build_version":"2019-07-17","purchased_purges":3,"victory":true,"max_hp_per_floor":[75,80,80,80,80,80,80,80,80,80,80,80,80,80,80,80,80,80,80,80,80,85,85,85,85,85,85,85,85,85,85,85,85,85,85,85,85,85,85,85,85,85,85,85,85,85,85,85,85,85],"card_choices":[{"not_picked":["Tempest","Beam Cell"],"picked":"Ball Lightning","floor":1},{"not_picked":["Ball Lightning","Streamline"],"picked":"Redo","floor":5},{"not_picked":["Ball Lightning","Consume"],"picked":"Darkness","floor":7},{"not_picked":["Turbo+1","Blizzard"],"picked":"Undo+1","floor":10},{"not_picked":["Cold Snap","Blizzard"],"picked":"BootSequence+1","floor":11},{"not_picked":["Beam Cell","Reprogram+1"],"picked":"Consume+1","floor":13},{"not_picked":["Fusion+1","Gash"],"picked":"Redo+1","floor":14},{"not_picked":["Biased Cognition","Creative AI"],"picked":"All For One","floor":16},{"not_picked":["Streamline","Lockon+1","Ball Lightning"],"picked":"SKIP","floor":18},{"not_picked":["Leap+1","Reinforced Body+1"],"picked":"Conserve Battery+1","floor":20},{"not_picked":["Force Field+1","Beam Cell"],"picked":"Steam+1","floor":23},{"not_picked":["Recycle+1","Leap+1","Steam+1"],"picked":"SKIP","floor":28},{"not_picked":["Amplify+1","Creative AI"],"picked":"Multi-Cast+1","floor":33},{"not_picked":["Barrage+1","Cold Snap+1"],"picked":"FTL","floor":35},{"not_picked":["Streamline","Stack+1","Storm"],"picked":"SKIP","floor":36},{"not_picked":["Loop","Cold Snap"],"picked":"Coolheaded+1","floor":38},{"not_picked":["Leap+1","Sweeping Beam+1","Conserve Battery+1"],"picked":"SKIP","floor":41},{"not_picked":["Sweeping Beam+1","Conserve Battery+1","Steam+1"],"picked":"SKIP","floor":46},{"not_picked":["Steam Power+1","Steam+1"],"picked":"Defragment","floor":47}],"player_experience":217210,"relics_obtained":[{"floor":9,"key":"Toxic Egg 2"},{"floor":11,"key":"Letter Opener"},{"floor":26,"key":"Ginger"},{"floor":37,"key":"Pocketwatch"},{"floor":43,"key":"Darkstone Periapt"}],"event_choices":[{"damage_healed":0,"gold_gain":0,"player_choice":"Donut","damage_taken":0,"max_hp_gain":5,"max_hp_loss":0,"event_name":"Big Fish","floor":2,"gold_loss":0},{"damage_healed":0,"gold_gain":0,"player_choice":"Entered Light","damage_taken":16,"max_hp_gain":0,"max_hp_loss":0,"event_name":"Shining Light","floor":4,"gold_loss":0,"cards_upgraded":["Strike_B","Strike_B"]},{"damage_healed":0,"gold_gain":30,"player_choice":"Searched \u00271\u0027 times","damage_taken":0,"max_hp_gain":0,"max_hp_loss":0,"event_name":"Dead Adventurer","floor":12,"gold_loss":0},{"damage_healed":0,"gold_gain":100,"player_choice":"Pray","damage_taken":0,"max_hp_gain":0,"max_hp_loss":0,"event_name":"Golden Shrine","floor":19,"gold_loss":0},{"damage_healed":0,"gold_gain":0,"player_choice":"Shed Blood","damage_taken":20,"max_hp_gain":5,"max_hp_loss":0,"event_name":"Forgotten Altar","floor":22,"gold_loss":0},{"damage_healed":0,"gold_gain":0,"player_choice":"Inject Mutagens","damage_taken":0,"relics_obtained":["MutagenicStrength"],"max_hp_gain":0,"max_hp_loss":0,"event_name":"Drug Dealer","floor":31,"gold_loss":0},{"damage_healed":0,"gold_gain":0,"player_choice":"Fight","damage_taken":0,"max_hp_gain":0,"max_hp_loss":0,"event_name":"MindBloom","floor":37,"gold_loss":0},{"cards_removed":["Purity"],"damage_healed":0,"gold_gain":0,"player_choice":"Gave Card","damage_taken":0,"relics_obtained":["Gambling Chip"],"max_hp_gain":0,"max_hp_loss":0,"event_name":"WeMeetAgain","floor":45,"gold_loss":0}],"is_beta":false,"boss_relics":[{"not_picked":["Black Star","Calling Bell"],"picked":"Inserter"},{"not_picked":["Empty Cage","Velvet Choker"],"picked":"Fusion Hammer"}],"items_purged_floors":[3,21,39],"is_endless":false,"potions_floor_spawned":[1,5,14,18,20,35,36,46,47],"ascension_level":5}