{"gold_per_floor":[113,133,133,144,194,194,228,248,248,267,267,281,118,135,135,212,212,231,244,144,164,164],"floor_reached":22,"playtime":715,"items_purged":["Strike_R","Strike_R"],"score":361,"play_id":"02b9f58a-075c-47f1-bd18-ea0f8dfdfbbf","local_time":"20190802180611","is_ascension_mode":true,"campfire_choices":[{"data":"Searing Blow","floor":6,"key":"SMITH"},{"floor":11,"key":"DIG"},{"data":"Searing Blow+1","floor":15,"key":"SMITH"}],"neow_cost":"NONE","seed_source_timestamp":4715095437800,"circlet_count":0,"master_deck":["AscendersBane","Defend_R","Defend_R","Defend_R","Defend_R","Bash","Searing Blow+2","Iron Wave","Shrug It Off","Headbutt","Carnage","Metallicize","Immolate","Entrench+1","Iron Wave+1","Heavy Blade+1","Battle Trance","Thunderclap"],"relics":["Burning Blood","Shovel","Bag of Preparation","Art of War","Bronze Scales","Astrolabe"],"potions_floor_usage":[14,16],"damage_taken":[{"damage":2,"enemies":"Cultist","floor":1,"turns":4},{"damage":7,"enemies":"2 Louse","floor":2,"turns":3},{"damage":10,"enemies":"Small Slimes","floor":4,"turns":4},{"damage":39,"enemies":"3 Sentries","floor":7,"turns":12},{"damage":6,"enemies":"Looter","floor":8,"turns":3},{"damage":9,"enemies":"3 Louse","floor":10,"turns":3},{"damage":10,"enemies":"Red Slaver","floor":12,"turns":3},{"damage":6,"enemies":"Looter","floor":14,"turns":2},{"damage":30,"enemies":"The Guardian","floor":16,"turns":14},{"damage":28,"enemies":"Spheric Guardian","floor":18,"turns":4},{"damage":17,"enemies":"Chosen","floor":19,"turns":4},{"damage":24,"enemies":"Snake Plant","floor":21,"turns":4},{"damage":20,"enemies":"Centurion and Healer","floor":22,"turns":6}],"seed_played":"-5638414719427549216","potions_obtained":[{"floor":2,"key":"Regen Potion"},{"floor":4,"key":"Weak Potion"},{"floor":7,"key":"Explosive Potion"},{"floor":19,"key":"Dexterity Potion"},{"floor":21,"key":"Ancient Potion"}],"is_trial":false,"path_per_floor":["M","M","T","M","?","R","E","M","T","M","R","M","$","M","R","B",null,"M","M","$","M","M"],"character_chosen":"IRONCLAD","items_purchased":["Metallicize"],"campfire_rested":0,"item_purchase_floors":[13],"current_hp_per_floor":[79,78,78,74,74,74,41,41,41,38,38,34,34,34,34,25,68,46,35,35,17,0],"gold":164,"neow_bonus":"TEN_PERCENT_HP_BONUS","is_prod":false,"is_daily":false,"chose_seed":false,"campfire_upgraded":2,"win_rate":0,"timestamp":1564783571,"path_taken":["M","M","?","M","?","R","E","M","T","?","R","M","?","M","R","BOSS","M","M","$","M","M"],"build_version":"2019-07-17","purchased_purges":2,"victory":false,"max_hp_per_floor":[82,82,82,82,82,82,82,82,82,82,82,82,82,82,82,82,82,82,82,82,82,82],"card_choices":[{"not_picked":["Warcry","Heavy Blade"],"picked":"Searing Blow","floor":1},{"not_picked":["Dual Wield","Sentinel"],"picked":"Iron Wave","floor":2},{"not_picked":["Thunderclap","Perfected Strike"],"picked":"Shrug It Off","floor":4},{"not_picked":["Wild Strike","Blood for Blood"],"picked":"Headbutt","floor":7},{"not_picked":["Headbutt","Rampage"],"picked":"Carnage","floor":8},{"not_picked":["Sentinel","Heavy Blade","Body Slam"],"picked":"SKIP","floor":10},{"not_picked":["Corruption","Clash","Wild Strike"],"picked":"SKIP","floor":12},{"not_picked":["Perfected Strike","Headbutt","Fiend Fire"],"picked":"SKIP","floor":14},{"not_picked":["Impervious","Reaper"],"picked":"Immolate","floor":16},{"not_picked":["Iron Wave","Perfected Strike"],"picked":"Battle Trance","floor":18},{"not_picked":["Perfected Strike","Seeing Red","Iron Wave"],"picked":"SKIP","floor":19},{"not_picked":["Clash","Intimidate"],"picked":"Thunderclap","floor":21}],"player_experience":448874,"relics_obtained":[{"floor":3,"key":"Shovel"},{"floor":7,"key":"Bag of Preparation"},{"floor":9,"key":"Art of War"},{"floor":11,"key":"Bronze Scales"}],"event_choices":[{"damage_healed":0,"gold_gain":50,"player_choice":"Pray","damage_taken":0,"max_hp_gain":0,"max_hp_loss":0,"event_name":"Golden Shrine","floor":5,"gold_loss":0}],"is_beta":false,"boss_relics":[{"not_picked":["Runic Cube","Pandora\u0027s Box"],"picked":"Astrolabe"}],"items_purged_floors":[13,20],"is_endless":false,"potions_floor_spawned":[2,4,7,8,19,21],"killed_by":"Centurion and Healer","ascension_level":18}