{"gold_per_floor":[115,115,115,128,143,213,213,213,237,65,65,65,108,73,73,204,204,225,140,164,187,7,7],"floor_reached":23,"playtime":914,"items_purged":["Strike_B"],"score":236,"play_id":"7c1f7f1f-d4a1-4525-89f8-a2eb8abd0847","local_time":"20190722190740","is_ascension_mode":true,"campfire_choices":[{"floor":8,"key":"REST"},{"floor":11,"key":"REST"},{"data":"Static Discharge","floor":15,"key":"SMITH"}],"neow_cost":"NONE","seed_source_timestamp":1041350942856377,"circlet_count":0,"master_deck":["Strike_B","Strike_B","Defend_B","Defend_B","Defend_B","Defend_B","Zap","Dualcast","Static Discharge+1","Conserve Battery","Static Discharge+1","Mayhem","Coolheaded","Genetic Algorithm","Echo Form","Conserve Battery","FTL"],"relics":["Cracked Core","Blood Vial","Golden Idol","Tiny Chest","Dream Catcher","DataDisk","Busted Crown","Smiling Mask"],"potions_floor_usage":[],"damage_taken":[{"damage":1,"enemies":"2 Louse","floor":1,"turns":3},{"damage":0,"enemies":"Small Slimes","floor":4,"turns":3},{"damage":3,"enemies":"Jaw Worm","floor":5,"turns":4},{"damage":45,"enemies":"Gremlin Nob","floor":6,"turns":5},{"damage":24,"enemies":"3 Sentries","floor":13,"turns":5},{"damage":36,"enemies":"The Guardian","floor":16,"turns":10},{"damage":21,"enemies":"Chosen","floor":18,"turns":4},{"damage":5,"enemies":"3 Byrds","floor":20,"turns":2},{"damage":19,"enemies":"Snake Plant","floor":21,"turns":3},{"damage":44,"enemies":"Gremlin Leader","floor":23,"turns":4}],"seed_played":"-2332472394262295983","potions_obtained":[{"floor":4,"key":"Ancient Potion"},{"floor":5,"key":"Strength Potion"},{"floor":20,"key":"Energy Potion"}],"is_trial":false,"path_per_floor":["M","?","?","M","M","E","?","R","T","$","R","?","E","?","R","B",null,"M","?","M","M","$","E"],"character_chosen":"DEFECT","items_purchased":["Mayhem","Conserve Battery","FTL"],"campfire_rested":2,"item_purchase_floors":[10,22,22],"current_hp_per_floor":[74,79,59,61,60,17,17,41,41,41,65,58,36,56,56,22,80,59,59,56,39,39,0],"gold":7,"neow_bonus":"RANDOM_COMMON_RELIC","is_prod":false,"is_daily":false,"chose_seed":false,"campfire_upgraded":1,"win_rate":0,"timestamp":1563847660,"path_taken":["M","?","?","M","M","E","?","R","T","$","R","?","E","?","R","BOSS","M","?","M","M","$","E"],"build_version":"2019-07-17","purchased_purges":1,"victory":false,"max_hp_per_floor":[75,80,80,80,80,80,80,80,80,80,80,80,80,80,80,80,80,80,80,80,80,80,80],"card_choices":[{"not_picked":["Leap","Barrage","Turbo"],"picked":"SKIP","floor":1},{"not_picked":["Barrage","Conserve Battery"],"picked":"Static Discharge","floor":4},{"not_picked":["Hologram","Steam Power"],"picked":"Conserve Battery","floor":5},{"not_picked":["Beam Cell","Leap"],"picked":"Static Discharge","floor":6},{"not_picked":["Leap","Compile Driver"],"picked":"Coolheaded","floor":11},{"not_picked":["Leap","Storm"],"picked":"Genetic Algorithm","floor":13},{"not_picked":["Fission","Rainbow"],"picked":"Echo Form","floor":16},{"not_picked":["Sunder"],"picked":"SKIP","floor":18},{"not_picked":["Darkness+1"],"picked":"SKIP","floor":20},{"not_picked":["Fusion+1"],"picked":"SKIP","floor":21}],"player_experience":186540,"relics_obtained":[{"floor":6,"key":"Tiny Chest"},{"floor":9,"key":"Dream Catcher"},{"floor":13,"key":"DataDisk"}],"event_choices":[{"damage_healed":0,"gold_gain":0,"player_choice":"Donut","damage_taken":0,"max_hp_gain":5,"max_hp_loss":0,"event_name":"Big Fish","floor":2,"gold_loss":0},{"damage_healed":0,"gold_gain":0,"player_choice":"Take Damage","damage_taken":20,"relics_obtained":["Golden Idol"],"max_hp_gain":0,"max_hp_loss":0,"event_name":"Golden Idol","floor":3,"gold_loss":0},{"damage_healed":0,"gold_gain":0,"player_choice":"Grow","damage_taken":0,"max_hp_gain":0,"max_hp_loss":0,"event_name":"Living Wall","floor":7,"gold_loss":0,"cards_upgraded":["Static Discharge"]},{"cards_removed":["Strike_B"],"damage_healed":0,"gold_gain":0,"player_choice":"Card Removal","damage_taken":7,"max_hp_gain":0,"max_hp_loss":0,"event_name":"Golden Wing","floor":12,"gold_loss":0},{"damage_healed":20,"gold_gain":0,"player_choice":"Healed","damage_taken":0,"max_hp_gain":0,"max_hp_loss":0,"event_name":"The Cleric","floor":14,"gold_loss":35},{"damage_healed":0,"gold_gain":0,"player_choice":"Obtained Relic","damage_taken":0,"relics_obtained":["Smiling Mask"],"max_hp_gain":0,"max_hp_loss":0,"event_name":"Addict","floor":19,"gold_loss":85}],"is_beta":false,"boss_relics":[{"not_picked":["Black Star","Nuclear Battery"],"picked":"Busted Crown"}],"items_purged_floors":[22],"is_endless":false,"potions_floor_spawned":[4,5,20],"killed_by":"Gremlin Leader","ascension_level":4}