{"gold_per_floor":[14,14,28,43,56,56,81,81,81,81,110,171,8,33,33,107,107,117,117,129,179,79,79,113,142,217,217,252,252,279,295,295,366,366,379,390,409,29,29,54,72,104,116,140,152,174,199,241,253,265,277],"floor_reached":52,"playtime":5026,"items_purged":["Strike_R","Strike_R","Strike_R"],"score":2286,"play_id":"31666d8b-220d-4d16-82f9-b45a8e7d70db","local_time":"20190819003010","is_ascension_mode":true,"campfire_choices":[{"data":"Shockwave","floor":6.0,"key":"SMITH"},{"data":"Pommel Strike","floor":10.0,"key":"SMITH"},{"data":"1","floor":15.0,"key":"LIFT"},{"data":"2","floor":23,"key":"LIFT"},{"data":"3","floor":27,"key":"LIFT"},{"data":"Impervious","floor":32,"key":"SMITH"},{"data":"Inflame","floor":45,"key":"SMITH"},{"data":"Havoc","floor":49,"key":"SMITH"}],"neow_cost":"NO_GOLD","seed_source_timestamp":0,"circlet_count":0,"master_deck":["AscendersBane","Defend_R","Defend_R","Defend_R","Defend_R","Bash","Hemokinesis+1","Shockwave+1","Shrug It Off","Infernal Blade","Pommel Strike+1","Twin Strike","Clothesline","Inflame+1","Impervious+1","Fiend Fire","Armaments+1","Sword Boomerang+1","Whirlwind+1","Second Wind","Headbutt","Infernal Blade","Exhume","Flame Barrier+1","Shrug It Off","Infernal Blade+1","Shockwave","Inflame","True Grit","Feed","Seeing Red","Warcry+1","Second Wind+1","Havoc+1"],"special_seed":0,"relics":["Burning Blood","Happy Flower","Gremlin Horn","Girya","Mummified Hand","Mercury Hourglass","Sozu","Dead Branch","Red Mask","Meat on the Bone","Torii","PreservedInsect","Red Skull","Black Star","Centennial Puzzle","Pocketwatch","Dream Catcher","MawBank","Pantograph","The Courier","Oddly Smooth Stone"],"potions_floor_usage":[51],"damage_taken":[{"damage":4.0,"enemies":"Small Slimes","floor":1.0,"turns":4.0},{"damage":2.0,"enemies":"2 Louse","floor":3.0,"turns":2.0},{"damage":6.0,"enemies":"Jaw Worm","floor":4.0,"turns":3.0},{"damage":7.0,"enemies":"2 Fungi Beasts","floor":5.0,"turns":5.0},{"damage":32.0,"enemies":"3 Sentries","floor":7.0,"turns":10.0},{"damage":4.0,"enemies":"Lagavulin","floor":11.0,"turns":6.0},{"damage":25.0,"enemies":"Lagavulin Event","floor":12.0,"turns":5.0},{"damage":11.0,"enemies":"3 Sentries","floor":14.0,"turns":5.0},{"damage":21.0,"enemies":"Hexaghost","floor":16.0,"turns":9.0},{"damage":12,"enemies":"Shell Parasite","floor":18,"turns":3},{"damage":13,"enemies":"Spheric Guardian","floor":20,"turns":3},{"damage":2,"enemies":"Gremlin Leader","floor":24,"turns":3},{"damage":0,"enemies":"Masked Bandits","floor":25,"turns":1},{"damage":0,"enemies":"Slavers","floor":28,"turns":1},{"damage":16,"enemies":"Book of Stabbing","floor":30,"turns":3},{"damage":0,"enemies":"Chosen and Byrds","floor":31,"turns":2},{"damage":52,"enemies":"Champ","floor":33,"turns":9},{"damage":0,"enemies":"3 Darklings","floor":35,"turns":3},{"damage":0,"enemies":"3 Shapes","floor":36,"turns":3},{"damage":0,"enemies":"Jaw Worm Horde","floor":37,"turns":4},{"damage":12,"enemies":"Nemesis","floor":40,"turns":3},{"damage":22,"enemies":"Writhing Mass","floor":41,"turns":4},{"damage":17,"enemies":"Reptomancer","floor":42,"turns":6},{"damage":0,"enemies":"4 Shapes","floor":44,"turns":5},{"damage":0,"enemies":"Maw","floor":46,"turns":6},{"damage":24,"enemies":"Jaw Worm Horde","floor":47,"turns":2},{"damage":3,"enemies":"Giant Head","floor":48,"turns":6},{"damage":0,"enemies":"Awakened One","floor":50,"turns":4},{"damage":33,"enemies":"Time Eater","floor":51,"turns":14}],"seed_played":"7947722377951684951","potions_obtained":[{"floor":1.0,"key":"FearPotion"},{"floor":4.0,"key":"EssenceOfSteel"},{"floor":5.0,"key":"Block Potion"},{"floor":12.0,"key":"Ancient Potion"},{"floor":14.0,"key":"Swift Potion"}],"is_trial":false,"path_per_floor":["M","?","M","M","M","R","E","?","T","R","E","?","$","E","R","B",null,"M","?","M","?","$","R","E","?","T","R","E","T","E","M","R","B",null,"M","M","M","$","?","E","M","E","T","M","R","M","M","E","R","B","B",null],"character_chosen":"IRONCLAD","items_purchased":["Inflame","Centennial Puzzle","Shockwave"],"campfire_rested":0,"item_purchase_floors":[13,38,38],"current_hp_per_floor":[70,70,74,74,73,73,47,52,52,52,54,35,35,30,30,15,64,58,58,51,51,51,51,55,61,61,61,67,67,57,63,63,29,67,73,79,80,80,80,74,58,47,47,56,56,62,56,59,59,86,59],"gold":289,"neow_bonus":"REMOVE_TWO","is_prod":false,"is_daily":false,"chose_seed":false,"campfire_upgraded":5,"win_rate":0,"timestamp":1566199810,"path_taken":["M","?","M","M","M","R","E","?","T","R","E","?","$","E","R","BOSS","M","?","M","?","$","R","E","?","T","R","E","?","E","M","R","BOSS","M","M","M","$","?","E","M","E","T","M","R","M","M","E","R","BOSS","BOSS"],"build_version":"2019-07-17","purchased_purges":3,"victory":true,"max_hp_per_floor":[75,75,75,75,75,75,75,80,80,80,80,80,80,80,80,80,80,80,80,80,80,80,80,80,80,80,80,80,80,80,80,80,80,80,80,80,80,80,80,80,80,80,80,83,83,83,83,83,83,86,86],"card_choices":[{"not_picked":["Pommel Strike","Flex"],"picked":"Hemokinesis","floor":1.0},{"not_picked":["Armaments","Warcry"],"picked":"Shockwave","floor":3.0},{"not_picked":["Blood for Blood","Shockwave"],"picked":"Shrug It Off","floor":4.0},{"not_picked":["Shrug It Off","Havoc"],"picked":"Infernal Blade","floor":5.0},{"not_picked":["True Grit","Cleave"],"picked":"Pommel Strike","floor":7.0},{"not_picked":["Cleave","Reckless Charge"],"picked":"Twin Strike","floor":11.0},{"not_picked":["Heavy Blade","Flex"],"picked":"Clothesline","floor":12.0},{"not_picked":["Shrug It Off","Warcry"],"picked":"Impervious","floor":14.0},{"not_picked":["Bludgeon","Impervious"],"picked":"Fiend Fire","floor":16.0},{"not_picked":["Inflame","Body Slam"],"picked":"Armaments+1","floor":18},{"not_picked":["Rage","Infernal Blade"],"picked":"Sword Boomerang+1","floor":20},{"not_picked":["Spot Weakness+1","Pommel Strike"],"picked":"Whirlwind+1","floor":24},{"not_picked":["Combust","Burning Pact"],"picked":"Second Wind","floor":28},{"not_picked":["Clash","Searing Blow"],"picked":"Headbutt","floor":30},{"not_picked":["Infernal Blade","Berserk","Headbutt"],"picked":"SKIP","floor":31},{"not_picked":["Berserk","Headbutt"],"picked":"Infernal Blade","floor":31},{"not_picked":["Brutality","Immolate"],"picked":"Exhume","floor":33},{"not_picked":["Hemokinesis","Sword Boomerang+1"],"picked":"Flame Barrier+1","floor":35},{"not_picked":["Warcry","Whirlwind"],"picked":"Shrug It Off","floor":36},{"not_picked":["Havoc","Rage"],"picked":"Infernal Blade+1","floor":37},{"not_picked":["Warcry","Bloodletting"],"picked":"True Grit","floor":40},{"not_picked":["Headbutt","True Grit"],"picked":"Feed","floor":41},{"not_picked":["Reckless Charge","Clash+1","Blood for Blood+1"],"picked":"SKIP","floor":42},{"not_picked":["Pommel Strike","Uppercut"],"picked":"Seeing Red","floor":44},{"not_picked":["Power Through","Shrug It Off"],"picked":"Warcry+1","floor":46},{"not_picked":["Sentinel","Perfected Strike"],"picked":"Second Wind+1","floor":47},{"not_picked":["Hemokinesis","Ghostly Armor"],"picked":"Havoc","floor":48}],"player_experience":616221,"relics_obtained":[{"floor":7.0,"key":"Happy Flower"},{"floor":9.0,"key":"Gremlin Horn"},{"floor":11.0,"key":"Girya"},{"floor":12.0,"key":"Mummified Hand"},{"floor":14.0,"key":"Mercury Hourglass"},{"floor":24,"key":"Dead Branch"},{"floor":25,"key":"Red Mask"},{"floor":26,"key":"Meat on the Bone"},{"floor":28,"key":"Torii"},{"floor":29,"key":"PreservedInsect"},{"floor":30,"key":"Red Skull"},{"floor":40,"key":"Pocketwatch"},{"floor":40,"key":"Dream Catcher"},{"floor":42,"key":"MawBank"},{"floor":42,"key":"Pantograph"},{"floor":43,"key":"The Courier"},{"floor":48,"key":"Oddly Smooth Stone"}],"event_choices":[{"damage_healed":0.0,"max_hp_gain":0.0,"max_hp_loss":0.0,"gold_gain":0.0,"event_name":"Living Wall","player_choice":"Grow","floor":2.0,"gold_loss":0.0,"damage_taken":0.0,"cards_upgraded":["Hemokinesis"]},{"damage_healed":0.0,"max_hp_gain":5.0,"max_hp_loss":0.0,"gold_gain":0.0,"event_name":"Big Fish","player_choice":"Donut","floor":8.0,"gold_loss":0.0,"damage_taken":0.0},{"damage_healed":0.0,"max_hp_gain":0.0,"max_hp_loss":0.0,"gold_gain":30.0,"event_name":"Dead Adventurer","player_choice":"Searched \u00272\u0027 times","floor":12.0,"gold_loss":0.0,"damage_taken":0.0},{"damage_healed":0,"gold_gain":0,"player_choice":"Ignored","damage_taken":0,"max_hp_gain":0,"max_hp_loss":0,"event_name":"Vampires","floor":19,"gold_loss":0},{"damage_healed":0,"gold_gain":50,"player_choice":"Stole From Cult","damage_taken":0,"max_hp_gain":0,"max_hp_loss":0,"event_name":"Nest","floor":21,"gold_loss":0},{"damage_healed":0,"gold_gain":0,"player_choice":"Fought Bandits","damage_taken":0,"max_hp_gain":0,"max_hp_loss":0,"event_name":"Masked Bandits","floor":25,"gold_loss":0},{"damage_healed":0,"gold_gain":0,"player_choice":"Copied","damage_taken":0,"max_hp_gain":0,"max_hp_loss":0,"event_name":"Duplicator","floor":39,"gold_loss":0,"cards_obtained":["Inflame"]}],"is_beta":false,"boss_relics":[{"not_picked":["Mark of Pain","Orrery"],"picked":"Sozu"},{"not_picked":["Empty Cage","Philosopher\u0027s Stone"],"picked":"Black Star"}],"items_purged_floors":[13,22,38],"is_endless":false,"potions_floor_spawned":[1,4,5,12,14,18,30,31,36,40,42,46],"ascension_level":20}