{"gold_per_floor":[213,227,227,67,83,83,103,103,103,118,145,45,65,90,90,193,193,205,130,5,5,5,34,44,44,44,44,75,86,37,53,53,150,150,169,269,119,0,17,17,17,17,40,55,55,55,55,55,55,55],"floor_reached":50,"playtime":1840,"items_purged":["Strike_R","Strike_R","Defend_R","Strike_R"],"score":792,"play_id":"2dd34bfc-bd30-4f0a-9b59-4c388d9b1843","local_time":"20190510193908","is_ascension_mode":true,"campfire_choices":[{"data":"Inflame","floor":6,"key":"SMITH"},{"data":"Spot Weakness","floor":8,"key":"SMITH"},{"floor":15,"key":"REST"},{"data":"Sword Boomerang","floor":25,"key":"SMITH"},{"data":"True Grit","floor":27,"key":"SMITH"},{"data":"Heavy Blade","floor":32,"key":"SMITH"},{"data":"Whirlwind","floor":40,"key":"SMITH"},{"data":"Shrug It Off","floor":46,"key":"SMITH"},{"floor":49,"key":"REST"}],"neow_cost":"NONE","seed_source_timestamp":32274828971000,"circlet_count":0,"master_deck":["AscendersBane","Strike_R","Defend_R","Defend_R","Defend_R","Bash+1","Clothesline","Headbutt","Inflame+1","Shrug It Off+1","True Grit+1","Spot Weakness+1","Sword Boomerang+1","Reaper","Inflame+1","Iron Wave","Heavy Blade+1","Whirlwind+1","Feed","Sentinel+1","Inflame+1","Flame Barrier+1"],"relics":["Burning Blood","Mummified Hand","Dodecahedron","PreservedInsect","Philosopher\u0027s Stone","Bronze Scales","Self Forming Clay","Meat on the Bone","Orrery","Red Mask","Strawberry"],"potions_floor_usage":[11,13,16,21,24,35,39,50],"damage_taken":[{"damage":8,"enemies":"Jaw Worm","floor":1,"turns":4},{"damage":6,"enemies":"Cultist","floor":2,"turns":3},{"damage":3,"enemies":"2 Louse","floor":5,"turns":3},{"damage":11,"enemies":"Blue Slaver","floor":7,"turns":5},{"damage":22,"enemies":"Lots of Slimes","floor":10,"turns":4},{"damage":19,"enemies":"Gremlin Nob","floor":11,"turns":4},{"damage":13,"enemies":"Exordium Thugs","floor":13,"turns":4},{"damage":32,"enemies":"3 Sentries","floor":14,"turns":6},{"damage":26,"enemies":"The Guardian","floor":16,"turns":9},{"damage":10,"enemies":"Chosen","floor":18,"turns":4},{"damage":19,"enemies":"Colosseum Slavers","floor":21,"turns":6},{"damage":37,"enemies":"Gremlin Leader","floor":23,"turns":4},{"damage":0,"enemies":"3 Byrds","floor":24,"turns":1},{"damage":10,"enemies":"Book of Stabbing","floor":28,"turns":3},{"damage":6,"enemies":"Cultist and Chosen","floor":29,"turns":3},{"damage":5,"enemies":"Snake Plant","floor":31,"turns":2},{"damage":53,"enemies":"Champ","floor":33,"turns":8},{"damage":40,"enemies":"3 Darklings","floor":35,"turns":5},{"damage":4,"enemies":"Orb Walker","floor":39,"turns":4},{"damage":11,"enemies":"Sphere and 2 Shapes","floor":44,"turns":5},{"damage":93,"enemies":"Time Eater","floor":50,"turns":8}],"seed_played":"-2083749728236982663","potions_obtained":[{"floor":1,"key":"Poison Potion"},{"floor":11,"key":"Regen Potion"},{"floor":13,"key":"SpeedPotion"},{"floor":14,"key":"Regen Potion"},{"floor":23,"key":"SkillPotion"},{"floor":24,"key":"Fire Potion"},{"floor":33,"key":"GamblersBrew"},{"floor":44,"key":"SteroidPotion"}],"is_trial":false,"path_per_floor":["M","M","?","$","M","R","M","R","T","M","E","$","M","E","R","B",null,"M","?","$","?","?","E","M","R","T","R","E","M","$","M","R","B",null,"M","?","$","?","M","R","$","?","T","M","$","R","?","$","R","B"],"character_chosen":"IRONCLAD","items_purchased":["Inflame","Shrug It Off","Heavy Blade"],"campfire_rested":2,"item_purchase_floors":[4,4,30],"current_hp_per_floor":[70,70,70,70,73,73,68,68,68,52,39,39,44,18,42,37,69,71,71,71,76,76,49,55,55,55,55,62,77,77,78,78,43,71,50,50,50,50,52,52,52,52,59,54,54,54,54,54,78,0],"gold":55,"neow_bonus":"HUNDRED_GOLD","is_prod":false,"is_daily":false,"chose_seed":false,"campfire_upgraded":7,"win_rate":0,"timestamp":1557531548,"path_taken":["M","M","?","$","M","R","M","R","T","M","E","$","M","E","R","BOSS","M","?","$","?","?","E","M","R","T","R","E","?","?","M","R","BOSS","M","?","$","?","M","R","?","?","T","?","?","R","?","$","R","BOSS"],"build_version":"2019-01-23","purchased_purges":4,"victory":false,"max_hp_per_floor":[80,80,80,80,80,80,80,80,80,80,80,80,80,80,80,80,80,80,80,80,80,80,80,80,80,80,80,80,80,80,80,80,80,80,80,80,80,80,80,80,80,80,87,87,87,87,83,83,83,83],"card_choices":[{"not_picked":["Burning Pact","Blood for Blood"],"picked":"Clothesline","floor":1},{"not_picked":["Warcry","Iron Wave"],"picked":"Headbutt","floor":2},{"not_picked":["Shockwave","Havoc"],"picked":"True Grit","floor":5},{"not_picked":["Dark Embrace","Uppercut"],"picked":"Spot Weakness","floor":7},{"not_picked":["Second Wind","Perfected Strike"],"picked":"Sword Boomerang","floor":10},{"not_picked":["Searing Blow","Spot Weakness","Perfected Strike"],"picked":"SKIP","floor":11},{"not_picked":["Havoc","Thunderclap","Flex"],"picked":"SKIP","floor":13},{"not_picked":["Flex","Feel No Pain","Dual Wield"],"picked":"SKIP","floor":14},{"not_picked":["Dark Embrace","Offering"],"picked":"Reaper","floor":16},{"not_picked":["Anger","Perfected Strike","Searing Blow"],"picked":"SKIP","floor":18},{"not_picked":["Body Slam","Exhume","Intimidate+1"],"picked":"SKIP","floor":23},{"not_picked":["Thunderclap","Infernal Blade","Wild Strike"],"picked":"SKIP","floor":24},{"not_picked":["Disarm","Clash"],"picked":"Iron Wave","floor":28},{"not_picked":["Havoc","Burning Pact+1","Sword Boomerang"],"picked":"SKIP","floor":29},{"not_picked":["Perfected Strike","Carnage"],"picked":"Whirlwind","floor":31},{"not_picked":["Juggernaut","Bludgeon"],"picked":"Feed","floor":33},{"not_picked":["Shrug It Off+1","True Grit+1"],"picked":"Sentinel+1","floor":34},{"not_picked":["Wild Strike","Shrug It Off"],"picked":"Inflame","floor":34},{"not_picked":["Pummel+1","Shrug It Off"],"picked":"Flame Barrier+1","floor":34},{"not_picked":["Searing Blow","Dark Embrace","Flex+1"],"picked":"SKIP","floor":35},{"not_picked":["Rage","Whirlwind+1","Anger+1"],"picked":"SKIP","floor":39},{"not_picked":["Sword Boomerang","Perfected Strike","Havoc"],"picked":"SKIP","floor":44}],"player_experience":249631,"relics_obtained":[{"floor":9,"key":"Mummified Hand"},{"floor":11,"key":"Dodecahedron"},{"floor":14,"key":"PreservedInsect"},{"floor":23,"key":"Bronze Scales"},{"floor":26,"key":"Self Forming Clay"},{"floor":28,"key":"Meat on the Bone"},{"floor":43,"key":"Strawberry"}],"event_choices":[{"damage_healed":0,"gold_gain":0,"player_choice":"Upgraded","damage_taken":0,"max_hp_gain":0,"max_hp_loss":0,"event_name":"Upgrade Shrine","floor":3,"gold_loss":0,"cards_upgraded":["Bash"]},{"cards_removed":["Strike_R"],"damage_healed":0,"gold_gain":0,"player_choice":"Gave Gold","damage_taken":0,"max_hp_gain":0,"max_hp_loss":0,"event_name":"Beggar","floor":19,"gold_loss":75},{"damage_healed":0,"gold_gain":0,"player_choice":"Fight","damage_taken":0,"max_hp_gain":0,"max_hp_loss":0,"event_name":"Colosseum","floor":21,"gold_loss":0},{"damage_healed":0,"gold_gain":0,"player_choice":"Fled From Nobs","damage_taken":0,"max_hp_gain":0,"max_hp_loss":0,"event_name":"Colosseum","floor":21,"gold_loss":0},{"damage_healed":0,"gold_gain":0,"player_choice":"Copied","damage_taken":0,"max_hp_gain":0,"max_hp_loss":0,"event_name":"Duplicator","floor":22,"gold_loss":0,"cards_obtained":["Inflame"]},{"damage_healed":0,"gold_gain":100,"player_choice":"Pray","damage_taken":0,"max_hp_gain":0,"max_hp_loss":0,"event_name":"Golden Shrine","floor":36,"gold_loss":0},{"damage_healed":0,"gold_gain":0,"player_choice":"Paid","damage_taken":0,"relics_obtained":["Red Mask"],"max_hp_gain":0,"max_hp_loss":0,"event_name":"Tomb of Lord Red Mask","floor":38,"gold_loss":119},{"damage_healed":0,"gold_gain":0,"player_choice":"Upgraded","damage_taken":0,"max_hp_gain":0,"max_hp_loss":0,"event_name":"Upgrade Shrine","floor":42,"gold_loss":0,"cards_upgraded":["Inflame"]},{"damage_healed":0,"gold_gain":0,"player_choice":"Max HP","damage_taken":0,"max_hp_gain":0,"max_hp_loss":4,"event_name":"Winding Halls","floor":47,"gold_loss":0}],"is_beta":false,"boss_relics":[{"not_picked":["Black Blood","Empty Cage"],"picked":"Philosopher\u0027s Stone"},{"not_picked":["Velvet Choker","Snecko Eye"],"picked":"Orrery"}],"items_purged_floors":[4,12,20,37],"is_endless":false,"potions_floor_spawned":[1,11,13,14,23,24,33,44],"killed_by":"Time Eater","ascension_level":11}