{"gold_per_floor":[116,116,131,131,81,81,101,129,129,157,174,174,249,13,13,89,89,107,107,123,143,163,163,183,183,183,183,196,40,40],"floor_reached":30,"playtime":2129,"items_purged":[],"score":458,"play_id":"db71eeea-566f-4ac8-badc-2eb4c2051d12","local_time":"20190530183955","is_ascension_mode":true,"campfire_choices":[{"data":"Feed","floor":6,"key":"SMITH"},{"data":"Uppercut","floor":12,"key":"SMITH"},{"floor":15,"key":"REST"},{"data":"Flame Barrier","floor":23,"key":"SMITH"},{"data":"Metallicize","floor":25,"key":"SMITH"},{"data":"Flame Barrier","floor":27,"key":"SMITH"}],"neow_cost":"NONE","seed_source_timestamp":186661409200,"circlet_count":0,"master_deck":["AscendersBane","Strike_R","Strike_R","Strike_R","Strike_R","Defend_R","Defend_R","Defend_R","Defend_R","Bash+1","Feed+1","Metallicize+1","Infernal Blade","Uppercut+1","Pummel","Sword Boomerang","Panacea","Double Tap","Iron Wave","Flame Barrier+1","Flame Barrier+1","Iron Wave","Writhe","Twin Strike"],"relics":["Burning Blood","Torii","Kunai","Blood Vial","Vajra","Cursed Key","Anchor","Orichalcum"],"potions_floor_usage":[16,16,20,21,22,28],"damage_taken":[{"damage":12,"enemies":"Jaw Worm","floor":1,"turns":2},{"damage":12,"enemies":"Small Slimes","floor":3,"turns":3},{"damage":2,"enemies":"Cultist","floor":7,"turns":4},{"damage":26,"enemies":"Gremlin Nob","floor":8,"turns":4},{"damage":25,"enemies":"3 Sentries","floor":10,"turns":11},{"damage":16,"enemies":"Exordium Thugs","floor":11,"turns":5},{"damage":23,"enemies":"Slime Boss","floor":16,"turns":9},{"damage":2,"enemies":"Chosen","floor":18,"turns":4},{"damage":23,"enemies":"Shell Parasite","floor":20,"turns":3},{"damage":37,"enemies":"3 Cultists","floor":21,"turns":7},{"damage":6,"enemies":"Centurion and Healer","floor":22,"turns":3},{"damage":11,"enemies":"Shelled Parasite and Fungi","floor":24,"turns":6},{"damage":46,"enemies":"3 Cultists","floor":28,"turns":8},{"damage":22,"enemies":"Cultist and Chosen","floor":30,"turns":4}],"seed_played":"-5097952171537225122","potions_obtained":[{"floor":8,"key":"Explosive Potion"},{"floor":10,"key":"Poison Potion"},{"floor":16,"key":"FearPotion"},{"floor":18,"key":"Regen Potion"},{"floor":21,"key":"SteroidPotion"},{"floor":22,"key":"Dexterity Potion"}],"is_trial":false,"path_per_floor":["M","?","M","?","?","R","M","E","T","E","M","R","?","$","R","B",null,"M","?","M","M","M","R","M","R","T","R","M","$","M"],"character_chosen":"IRONCLAD","items_purchased":["Vajra","Panacea","Orichalcum"],"campfire_rested":1,"item_purchase_floors":[14,14,29],"current_hp_per_floor":[65,65,62,62,62,62,70,54,54,39,35,35,24,24,53,42,86,92,82,80,55,57,57,58,58,58,58,20,20,0],"gold":40,"neow_bonus":"ONE_RANDOM_RARE_CARD","is_prod":false,"is_daily":false,"chose_seed":false,"campfire_upgraded":5,"win_rate":0,"timestamp":1559255995,"path_taken":["M","?","M","?","?","R","M","E","T","E","M","R","?","$","R","BOSS","M","?","M","M","M","R","M","R","T","R","M","?","M"],"build_version":"2019-01-23","purchased_purges":0,"victory":false,"max_hp_per_floor":[78,78,81,81,81,81,85,89,89,93,97,97,97,97,97,101,101,101,101,105,109,109,109,113,113,113,113,113,113,113],"card_choices":[{"not_picked":["Warcry","Body Slam","Feel No Pain"],"picked":"SKIP","floor":1},{"not_picked":["Wild Strike","Hemokinesis"],"picked":"Metallicize","floor":3},{"not_picked":["Reckless Charge","Body Slam"],"picked":"Infernal Blade","floor":7},{"not_picked":["Shrug It Off","True Grit"],"picked":"Uppercut","floor":8},{"not_picked":["Thunderclap","Wild Strike"],"picked":"Pummel","floor":10},{"not_picked":["Disarm","Rupture"],"picked":"Sword Boomerang","floor":11},{"not_picked":["Exhume","Offering"],"picked":"Double Tap","floor":16},{"not_picked":["Thunderclap","Dropkick"],"picked":"Iron Wave","floor":18},{"not_picked":["Searing Blow","Cleave+1"],"picked":"Flame Barrier","floor":20},{"not_picked":["Power Through+1","Clash"],"picked":"Flame Barrier","floor":21},{"not_picked":["Wild Strike","Inflame"],"picked":"Iron Wave","floor":22},{"not_picked":["Pommel Strike","Thunderclap+1","Flex"],"picked":"SKIP","floor":24},{"not_picked":["Flex","Entrench"],"picked":"Twin Strike","floor":28}],"player_experience":360998,"relics_obtained":[{"floor":8,"key":"Torii"},{"floor":9,"key":"Kunai"},{"floor":10,"key":"Blood Vial"},{"floor":26,"key":"Anchor"}],"event_choices":[{"damage_healed":0,"gold_gain":0,"player_choice":"Grow","damage_taken":0,"max_hp_gain":0,"max_hp_loss":0,"event_name":"Living Wall","floor":2,"gold_loss":0,"cards_upgraded":["Bash"]},{"damage_healed":0,"gold_gain":0,"player_choice":"Ignored","damage_taken":0,"max_hp_gain":0,"max_hp_loss":0,"event_name":"Liars Game","floor":4,"gold_loss":0},{"cards_removed":["Strike_R"],"damage_healed":0,"gold_gain":0,"player_choice":"Card Removal","damage_taken":0,"max_hp_gain":0,"max_hp_loss":0,"event_name":"The Cleric","floor":5,"gold_loss":50},{"damage_healed":0,"gold_gain":75,"player_choice":"Gather Gold","damage_taken":11,"max_hp_gain":0,"max_hp_loss":0,"event_name":"World of Goop","floor":13,"gold_loss":0},{"damage_healed":0,"gold_gain":0,"player_choice":"","damage_taken":10,"max_hp_gain":0,"max_hp_loss":0,"event_name":"Knowing Skull","floor":19,"potions_obtained":[],"gold_loss":0,"cards_obtained":[]}],"is_beta":false,"boss_relics":[{"not_picked":["Orrery","Runic Cube"],"picked":"Cursed Key"}],"items_purged_floors":[],"is_endless":false,"potions_floor_spawned":[8,10,11,16,18,21,22],"killed_by":"Cultist and Chosen","ascension_level":14}