{"gold_per_floor":[114,114,35,47,66,66,66,94,94,127,52,70,70,89,89,162,162,173,173,153,172,43,43,43,56,56,56,56,79,90,103,103,103],"floor_reached":33,"playtime":1002,"items_purged":["Strike_R"],"score":510,"play_id":"ae117a6e-8f87-4dfd-b05a-be969801c7d8","local_time":"20190801192002","is_ascension_mode":true,"campfire_choices":[{"data":"Bash","floor":6,"key":"SMITH"},{"data":"Berserk","floor":15,"key":"SMITH"},{"data":"True Grit","floor":23,"key":"SMITH"},{"floor":28,"key":"REST"},{"floor":32,"key":"REST"}],"neow_cost":"NONE","seed_source_timestamp":6065078435500,"circlet_count":0,"master_deck":["AscendersBane","Strike_R","Strike_R","Strike_R","Strike_R","Defend_R","Defend_R","Defend_R","Defend_R","Bash+1","Iron Wave","Rampage","Flame Barrier","Shrug It Off","Anger","Berserk+1","Inflame","Thunderclap","Feed","Infernal Blade","Shrug It Off","True Grit+1","Shame","Sword Boomerang","Armaments"],"relics":["Burning Blood","Shuriken","Self Forming Clay","Mummified Hand","Cursed Key","Omamori","Ornamental Fan","PreservedInsect"],"potions_floor_usage":[10,16,25,33,33],"damage_taken":[{"damage":6,"enemies":"Cultist","floor":1,"turns":4},{"damage":12,"enemies":"Jaw Worm","floor":4,"turns":2},{"damage":8,"enemies":"Small Slimes","floor":5,"turns":4},{"damage":39,"enemies":"Gremlin Nob","floor":8,"turns":5},{"damage":10,"enemies":"Lagavulin","floor":10,"turns":7},{"damage":8,"enemies":"3 Louse","floor":12,"turns":4},{"damage":1,"enemies":"2 Fungi Beasts","floor":14,"turns":4},{"damage":44,"enemies":"The Guardian","floor":16,"turns":11},{"damage":30,"enemies":"Spheric Guardian","floor":18,"turns":6},{"damage":20,"enemies":"Shell Parasite","floor":21,"turns":4},{"damage":21,"enemies":"Centurion and Healer","floor":25,"turns":9},{"damage":30,"enemies":"Colosseum Slavers","floor":27,"turns":6},{"damage":20,"enemies":"Shelled Parasite and Fungi","floor":30,"turns":6},{"damage":22,"enemies":"Sentry and Sphere","floor":31,"turns":6},{"damage":51,"enemies":"Champ","floor":33,"turns":10}],"seed_played":"-4141483270522924152","potions_obtained":[{"floor":1,"key":"BloodPotion"},{"floor":4,"key":"FearPotion"},{"floor":10,"key":"FearPotion"},{"floor":16,"key":"Regen Potion"},{"floor":25,"key":"SpeedPotion"}],"is_trial":false,"path_per_floor":["M","?","$","M","M","R","$","E","T","E","?","M","$","M","R","B",null,"M","?","?","M","$","R","?","M","T","?","R","T","M","M","R","B"],"character_chosen":"IRONCLAD","items_purchased":["Rampage","True Grit"],"campfire_rested":2,"item_purchase_floors":[3,22],"current_hp_per_floor":[75,80,80,74,72,72,72,39,39,35,35,33,33,38,38,21,71,47,47,47,33,33,33,33,36,36,12,39,39,28,15,43,0],"gold":103,"neow_bonus":"TEN_PERCENT_HP_BONUS","is_prod":false,"is_daily":false,"chose_seed":false,"campfire_upgraded":3,"win_rate":0,"timestamp":1564701602,"path_taken":["M","?","$","M","M","R","$","E","T","E","?","?","$","M","R","BOSS","M","?","?","?","$","R","?","M","T","?","R","?","M","M","R","BOSS"],"build_version":"2019-07-17","purchased_purges":1,"victory":false,"max_hp_per_floor":[82,87,87,87,87,87,87,87,87,87,87,87,87,87,87,87,87,87,87,87,87,87,87,87,90,90,90,90,90,93,96,96,96],"card_choices":[{"not_picked":["Corruption","True Grit"],"picked":"Iron Wave","floor":1},{"not_picked":["Iron Wave","Pummel"],"picked":"Flame Barrier","floor":4},{"not_picked":["Iron Wave","Sentinel"],"picked":"Shrug It Off","floor":5},{"not_picked":["Iron Wave","Body Slam"],"picked":"Anger","floor":8},{"not_picked":["Disarm","Burning Pact"],"picked":"Berserk","floor":10},{"not_picked":["Anger","Perfected Strike"],"picked":"Inflame","floor":12},{"not_picked":["Rampage","Body Slam"],"picked":"Thunderclap","floor":14},{"not_picked":["Limit Break","Bludgeon"],"picked":"Feed","floor":16},{"not_picked":["Seeing Red","Searing Blow"],"picked":"Infernal Blade","floor":18},{"not_picked":["Second Wind","Whirlwind"],"picked":"Shrug It Off","floor":21},{"not_picked":["Sever Soul","Headbutt"],"picked":"Sword Boomerang","floor":25},{"not_picked":["Sword Boomerang","Clash"],"picked":"Armaments","floor":30},{"not_picked":["Fire Breathing","Seeing Red","Exhume"],"picked":"SKIP","floor":31}],"player_experience":447872,"relics_obtained":[{"floor":8,"key":"Shuriken"},{"floor":9,"key":"Self Forming Clay"},{"floor":10,"key":"Mummified Hand"},{"floor":26,"key":"Ornamental Fan"},{"floor":29,"key":"PreservedInsect"}],"event_choices":[{"damage_healed":0,"gold_gain":0,"player_choice":"Donut","damage_taken":0,"max_hp_gain":5,"max_hp_loss":0,"event_name":"Big Fish","floor":2,"gold_loss":0},{"damage_healed":0,"gold_gain":0,"player_choice":"Left Gold","damage_taken":0,"max_hp_gain":0,"max_hp_loss":0,"event_name":"World of Goop","floor":11,"gold_loss":75},{"damage_healed":0,"gold_gain":0,"player_choice":"Ignored","damage_taken":0,"max_hp_gain":0,"max_hp_loss":0,"event_name":"The Mausoleum","floor":19,"gold_loss":0},{"damage_healed":0,"gold_gain":0,"player_choice":"Bought 1 Potion","damage_taken":0,"max_hp_gain":0,"max_hp_loss":0,"event_name":"The Woman in Blue","floor":20,"gold_loss":0},{"damage_healed":0,"gold_gain":0,"player_choice":"Stole Relic","damage_taken":0,"relics_obtained":["Omamori"],"max_hp_gain":0,"max_hp_loss":0,"event_name":"Addict","floor":24,"gold_loss":0,"cards_obtained":["Shame"]},{"damage_healed":0,"gold_gain":0,"player_choice":"Fight","damage_taken":0,"max_hp_gain":0,"max_hp_loss":0,"event_name":"Colosseum","floor":27,"gold_loss":0},{"damage_healed":0,"gold_gain":0,"player_choice":"Fled From Nobs","damage_taken":0,"max_hp_gain":0,"max_hp_loss":0,"event_name":"Colosseum","floor":27,"gold_loss":0}],"is_beta":false,"boss_relics":[{"not_picked":["Fusion Hammer","Black Blood"],"picked":"Cursed Key"}],"items_purged_floors":[22],"is_endless":false,"potions_floor_spawned":[1,4,10,14,16,25,27],"killed_by":"Champ","ascension_level":18}