{"gold_per_floor":[212,225,58,74,35,35,35,51,51,90,105,105],"floor_reached":12,"playtime":226,"items_purged":[],"score":148,"play_id":"875e4e4f-5f33-4d91-8f0e-608566429b50","local_time":"20190628203423","is_ascension_mode":true,"campfire_choices":[{"data":"Uppercut","floor":6,"key":"SMITH"}],"neow_cost":"NONE","seed_source_timestamp":13613888100800,"circlet_count":0,"master_deck":["AscendersBane","Strike_R","Strike_R","Strike_R","Strike_R","Strike_R","Defend_R","Defend_R","Defend_R","Defend_R","Bash","Battle Trance","Sword Boomerang","Clothesline","Uppercut+1","Headbutt","Armaments","Spot Weakness"],"relics":["Burning Blood","Vajra","Golden Idol","Centennial Puzzle","Molten Egg 2"],"potions_floor_usage":[10,11],"damage_taken":[{"damage":12,"enemies":"Cultist","floor":1,"turns":5},{"damage":4,"enemies":"Small Slimes","floor":2,"turns":4},{"damage":9,"enemies":"Jaw Worm","floor":4,"turns":3},{"damage":6,"enemies":"Looter","floor":8,"turns":2},{"damage":13,"enemies":"Gremlin Nob","floor":10,"turns":3},{"damage":8,"enemies":"Large Slime","floor":11,"turns":2},{"damage":35,"enemies":"3 Sentries","floor":12,"turns":3}],"seed_played":"5825702700069026349","potions_obtained":[{"floor":2,"key":"Fire Potion"},{"floor":8,"key":"Strength Potion"}],"is_trial":false,"path_per_floor":["M","M","$","M","$","R","?","M","T","E","M","E"],"character_chosen":"IRONCLAD","items_purchased":["Vajra","Uppercut"],"campfire_rested":0,"item_purchase_floors":[3,5],"current_hp_per_floor":[62,64,64,61,61,61,35,35,35,28,26,0],"gold":105,"neow_bonus":"HUNDRED_GOLD","is_prod":false,"is_daily":false,"chose_seed":false,"campfire_upgraded":1,"win_rate":0,"timestamp":1561768463,"path_taken":["M","?","$","M","$","R","?","M","T","E","M","E"],"build_version":"2019-01-23","purchased_purges":0,"victory":false,"max_hp_per_floor":[75,75,75,75,75,75,75,75,75,75,75,75],"card_choices":[{"not_picked":["Havoc","Disarm"],"picked":"Battle Trance","floor":1},{"not_picked":["Perfected Strike","Clash"],"picked":"Sword Boomerang","floor":2},{"not_picked":["Sword Boomerang","True Grit"],"picked":"Clothesline","floor":4},{"not_picked":["Sever Soul","Body Slam"],"picked":"Headbutt","floor":8},{"not_picked":["Sword Boomerang","Clothesline"],"picked":"Armaments","floor":10},{"not_picked":["Entrench","Headbutt+1"],"picked":"Spot Weakness","floor":11}],"player_experience":412551,"relics_obtained":[{"floor":9,"key":"Centennial Puzzle"},{"floor":10,"key":"Molten Egg 2"}],"event_choices":[{"damage_healed":0,"gold_gain":0,"player_choice":"Take Damage","damage_taken":26,"relics_obtained":["Golden Idol"],"max_hp_gain":0,"max_hp_loss":0,"event_name":"Golden Idol","floor":7,"gold_loss":0}],"is_beta":false,"boss_relics":[],"items_purged_floors":[],"is_endless":false,"potions_floor_spawned":[2,8],"killed_by":"3 Sentries","ascension_level":17}