{"gold_per_floor":[113,132,132,150,170,170,184,213,213,213,213,223,67,82,82,82],"floor_reached":16,"playtime":678,"items_purged":["Parasite"],"score":156,"play_id":"a4ff6f69-0b7d-4356-bad4-3be7e9a1af08","local_time":"20190505165352","is_ascension_mode":true,"campfire_choices":[{"data":"Feed","floor":6,"key":"SMITH"},{"data":"Bash","floor":11,"key":"SMITH"},{"data":"Spot Weakness","floor":15,"key":"SMITH"}],"neow_cost":"NONE","seed_source_timestamp":19778057404000,"circlet_count":0,"master_deck":["AscendersBane","Strike_R","Strike_R","Strike_R","Strike_R","Defend_R","Defend_R","Defend_R","Defend_R","Bash+1","Clothesline","Pommel Strike","Headbutt","Feed+1","Shrug It Off","Spot Weakness+1","Ghostly Armor","Shrug It Off"],"relics":["Burning Blood","Kunai","Ancient Tea Set","Blue Candle"],"potions_floor_usage":[],"damage_taken":[{"damage":3,"enemies":"Cultist","floor":1,"turns":4},{"damage":0,"enemies":"Small Slimes","floor":2,"turns":4},{"damage":14,"enemies":"Jaw Worm","floor":4,"turns":3},{"damage":23,"enemies":"Exordium Thugs","floor":5,"turns":7},{"damage":6,"enemies":"Looter","floor":7,"turns":4},{"damage":34,"enemies":"Gremlin Nob","floor":8,"turns":5},{"damage":3,"enemies":"2 Fungi Beasts","floor":12,"turns":3},{"damage":8,"enemies":"Blue Slaver","floor":14,"turns":4},{"damage":45,"enemies":"Slime Boss","floor":16,"turns":9}],"seed_played":"-8843506903070380877","potions_obtained":[{"floor":7,"key":"PowerPotion"}],"is_trial":false,"path_per_floor":["M","M","?","M","M","R","M","E","T","?","R","M","$","M","R","B"],"character_chosen":"IRONCLAD","items_purchased":["Ghostly Armor"],"campfire_rested":0,"item_purchase_floors":[13],"current_hp_per_floor":[75,80,68,60,43,43,43,15,15,35,35,42,42,40,40,0],"gold":82,"neow_bonus":"TRANSFORM_CARD","is_prod":false,"is_daily":false,"chose_seed":false,"campfire_upgraded":3,"win_rate":0,"timestamp":1557089632,"path_taken":["M","?","?","M","M","R","M","E","T","?","R","M","$","M","R","BOSS"],"build_version":"2019-01-23","purchased_purges":1,"victory":false,"max_hp_per_floor":[80,80,80,80,80,80,80,80,80,80,80,84,81,81,81,81],"card_choices":[{"not_picked":["Thunderclap","Metallicize"],"picked":"Pommel Strike","floor":1},{"not_picked":["Anger","Heavy Blade"],"picked":"Headbutt","floor":2},{"not_picked":["Twin Strike","Heavy Blade","Entrench"],"picked":"SKIP","floor":4},{"not_picked":["Armaments","Blood for Blood"],"picked":"Feed","floor":5},{"not_picked":["Anger","Armaments"],"picked":"Shrug It Off","floor":7},{"not_picked":["Clash","Warcry"],"picked":"Spot Weakness","floor":8},{"not_picked":["Cleave","Armaments","Disarm"],"picked":"SKIP","floor":12},{"not_picked":["Anger","Barricade"],"picked":"Shrug It Off","floor":14}],"player_experience":200768,"relics_obtained":[{"floor":8,"key":"Ancient Tea Set"},{"floor":9,"key":"Blue Candle"}],"event_choices":[{"damage_healed":0,"gold_gain":0,"player_choice":"Success","damage_taken":12,"relics_obtained":["Kunai"],"max_hp_gain":0,"max_hp_loss":0,"event_name":"Scrap Ooze","floor":3,"gold_loss":0},{"damage_healed":20,"gold_gain":0,"player_choice":"Healed and dodged fight","damage_taken":0,"max_hp_gain":0,"max_hp_loss":0,"event_name":"Mushrooms","floor":10,"gold_loss":0,"cards_obtained":["Parasite"]}],"is_beta":false,"boss_relics":[],"items_purged_floors":[13],"is_endless":false,"potions_floor_spawned":[7],"killed_by":"Slime Boss","ascension_level":10}