{"gold_per_floor":[114,126,301,376,386,386,421,437,487,507,236,236,265,276,276,379,379,395,409,154,170,370,370,22,22,22,38,38,70,70,83,83,186,186,205,205,205,55,155,155,165,175,227,227,52,70,70,86,86,86],"floor_reached":51,"playtime":2780,"items_purged":["Doubt","Strike_B","Strike_B","Strike_B","Strike_B"],"score":677,"play_id":"a16933b5-7480-44cc-81bb-a4c42106a914","local_time":"20190907162455","is_ascension_mode":false,"campfire_choices":[{"data":"Zap","floor":6,"key":"SMITH"},{"data":"Dualcast","floor":15,"key":"SMITH"},{"data":"Fission","floor":23,"key":"SMITH"},{"data":"Apotheosis","floor":25,"key":"SMITH"},{"data":"BootSequence","floor":32,"key":"SMITH"},{"floor":40,"key":"REST"},{"data":"Echo Form","floor":44,"key":"SMITH"},{"floor":49,"key":"REST"}],"neow_cost":"NONE","seed_source_timestamp":2133154111568005,"circlet_count":0,"master_deck":["Defend_B","Defend_B","Defend_B","Defend_B","Zap+1","Dualcast+1","Leap","Barrage","Coolheaded","Capacitor","Undo","Doom and Gloom","Self Repair","Coolheaded","Fission+1","Redo","Static Discharge","BootSequence+1","White Noise","Apotheosis+1","Echo Form+1","Conserve Battery","Machine Learning","Glacier+1","Chaos","Parasite"],"relics":["Cracked Core","Meat on the Bone","Juzu Bracelet","DataDisk","Centennial Puzzle","Ancient Tea Set","Lizard Tail","Oddly Smooth Stone","Symbiotic Virus","MutagenicStrength","Vajra","Busted Crown","Ice Cream","Art of War"],"potions_floor_usage":[7,16,21,29,29,33,50,50],"damage_taken":[{"damage":1,"enemies":"Jaw Worm","floor":1,"turns":4},{"damage":0,"enemies":"Small Slimes","floor":2,"turns":4},{"damage":1,"enemies":"Cultist","floor":5,"turns":5},{"damage":14,"enemies":"3 Sentries","floor":7,"turns":9},{"damage":0,"enemies":"Looter","floor":8,"turns":5},{"damage":0,"enemies":"Large Slime","floor":10,"turns":6},{"damage":24,"enemies":"Gremlin Nob","floor":13,"turns":4},{"damage":0,"enemies":"Red Slaver","floor":14,"turns":3},{"damage":13,"enemies":"Hexaghost","floor":16,"turns":12},{"damage":5,"enemies":"Spheric Guardian","floor":18,"turns":4},{"damage":4,"enemies":"3 Byrds","floor":19,"turns":5},{"damage":0,"enemies":"Snecko","floor":21,"turns":5},{"damage":8,"enemies":"3 Cultists","floor":27,"turns":5},{"damage":42,"enemies":"Gremlin Leader","floor":29,"turns":6},{"damage":6,"enemies":"Shelled Parasite and Fungi","floor":31,"turns":5},{"damage":14,"enemies":"Champ","floor":33,"turns":8},{"damage":15,"enemies":"Orb Walker","floor":35,"turns":6},{"damage":22,"enemies":"Mind Bloom Boss Battle","floor":39,"turns":6},{"damage":0,"enemies":"3 Shapes","floor":41,"turns":2},{"damage":6,"enemies":"3 Darklings","floor":42,"turns":7},{"damage":0,"enemies":"Writhing Mass","floor":46,"turns":7},{"damage":13,"enemies":"Sphere and 2 Shapes","floor":48,"turns":5},{"damage":9,"enemies":"Awakened One","floor":50,"turns":19}],"seed_played":"-1002158025380173418","potions_obtained":[{"floor":0,"key":"Swift Potion"},{"floor":0,"key":"Ancient Potion"},{"floor":0,"key":"Poison Potion"},{"floor":5,"key":"Regen Potion"},{"floor":13,"key":"Weak Potion"},{"floor":21,"key":"Strength Potion"},{"floor":27,"key":"SkillPotion"},{"floor":29,"key":"Weak Potion"},{"floor":33,"key":"Block Potion"},{"floor":35,"key":"SteroidPotion"}],"is_trial":false,"path_per_floor":["M","M","?","?","M","R","E","M","T","M","$","?","E","M","R","B",null,"M","M","$","M","?","R","$","R","T","M","?","E","?","M","R","B",null,"M","?","$","$","?","R","M","M","T","R","$","M","$","M","R","B",null],"character_chosen":"DEFECT","items_purchased":["Self Repair","DataDisk","Oddly Smooth Stone","White Noise","Apotheosis"],"campfire_rested":2,"item_purchase_floors":[11,11,20,24,24],"current_hp_per_floor":[74,74,74,67,66,66,67,67,67,67,67,60,55,62,62,49,75,70,73,73,75,75,75,75,75,75,67,67,47,47,51,51,59,75,67,67,67,67,52,74,74,75,75,75,75,75,75,69,75,75],"gold":86,"neow_bonus":"THREE_SMALL_POTIONS","is_prod":false,"is_daily":false,"chose_seed":false,"campfire_upgraded":6,"win_rate":0,"timestamp":1567866295,"path_taken":["M","M","?","?","M","R","E","?","T","M","$","?","E","M","R","BOSS","M","M","$","M","?","R","$","R","T","M","?","E","?","M","R","BOSS","M","?","?","$","?","R","M","M","T","R","$","M","$","M","R","BOSS"],"build_version":"2019-07-17","purchased_purges":5,"victory":true,"max_hp_per_floor":[75,75,75,75,75,75,75,75,75,75,75,75,75,75,75,75,75,75,75,75,75,75,75,75,75,75,75,75,75,75,75,75,75,75,75,75,75,75,75,75,75,75,75,75,75,75,75,75,75,75],"card_choices":[{"not_picked":["Stack","Steam"],"picked":"Leap","floor":1},{"not_picked":["Leap","Hologram"],"picked":"Barrage","floor":2},{"not_picked":["Force Field","Reboot"],"picked":"Coolheaded","floor":5},{"not_picked":["Ball Lightning","Turbo"],"picked":"Capacitor","floor":7},{"not_picked":["Heatsinks","Reprogram"],"picked":"Undo","floor":8},{"not_picked":["Scrape","Reprogram"],"picked":"Doom and Gloom","floor":10},{"not_picked":["Steam Power","Lockon"],"picked":"Coolheaded","floor":13},{"not_picked":["Leap","Coolheaded","Barrage"],"picked":"SKIP","floor":14},{"not_picked":["Buffer","Biased Cognition"],"picked":"Fission","floor":16},{"not_picked":["Cold Snap","Streamline+1"],"picked":"Redo","floor":18},{"not_picked":["Streamline","Gash"],"picked":"Static Discharge","floor":19},{"not_picked":["Leap","Barrage+1"],"picked":"BootSequence","floor":21},{"not_picked":["Tempest","Stack+1","Beam Cell"],"picked":"SKIP","floor":27},{"not_picked":["Rip and Tear","Static Discharge"],"picked":"Echo Form","floor":29},{"not_picked":["Hello World","Force Field"],"picked":"Conserve Battery","floor":31},{"not_picked":["Echo Form","Core Surge"],"picked":"Machine Learning","floor":33},{"not_picked":[],"picked":"Glacier+1","floor":35},{"not_picked":[],"picked":"Chaos","floor":41},{"not_picked":["Go for the Eyes+1"],"picked":"SKIP","floor":42},{"not_picked":["Rebound"],"picked":"SKIP","floor":46},{"not_picked":["Melter"],"picked":"SKIP","floor":48}],"player_experience":175216,"relics_obtained":[{"floor":7,"key":"Meat on the Bone"},{"floor":9,"key":"Juzu Bracelet"},{"floor":13,"key":"Ancient Tea Set"},{"floor":26,"key":"Symbiotic Virus"},{"floor":29,"key":"Vajra"},{"floor":39,"key":"Ice Cream"},{"floor":43,"key":"Art of War"}],"event_choices":[{"damage_healed":0,"gold_gain":175,"player_choice":"AGREE","damage_taken":0,"max_hp_gain":0,"max_hp_loss":0,"event_name":"Liars Game","floor":3,"gold_loss":0,"cards_obtained":["Doubt"]},{"damage_healed":0,"gold_gain":75,"player_choice":"Touch","damage_taken":7,"max_hp_gain":0,"max_hp_loss":0,"event_name":"FaceTrader","floor":4,"gold_loss":0},{"damage_healed":0,"gold_gain":0,"player_choice":"Success","damage_taken":7,"relics_obtained":["Centennial Puzzle"],"max_hp_gain":0,"max_hp_loss":0,"event_name":"Scrap Ooze","floor":12,"gold_loss":0},{"damage_healed":0,"gold_gain":250,"player_choice":"Bet on Owner","damage_taken":0,"max_hp_gain":0,"max_hp_loss":0,"event_name":"The Joust","floor":22,"gold_loss":50},{"damage_healed":0,"gold_gain":0,"player_choice":"Inject Mutagens","damage_taken":0,"relics_obtained":["MutagenicStrength"],"max_hp_gain":0,"max_hp_loss":0,"event_name":"Drug Dealer","floor":28,"gold_loss":0},{"damage_healed":0,"gold_gain":0,"player_choice":"Ignored","damage_taken":0,"max_hp_gain":0,"max_hp_loss":0,"event_name":"Vampires","floor":30,"gold_loss":0},{"damage_healed":0,"gold_gain":0,"player_choice":"Bought 0 Potions","damage_taken":0,"max_hp_gain":0,"max_hp_loss":0,"event_name":"The Woman in Blue","floor":36,"gold_loss":0},{"damage_healed":0,"gold_gain":0,"player_choice":"Fight","damage_taken":0,"max_hp_gain":0,"max_hp_loss":0,"event_name":"MindBloom","floor":39,"gold_loss":0}],"is_beta":false,"boss_relics":[{"not_picked":["Sozu","Velvet Choker"],"picked":"Lizard Tail"},{"not_picked":["Philosopher\u0027s Stone","Coffee Dripper"],"picked":"Busted Crown"}],"items_purged_floors":[11,20,24,38,45],"is_endless":false,"potions_floor_spawned":[2,5,13,14,21,27,29,33,35,41,46],"ascension_level":0}