{"gold_per_floor":[109,124,124,148,223,223,267,267,267,300,314,117,137,102,102,228,228,248,98,116,31,31,67,67,83,83,121,137,62,12,12,12,12],"floor_reached":33,"playtime":2549,"items_purged":[],"score":509,"play_id":"5622e211-2ba6-4211-b177-970f41db2cfb","local_time":"20190521190519","is_ascension_mode":true,"campfire_choices":[{"data":"Bash","floor":6,"key":"SMITH"},{"data":"Double Tap","floor":8,"key":"SMITH"},{"data":"Perfected Strike","floor":15,"key":"SMITH"},{"floor":24,"key":"REST"},{"floor":32,"key":"REST"}],"neow_cost":"NONE","seed_source_timestamp":6352593375100,"circlet_count":0,"master_deck":["AscendersBane","Strike_R","Strike_R","Strike_R","Strike_R","Strike_R","Defend_R","Defend_R","Defend_R","Defend_R","Bash+1","Twin Strike","Armaments","Twin Strike","Double Tap+1","Perfected Strike+1","Twin Strike","True Grit","Immolate","Disarm","Iron Wave","Iron Wave","Headbutt","Shrug It Off"],"relics":["Burning Blood","Blood Vial","Golden Idol","Magic Flower","Question Card","Pantograph","Pen Nib","Fusion Hammer","PreservedInsect","Boot","Nilry\u0027s Codex","Bag of Marbles","Oddly Smooth Stone","Darkstone Periapt"],"potions_floor_usage":[7,16,25,33,33],"damage_taken":[{"damage":7,"enemies":"Small Slimes","floor":1,"turns":5},{"damage":3,"enemies":"2 Louse","floor":2,"turns":3},{"damage":1,"enemies":"Cultist","floor":4,"turns":3},{"damage":25,"enemies":"Lagavulin","floor":7,"turns":6},{"damage":37,"enemies":"Gremlin Nob","floor":10,"turns":5},{"damage":0,"enemies":"Exordium Wildlife","floor":11,"turns":3},{"damage":4,"enemies":"3 Louse","floor":13,"turns":3},{"damage":34,"enemies":"The Guardian","floor":16,"turns":7},{"damage":4,"enemies":"Spheric Guardian","floor":18,"turns":3},{"damage":3,"enemies":"3 Byrds","floor":20,"turns":4},{"damage":11,"enemies":"Gremlin Leader","floor":23,"turns":4},{"damage":35,"enemies":"Snecko","floor":25,"turns":5},{"damage":36,"enemies":"Slavers","floor":27,"turns":5},{"damage":0,"enemies":"Chosen and Byrds","floor":28,"turns":3},{"damage":93,"enemies":"Champ","floor":33,"turns":7}],"seed_played":"6304708146144721801","potions_obtained":[{"floor":2,"key":"Fire Potion"},{"floor":10,"key":"Weak Potion"},{"floor":11,"key":"SpeedPotion"},{"floor":13,"key":"Regen Potion"},{"floor":16,"key":"Fire Potion"},{"floor":28,"key":"AttackPotion"}],"is_trial":false,"path_per_floor":["M","M","?","M","?","R","E","R","T","E","M","$","M","?","R","B",null,"M","$","M","?","?","E","R","M","T","E","M","?","$","?","R","B"],"character_chosen":"IRONCLAD","items_purchased":["Twin Strike","Pen Nib","PreservedInsect","Shrug It Off"],"campfire_rested":2,"item_purchase_floors":[12,12,19,30],"current_hp_per_floor":[73,78,58,65,54,54,37,37,37,12,24,24,32,52,52,55,74,80,80,80,80,64,65,80,62,62,38,50,50,50,50,74,0],"gold":12,"neow_bonus":"RANDOM_COMMON_RELIC","is_prod":false,"is_daily":false,"chose_seed":false,"campfire_upgraded":3,"win_rate":0,"timestamp":1558479919,"path_taken":["M","M","?","M","?","R","E","R","T","E","M","$","M","?","R","BOSS","M","$","M","?","?","E","R","M","T","E","M","?","$","?","R","BOSS"],"build_version":"2019-01-23","purchased_purges":0,"victory":false,"max_hp_per_floor":[80,80,80,80,80,80,80,80,80,80,80,80,80,80,80,80,80,80,80,80,80,80,80,80,80,80,80,80,80,80,80,80,80],"card_choices":[{"not_picked":["Flex","Pummel"],"picked":"Twin Strike","floor":1},{"not_picked":["Body Slam","Intimidate"],"picked":"Armaments","floor":2},{"not_picked":["Intimidate","Evolve"],"picked":"Twin Strike","floor":4},{"not_picked":["Warcry","Bloodletting"],"picked":"Double Tap","floor":7},{"not_picked":["Bludgeon","Clothesline","Pommel Strike"],"picked":"Cleave","floor":10},{"not_picked":["Infernal Blade","Sword Boomerang","Intimidate"],"picked":"Perfected Strike","floor":11},{"not_picked":["Entrench","Sever Soul","Clothesline"],"picked":"True Grit","floor":13},{"not_picked":["Demon Form","Offering","Fiend Fire"],"picked":"Immolate","floor":16},{"not_picked":["Heavy Blade","Flex","Wild Strike"],"picked":"Disarm","floor":18},{"not_picked":["Combust","Armaments","Clash"],"picked":"Iron Wave","floor":20},{"not_picked":["Barricade","True Grit","Sword Boomerang","Sever Soul"],"picked":"SKIP","floor":23},{"not_picked":["Barricade","Twin Strike","Carnage"],"picked":"Iron Wave","floor":25},{"not_picked":["Rupture+1","Battle Trance+1","Second Wind+1"],"picked":"Headbutt","floor":27},{"not_picked":["Thunderclap","Twin Strike","Headbutt","Corruption"],"picked":"SKIP","floor":28}],"player_experience":339095,"relics_obtained":[{"floor":7,"key":"Magic Flower"},{"floor":9,"key":"Question Card"},{"floor":10,"key":"Pantograph"},{"floor":22,"key":"Nilry\u0027s Codex"},{"floor":23,"key":"Bag of Marbles"},{"floor":26,"key":"Oddly Smooth Stone"},{"floor":27,"key":"Darkstone Periapt"}],"event_choices":[{"damage_healed":0,"gold_gain":0,"player_choice":"Take Damage","damage_taken":20,"relics_obtained":["Golden Idol"],"max_hp_gain":0,"max_hp_loss":0,"event_name":"Golden Idol","floor":3,"gold_loss":0},{"damage_healed":0,"gold_gain":75,"player_choice":"Gather Gold","damage_taken":11,"max_hp_gain":0,"max_hp_loss":0,"event_name":"World of Goop","floor":5,"gold_loss":0},{"damage_healed":20,"gold_gain":0,"player_choice":"Healed","damage_taken":0,"max_hp_gain":0,"max_hp_loss":0,"event_name":"The Cleric","floor":14,"gold_loss":35},{"damage_healed":0,"gold_gain":0,"player_choice":"Obtained Relic","damage_taken":0,"relics_obtained":["Boot"],"max_hp_gain":0,"max_hp_loss":0,"event_name":"Addict","floor":21,"gold_loss":85},{"damage_healed":0,"gold_gain":0,"player_choice":"Obtained Book","damage_taken":16,"max_hp_gain":0,"max_hp_loss":0,"event_name":"Cursed Tome","floor":22,"gold_loss":0},{"cards_removed":["Cleave"],"damage_healed":0,"gold_gain":0,"player_choice":"Gave Gold","damage_taken":0,"max_hp_gain":0,"max_hp_loss":0,"event_name":"Beggar","floor":29,"gold_loss":75},{"damage_healed":0,"gold_gain":0,"player_choice":"Ignored","damage_taken":0,"max_hp_gain":0,"max_hp_loss":0,"event_name":"Ghosts","floor":31,"gold_loss":0}],"is_beta":false,"boss_relics":[{"not_picked":["Ectoplasm","White Beast Statue"],"picked":"Fusion Hammer"}],"items_purged_floors":[],"is_endless":false,"potions_floor_spawned":[2,10,11,13,16,18,20,28],"killed_by":"Champ","ascension_level":12}