{"gold_per_floor":[118,118,118,28,44,44,77,93,93,93,93,268,291,307,307,433,433,446,446,458],"floor_reached":20,"playtime":792,"items_purged":[],"score":258,"play_id":"7507772a-f589-4a02-afd1-1f4f2a891c05","local_time":"20190906141241","is_ascension_mode":true,"campfire_choices":[{"floor":6,"key":"REST"},{"floor":10,"key":"REST"},{"floor":15,"key":"REST"}],"neow_cost":"NONE","seed_source_timestamp":1754635246446800,"circlet_count":0,"master_deck":["AscendersBane","Strike_B","Strike_B","Strike_B","Defend_B","Defend_B","Defend_B","Defend_B","Zap","Dualcast","Dramatic Entrance","Go for the Eyes","Coolheaded","Loop","Static Discharge","Loop","Gash","Doubt","Conserve Battery","Echo Form","Darkness","Shame"],"relics":["Cracked Core","Golden Idol","Question Card","The Courier","Darkstone Periapt","White Beast Statue","MawBank"],"potions_floor_usage":[16,16],"damage_taken":[{"damage":0,"enemies":"Small Slimes","floor":1,"turns":2},{"damage":7,"enemies":"Jaw Worm","floor":5,"turns":3},{"damage":27,"enemies":"Lagavulin","floor":7,"turns":8},{"damage":8,"enemies":"2 Louse","floor":8,"turns":2},{"damage":7,"enemies":"2 Fungi Beasts","floor":13,"turns":5},{"damage":26,"enemies":"Exordium Wildlife","floor":14,"turns":5},{"damage":18,"enemies":"The Guardian","floor":16,"turns":14},{"damage":53,"enemies":"3 Byrds","floor":18,"turns":6},{"damage":24,"enemies":"Shell Parasite","floor":20,"turns":2}],"seed_played":"4527954089964064121","potions_obtained":[{"floor":1,"key":"SpeedPotion"},{"floor":5,"key":"Fire Potion"},{"floor":14,"key":"FearPotion"},{"floor":16,"key":"FearPotion"},{"floor":18,"key":"FearPotion"}],"is_trial":false,"path_per_floor":["M","?","?","$","M","R","E","M","T","R","T","?","M","M","R","B",null,"M","?","M"],"character_chosen":"DEFECT","items_purchased":["Coolheaded","Loop"],"campfire_rested":3,"item_purchase_floors":[4,4],"current_hp_per_floor":[68,61,43,43,36,58,31,23,23,45,45,51,44,18,42,24,67,14,20,0],"gold":458,"neow_bonus":"RANDOM_COLORLESS","is_prod":false,"is_daily":false,"chose_seed":false,"campfire_upgraded":0,"win_rate":0,"timestamp":1567804361,"path_taken":["M","?","?","$","M","R","E","M","T","R","?","?","M","?","R","BOSS","M","?","M"],"build_version":"2019-07-17","purchased_purges":0,"victory":false,"max_hp_per_floor":[75,75,75,75,75,75,75,75,75,75,75,81,81,81,81,81,81,81,87,87],"card_choices":[{"not_picked":["Recycle","Ball Lightning"],"picked":"Go for the Eyes","floor":1},{"not_picked":["Skim","Leap"],"picked":"Static Discharge","floor":5},{"not_picked":["Rebound","White Noise"],"picked":"Loop","floor":7},{"not_picked":["Hologram","Go for the Eyes","Sweeping Beam"],"picked":"Gash","floor":8},{"not_picked":["Hello World","Sweeping Beam","Rip and Tear","Hologram"],"picked":"SKIP","floor":13},{"not_picked":["Capacitor","Go for the Eyes","Chill"],"picked":"Conserve Battery","floor":14},{"not_picked":["Core Surge","Seek","Reboot"],"picked":"Echo Form","floor":16},{"not_picked":["Go for the Eyes","Compile Driver","Conserve Battery"],"picked":"Darkness","floor":18}],"player_experience":269481,"relics_obtained":[{"floor":7,"key":"Question Card"},{"floor":9,"key":"The Courier"},{"floor":11,"key":"Darkstone Periapt"}],"event_choices":[{"cards_removed":["Strike_B"],"damage_healed":0,"gold_gain":0,"player_choice":"Card Removal","damage_taken":7,"max_hp_gain":0,"max_hp_loss":0,"event_name":"Golden Wing","floor":2,"gold_loss":0},{"damage_healed":0,"gold_gain":0,"player_choice":"Take Damage","damage_taken":18,"relics_obtained":["Golden Idol"],"max_hp_gain":0,"max_hp_loss":0,"event_name":"Golden Idol","floor":3,"gold_loss":0},{"damage_healed":0,"gold_gain":175,"player_choice":"AGREE","damage_taken":0,"max_hp_gain":0,"max_hp_loss":0,"event_name":"Liars Game","floor":12,"gold_loss":0,"cards_obtained":["Doubt"]},{"damage_healed":0,"gold_gain":0,"player_choice":"Stole Relic","damage_taken":0,"relics_obtained":["MawBank"],"max_hp_gain":0,"max_hp_loss":0,"event_name":"Addict","floor":19,"gold_loss":0,"cards_obtained":["Shame"]}],"is_beta":false,"boss_relics":[{"not_picked":["Runic Pyramid","Runic Dome"],"picked":"White Beast Statue"}],"items_purged_floors":[],"is_endless":false,"potions_floor_spawned":[1,5,14,16,18],"killed_by":"Shell Parasite","ascension_level":10}