{"gold_per_floor":[115,115,126,51,62,62,92,92,92,104,132,132,197,224,236,346,358,389,41,41,41,55,55,55],"floor_reached":24,"playtime":892,"items_purged":["Strike_R","Strike_R"],"score":296,"play_id":"aef6c0c3-56a0-415c-8e50-3f8929e47e08","local_time":"20190429012343","is_ascension_mode":true,"campfire_choices":[{"data":"Double Tap","floor":6,"key":"SMITH"},{"data":"Heavy Blade","floor":8,"key":"SMITH"},{"floor":15,"key":"REST"},{"data":"True Grit","floor":23,"key":"SMITH"}],"neow_cost":"NONE","seed_source_timestamp":2820595726500,"circlet_count":0,"master_deck":["Strike_R","Strike_R","Strike_R","Defend_R","Defend_R","Defend_R","Defend_R","Bash+1","Double Tap+1","Battle Trance","Pummel","Spot Weakness","Heavy Blade+1","Pummel","Ghostly Armor","True Grit+1","Dropkick","Bash","Twin Strike"],"relics":["Burning Blood","Bird Faced Urn","Letter Opener","Matryoshka","MawBank","Ornamental Fan","Ancient Tea Set","Philosopher\u0027s Stone","Bag of Marbles"],"potions_floor_usage":[7,10,16],"damage_taken":[{"damage":7,"enemies":"Jaw Worm","floor":1,"turns":3},{"damage":15,"enemies":"Small Slimes","floor":3,"turns":3},{"damage":1,"enemies":"Cultist","floor":5,"turns":3},{"damage":20,"enemies":"Lagavulin","floor":7,"turns":3},{"damage":10,"enemies":"Exordium Wildlife","floor":10,"turns":3},{"damage":23,"enemies":"Gremlin Nob","floor":11,"turns":4},{"damage":9,"enemies":"3 Louse","floor":14,"turns":3},{"damage":52,"enemies":"Hexaghost","floor":16,"turns":8},{"damage":10,"enemies":"Chosen","floor":18,"turns":3},{"damage":7,"enemies":"Spheric Guardian","floor":22,"turns":3},{"damage":58,"enemies":"Gremlin Leader","floor":24,"turns":7}],"seed_played":"6073972865641886995","potions_obtained":[{"floor":1,"key":"Regen Potion"},{"floor":5,"key":"LiquidBronze"},{"floor":7,"key":"SteroidPotion"}],"is_trial":false,"path_per_floor":["M","?","M","$","M","R","E","R","T","M","E","?","T","M","R","B",null,"M","$","?","$","M","R","E"],"character_chosen":"IRONCLAD","items_purchased":["True Grit","Bag of Marbles","Dropkick"],"campfire_rested":1,"item_purchase_floors":[19,19,19],"current_hp_per_floor":[71,71,62,62,67,67,62,62,62,58,41,38,38,35,59,13,63,59,59,59,59,58,58,0],"gold":55,"neow_bonus":"ONE_RANDOM_RARE_CARD","is_prod":false,"is_daily":false,"chose_seed":false,"campfire_upgraded":3,"win_rate":0,"timestamp":1556515423,"path_taken":["M","?","M","$","M","R","E","R","T","M","E","?","?","?","R","BOSS","M","$","?","$","?","R","E"],"build_version":"2019-01-23","purchased_purges":2,"victory":false,"max_hp_per_floor":[80,80,80,80,80,80,80,80,80,80,80,80,80,80,80,80,80,80,80,80,80,80,80,80],"card_choices":[{"not_picked":["Hemokinesis","Entrench"],"picked":"Battle Trance","floor":1},{"not_picked":["Armaments","Warcry"],"picked":"Pummel","floor":3},{"not_picked":["Feel No Pain","Armaments"],"picked":"Spot Weakness","floor":5},{"not_picked":["Armaments","Pommel Strike"],"picked":"Heavy Blade","floor":7},{"not_picked":["Infernal Blade","Pommel Strike","Thunderclap"],"picked":"SKIP","floor":10},{"not_picked":["Pommel Strike","Burning Pact"],"picked":"Pummel","floor":11},{"not_picked":["Anger","Perfected Strike"],"picked":"Ghostly Armor","floor":14},{"not_picked":["Wild Strike","True Grit","Clash+1"],"picked":"SKIP","floor":18},{"not_picked":["Searing Blow","Sword Boomerang"],"picked":"Twin Strike","floor":22}],"player_experience":151788,"relics_obtained":[{"floor":7,"key":"Bird Faced Urn"},{"floor":9,"key":"Letter Opener"},{"floor":11,"key":"Matryoshka"},{"floor":13,"key":"Ornamental Fan"},{"floor":13,"key":"Ancient Tea Set"}],"event_choices":[{"damage_healed":0,"gold_gain":0,"player_choice":"Grow","damage_taken":0,"max_hp_gain":0,"max_hp_loss":0,"event_name":"Living Wall","floor":2,"gold_loss":0,"cards_upgraded":["Bash"]},{"damage_healed":0,"gold_gain":0,"player_choice":"Success","damage_taken":3,"relics_obtained":["MawBank"],"max_hp_gain":0,"max_hp_loss":0,"event_name":"Scrap Ooze","floor":12,"gold_loss":0},{"damage_healed":0,"gold_gain":0,"player_choice":"1 cards matched","damage_taken":0,"max_hp_gain":0,"max_hp_loss":0,"event_name":"Match and Keep!","floor":20,"gold_loss":0,"cards_obtained":["Bash"]}],"is_beta":false,"boss_relics":[{"not_picked":["Tiny House","Orrery"],"picked":"Philosopher\u0027s Stone"}],"items_purged_floors":[4,19],"is_endless":false,"potions_floor_spawned":[1,5,7],"killed_by":"Gremlin Leader","ascension_level":9}