{"gold_per_floor":[109,59,59,69,121,121,137,164,188,216,216,233,233,233,233,310,310,321,98,110,120,66,66],"floor_reached":23,"playtime":646,"items_purged":["Strike_R"],"score":338,"play_id":"1f2b7760-78b8-4813-a1cc-198cf0be5d36","local_time":"20190529202654","is_ascension_mode":true,"campfire_choices":[{"data":"Twin Strike","floor":6,"key":"SMITH"},{"data":"Spot Weakness","floor":11,"key":"SMITH"},{"data":"Carnage","floor":13,"key":"SMITH"},{"data":"Shrug It Off","floor":15,"key":"SMITH"}],"neow_cost":"NONE","seed_source_timestamp":12774204368700,"circlet_count":0,"master_deck":["AscendersBane","Strike_R+1","Strike_R+1","Defend_R","Defend_R","Defend_R","Defend_R","Bash+1","Disarm+1","Shrug It Off+1","Twin Strike+1","Anger","Shrug It Off","Spot Weakness+1","Carnage+1","Limit Break","Headbutt+1","Inflame","Cleave","Sword Boomerang"],"relics":["Burning Blood","Whetstone","PreservedInsect","Art of War","Bottled Lightning","Cursed Key","Bag of Preparation"],"potions_floor_usage":[8,20,23,23],"damage_taken":[{"damage":10,"enemies":"Jaw Worm","floor":1,"turns":6},{"damage":5,"enemies":"2 Louse","floor":4,"turns":3},{"damage":0,"enemies":"Cultist","floor":7,"turns":3},{"damage":12,"enemies":"Lagavulin","floor":8,"turns":5},{"damage":10,"enemies":"Gremlin Nob","floor":10,"turns":3},{"damage":25,"enemies":"Lots of Slimes","floor":12,"turns":7},{"damage":5,"enemies":"Hexaghost","floor":16,"turns":9},{"damage":8,"enemies":"Shell Parasite","floor":18,"turns":5},{"damage":1,"enemies":"Spheric Guardian","floor":20,"turns":3},{"damage":18,"enemies":"Centurion and Healer","floor":21,"turns":5},{"damage":56,"enemies":"Gremlin Leader","floor":23,"turns":4}],"seed_played":"-4276990985630314319","potions_obtained":[{"floor":7,"key":"Block Potion"},{"floor":10,"key":"Weak Potion"},{"floor":12,"key":"Fire Potion"},{"floor":20,"key":"Poison Potion"}],"is_trial":false,"path_per_floor":["M","?","?","M","T","R","M","E","T","E","R","M","R","?","R","B",null,"M","$","M","M","$","E"],"character_chosen":"IRONCLAD","items_purchased":["Bag of Preparation","Sword Boomerang"],"campfire_rested":0,"item_purchase_floors":[19,22],"current_hp_per_floor":[64,64,49,50,50,50,56,50,50,46,46,27,27,27,27,28,63,61,61,66,54,54,0],"gold":66,"neow_bonus":"THREE_CARDS","is_prod":false,"is_daily":false,"chose_seed":false,"campfire_upgraded":4,"win_rate":0,"timestamp":1559176014,"path_taken":["M","?","?","M","?","R","M","E","T","E","R","?","R","?","R","BOSS","M","?","M","?","$","E"],"build_version":"2019-01-23","purchased_purges":1,"victory":false,"max_hp_per_floor":[75,75,75,75,75,75,75,75,75,75,75,75,75,75,75,75,75,75,75,75,75,75,75],"card_choices":[{"not_picked":["Armaments","Sever Soul"],"picked":"Disarm","floor":0},{"not_picked":["Clash","Headbutt"],"picked":"Shrug It Off","floor":1},{"not_picked":["Sever Soul","True Grit"],"picked":"Twin Strike","floor":4},{"not_picked":["Thunderclap","Clash"],"picked":"Anger","floor":7},{"not_picked":["Warcry","Perfected Strike"],"picked":"Shrug It Off","floor":8},{"not_picked":["Sever Soul","Body Slam"],"picked":"Spot Weakness","floor":10},{"not_picked":["Heavy Blade","Perfected Strike"],"picked":"Carnage","floor":12},{"not_picked":["Offering","Fiend Fire"],"picked":"Limit Break","floor":16},{"not_picked":["Pummel","Power Through"],"picked":"Headbutt+1","floor":18},{"not_picked":["Sever Soul","Headbutt"],"picked":"Inflame","floor":20},{"not_picked":["Anger+1","Perfected Strike"],"picked":"Cleave","floor":21}],"player_experience":357486,"relics_obtained":[{"floor":5,"key":"Whetstone"},{"floor":8,"key":"PreservedInsect"},{"floor":9,"key":"Art of War"},{"floor":10,"key":"Bottled Lightning"}],"event_choices":[{"cards_removed":["Strike_R"],"damage_healed":0,"gold_gain":0,"player_choice":"Card Removal","damage_taken":0,"max_hp_gain":0,"max_hp_loss":0,"event_name":"The Cleric","floor":2,"gold_loss":50},{"damage_healed":0,"gold_gain":0,"player_choice":"Entered Light","damage_taken":15,"max_hp_gain":0,"max_hp_loss":0,"event_name":"Shining Light","floor":3,"gold_loss":0,"cards_upgraded":["Strike_R","Disarm"]},{"cards_removed":["Strike_R"],"damage_healed":0,"gold_gain":0,"player_choice":"Offered Basic","damage_taken":0,"max_hp_gain":0,"max_hp_loss":0,"event_name":"Bonfire Elementals","floor":14,"gold_loss":0}],"is_beta":false,"boss_relics":[{"not_picked":["Pandora\u0027s Box","Black Blood"],"picked":"Cursed Key"}],"items_purged_floors":[19],"is_endless":false,"potions_floor_spawned":[7,10,12,16,18,20,21],"killed_by":"Gremlin Leader","ascension_level":14}