{"gold_per_floor":[13,23,23,23,40,40,65,65,65,65,100,110,110,136,136,212,212,224,224,20,36,50,65,65,65],"floor_reached":25,"playtime":665,"items_purged":[],"score":503,"play_id":"cc7dc12a-66e1-40a9-ac8f-c80e31646f9b","local_time":"20190607171724","is_ascension_mode":true,"campfire_choices":[{"data":"Bash","floor":6,"key":"SMITH"},{"data":"Trip","floor":10,"key":"SMITH"},{"data":"Whirlwind","floor":13,"key":"SMITH"},{"data":"Bludgeon","floor":15,"key":"SMITH"},{"floor":24,"key":"REST"}],"neow_cost":"NO_GOLD","seed_source_timestamp":1704279327000,"circlet_count":0,"master_deck":["AscendersBane","Strike_R","Strike_R","Strike_R","Defend_R","Defend_R","Defend_R","Defend_R","Bash+1","Bludgeon+1","Cleave","Seeing Red","Juggernaut","Trip+1","Headbutt","Whirlwind+1","Rampage","Armaments","Shrug It Off","Twin Strike","Shrug It Off","Clothesline","Iron Wave"],"relics":["Burning Blood","Paper Frog","Bottled Lightning","Calipers","Frozen Egg 2","Smiling Mask","Empty Cage","Membership Card"],"potions_floor_usage":[7,14,16,23],"damage_taken":[{"damage":4,"enemies":"Small Slimes","floor":1,"turns":3},{"damage":6,"enemies":"Cultist","floor":2,"turns":3},{"damage":1,"enemies":"2 Louse","floor":5,"turns":2},{"damage":12,"enemies":"Lagavulin","floor":7,"turns":3},{"damage":0,"enemies":"Gremlin Nob","floor":11,"turns":2},{"damage":0,"enemies":"Lots of Slimes","floor":12,"turns":1},{"damage":27,"enemies":"Lagavulin","floor":14,"turns":6},{"damage":0,"enemies":"Slime Boss","floor":16,"turns":6},{"damage":11,"enemies":"Spheric Guardian","floor":18,"turns":3},{"damage":31,"enemies":"Shell Parasite","floor":21,"turns":8},{"damage":15,"enemies":"Snecko","floor":22,"turns":4},{"damage":9,"enemies":"Centurion and Healer","floor":23,"turns":2},{"damage":45,"enemies":"Book of Stabbing","floor":25,"turns":3}],"seed_played":"3349353240851537157","potions_obtained":[{"floor":1,"key":"SkillPotion"},{"floor":8,"key":"Strength Potion"},{"floor":8,"key":"SkillPotion"},{"floor":22,"key":"Fire Potion"}],"is_trial":false,"path_per_floor":["M","M","?","?","M","R","E","?","T","R","E","M","R","E","R","B",null,"M","?","$","M","M","M","R","E"],"character_chosen":"IRONCLAD","items_purchased":["Membership Card"],"campfire_rested":1,"item_purchase_floors":[20],"current_hp_per_floor":[70,70,45,45,50,50,44,44,44,44,50,56,56,35,35,41,67,62,48,48,23,14,11,35,0],"gold":65,"neow_bonus":"THREE_RARE_CARDS","is_prod":false,"is_daily":false,"chose_seed":false,"campfire_upgraded":4,"win_rate":0,"timestamp":1559942244,"path_taken":["M","M","?","?","?","R","E","?","T","R","E","?","R","E","R","BOSS","M","?","$","M","M","M","R","E"],"build_version":"2019-01-23","purchased_purges":0,"victory":false,"max_hp_per_floor":[75,75,75,75,75,75,75,75,75,75,75,75,75,75,75,75,75,75,80,80,80,80,80,80,80],"card_choices":[{"not_picked":["Dark Embrace","Limit Break"],"picked":"Bludgeon","floor":0},{"not_picked":["Shockwave","Wild Strike","Anger"],"picked":"SKIP","floor":1},{"not_picked":["Armaments","Anger"],"picked":"Cleave","floor":2},{"not_picked":["Corruption","Heavy Blade"],"picked":"Headbutt","floor":5},{"not_picked":["Body Slam","Barricade"],"picked":"Whirlwind","floor":7},{"not_picked":["Pommel Strike","Shrug It Off"],"picked":"Rampage","floor":11},{"not_picked":["Twin Strike","Burning Pact"],"picked":"Armaments","floor":12},{"not_picked":["Spot Weakness","Clothesline"],"picked":"Shrug It Off","floor":14},{"not_picked":["Clothesline","Intimidate"],"picked":"Twin Strike","floor":18},{"not_picked":["Clothesline","Cleave"],"picked":"Shrug It Off","floor":21},{"not_picked":["Clash","Wild Strike"],"picked":"Clothesline","floor":22},{"not_picked":["Shrug It Off","Armaments"],"picked":"Iron Wave","floor":23}],"player_experience":382319,"relics_obtained":[{"floor":7,"key":"Bottled Lightning"},{"floor":9,"key":"Calipers"},{"floor":11,"key":"Frozen Egg 2"},{"floor":14,"key":"Smiling Mask"}],"event_choices":[{"damage_healed":0,"gold_gain":0,"player_choice":"Success","damage_taken":25,"relics_obtained":["Paper Frog"],"max_hp_gain":0,"max_hp_loss":0,"event_name":"Scrap Ooze","floor":3,"gold_loss":0},{"damage_healed":0,"gold_gain":0,"player_choice":"3 cards matched","damage_taken":0,"max_hp_gain":0,"max_hp_loss":0,"event_name":"Match and Keep!","floor":4,"gold_loss":0,"cards_obtained":["Seeing Red","Juggernaut","Trip"]},{"damage_healed":0,"gold_gain":0,"player_choice":"Got Potions","damage_taken":0,"max_hp_gain":0,"max_hp_loss":0,"event_name":"Lab","floor":8,"gold_loss":0},{"damage_healed":0,"gold_gain":0,"player_choice":"Shed Blood","damage_taken":19,"max_hp_gain":5,"max_hp_loss":0,"event_name":"Forgotten Altar","floor":19,"gold_loss":0}],"is_beta":false,"boss_relics":[{"not_picked":["Philosopher\u0027s Stone","Runic Cube"],"picked":"Empty Cage"}],"items_purged_floors":[],"is_endless":false,"potions_floor_spawned":[1,12,22],"killed_by":"Book of Stabbing","ascension_level":14}