{"gold_per_floor":[114,28,47,62,62,62,80,106,159,219,369,369,29,29,29,103,103,115,115,127,127,28,28,28,56,56,76,76,90,120,20,20,96,96,115,164,177,193,193,193,210,220,220,220,230,243,256,272,272,272],"floor_reached":50,"playtime":1323,"items_purged":["Regret","Regret"],"score":905,"play_id":"795e1e5f-eaa9-4e1e-af7f-f390f7892f1f","local_time":"20190701185531","is_ascension_mode":true,"campfire_choices":[{"data":"Inflame","floor":6.0,"key":"SMITH"},{"data":"Inflame","floor":15.0,"key":"SMITH"},{"data":"Armaments","floor":23.0,"key":"SMITH"},{"data":"Flame Barrier","floor":28,"key":"SMITH"},{"data":"Whirlwind","floor":32,"key":"SMITH"},{"data":"Immolate","floor":40,"key":"SMITH"},{"data":"Pummel","floor":44,"key":"SMITH"},{"floor":49,"key":"REST"}],"neow_cost":"NONE","seed_source_timestamp":0,"circlet_count":0,"master_deck":["AscendersBane","Strike_R","Strike_R","Strike_R","Strike_R","Strike_R","Defend_R","Defend_R","Defend_R","Defend_R","Bash+1","Whirlwind+1","Inflame+1","Sword Boomerang","Disarm","Battle Trance","Reaper","Inflame+1","Shrug It Off","Limit Break+1","Pummel+1","Armaments+1","Flame Barrier+1","Shrug It Off","Immolate+1","Inflame+1","Heavy Blade+1","Shrug It Off+1","True Grit","Feed"],"special_seed":0,"relics":["Black Blood","NeowsBlessing","Anchor","Tiny Chest","Ancient Tea Set","Bottled Flame","Kunai","Cursed Key","Frozen Egg 2","MutagenicStrength","Blood Vial","Orichalcum","Red Mask","Peace Pipe"],"potions_floor_usage":[33,36,42,48,50],"damage_taken":[{"damage":0.0,"enemies":"Cultist","floor":1.0,"turns":1.0},{"damage":0.0,"enemies":"Small Slimes","floor":3.0,"turns":1.0},{"damage":0.0,"enemies":"2 Louse","floor":4.0,"turns":1.0},{"damage":21.0,"enemies":"Exordium Thugs","floor":7.0,"turns":4.0},{"damage":30.0,"enemies":"3 Sentries","floor":8.0,"turns":8.0},{"damage":25.0,"enemies":"3 Sentries","floor":10.0,"turns":5.0},{"damage":23.0,"enemies":"The Guardian","floor":16.0,"turns":10.0},{"damage":14.0,"enemies":"Shell Parasite","floor":18.0,"turns":3.0},{"damage":24.0,"enemies":"2 Thieves","floor":20.0,"turns":3.0},{"damage":5.0,"enemies":"Gremlin Leader","floor":25.0,"turns":4.0},{"damage":15,"enemies":"Snecko","floor":27,"turns":3},{"damage":4,"enemies":"Centurion and Healer","floor":29,"turns":2},{"damage":2,"enemies":"Masked Bandits","floor":30,"turns":2},{"damage":49,"enemies":"Collector","floor":33,"turns":8},{"damage":0,"enemies":"3 Darklings","floor":35,"turns":2},{"damage":85,"enemies":"2 Orb Walkers","floor":36,"turns":5},{"damage":19,"enemies":"Orb Walker","floor":37,"turns":5},{"damage":0,"enemies":"Transient","floor":38,"turns":6},{"damage":0,"enemies":"Sphere and 2 Shapes","floor":41,"turns":1},{"damage":20,"enemies":"4 Shapes","floor":42,"turns":4},{"damage":23,"enemies":"Maw","floor":45,"turns":6},{"damage":0,"enemies":"Sphere and 2 Shapes","floor":46,"turns":3},{"damage":50,"enemies":"Transient","floor":47,"turns":6},{"damage":35,"enemies":"3 Darklings","floor":48,"turns":4},{"damage":74,"enemies":"Time Eater","floor":50,"turns":6}],"seed_played":"703196353563890904","potions_obtained":[{"floor":1.0,"key":"Strength Potion"},{"floor":3.0,"key":"SteroidPotion"},{"floor":18.0,"key":"AttackPotion"},{"floor":25,"key":"Swift Potion"},{"floor":29,"key":"EssenceOfSteel"},{"floor":33,"key":"AttackPotion"},{"floor":38,"key":"SteroidPotion"},{"floor":41,"key":"Fire Potion"},{"floor":42,"key":"Fire Potion"},{"floor":48,"key":"SkillPotion"}],"is_trial":false,"path_per_floor":["M","$","M","M","?","R","M","E","T","?","?","T","$","?","R","B",null,"M","T","M","?","$","R","?","E","T","M","R","M","?","$","R","B",null,"M","?","M","M","?","R","M","M","T","R","M","M","M","M","R","B"],"character_chosen":"IRONCLAD","items_purchased":["Inflame","Shrug It Off","Kunai","Armaments"],"campfire_rested":1,"item_purchase_floors":[2,13,13,22],"current_hp_per_floor":[74,74,75,75,75,75,60,36,36,38,38,38,38,38,38,33,65,75,75,57,57,57,57,36,37,37,30,30,34,40,40,40,31,68,80,20,23,50,50,50,62,80,80,80,80,80,49,47,71,0],"gold":272,"neow_bonus":"THREE_ENEMY_KILL","is_prod":false,"is_daily":false,"chose_seed":false,"campfire_upgraded":7,"win_rate":0,"timestamp":1562021731,"path_taken":["M","?","M","M","?","R","M","E","T","?","?","?","$","?","R","BOSS","M","?","?","?","$","R","?","E","T","M","R","M","?","$","R","BOSS","M","?","M","M","?","R","M","M","T","R","M","M","?","M","R","BOSS"],"build_version":"2019-07-01","purchased_purges":2,"victory":false,"max_hp_per_floor":[75,75,75,75,75,75,75,75,75,75,75,75,75,75,75,75,75,75,75,75,75,75,75,80,80,80,80,80,80,80,80,80,80,80,80,80,80,80,80,80,80,80,80,80,80,80,80,80,80,80],"card_choices":[{"not_picked":["Perfected Strike","Anger"],"picked":"Whirlwind","floor":1.0},{"not_picked":["Shockwave","Headbutt"],"picked":"Sword Boomerang","floor":3.0},{"not_picked":["Clash","Sentinel"],"picked":"Disarm","floor":4.0},{"not_picked":["Body Slam","Seeing Red"],"picked":"Battle Trance","floor":7.0},{"not_picked":["Sword Boomerang","Sever Soul"],"picked":"Reaper","floor":8.0},{"not_picked":["Whirlwind","Anger"],"picked":"Inflame","floor":10.0},{"not_picked":["Double Tap","Brutality"],"picked":"Limit Break","floor":16.0},{"not_picked":["Pommel Strike","Flex"],"picked":"Pummel","floor":18.0},{"not_picked":["Body Slam","Burning Pact","Headbutt"],"picked":"SKIP","floor":20.0},{"not_picked":["Headbutt","Shockwave","Clash"],"picked":"SKIP","floor":25},{"not_picked":["True Grit+1","Havoc"],"picked":"Flame Barrier","floor":27},{"not_picked":["Body Slam","Clothesline"],"picked":"Shrug It Off","floor":29},{"not_picked":["Dark Embrace+1","Bludgeon"],"picked":"Immolate","floor":33},{"not_picked":["Twin Strike","Sentinel"],"picked":"Inflame+1","floor":35},{"not_picked":["Rupture+1","Thunderclap+1"],"picked":"Heavy Blade+1","floor":36},{"not_picked":["Bloodletting","Twin Strike+1"],"picked":"Shrug It Off+1","floor":37},{"not_picked":["Sentinel","Anger+1","Disarm"],"picked":"SKIP","floor":38},{"not_picked":["Armaments","Wild Strike"],"picked":"True Grit","floor":41},{"not_picked":["Perfected Strike","Shrug It Off","Body Slam"],"picked":"SKIP","floor":42},{"not_picked":["Twin Strike","Wild Strike","Thunderclap+1"],"picked":"SKIP","floor":45},{"not_picked":["Thunderclap","Shrug It Off","Blood for Blood"],"picked":"SKIP","floor":46},{"not_picked":["Ghostly Armor","Wild Strike+1","Anger+1"],"picked":"SKIP","floor":47},{"not_picked":["Perfected Strike","True Grit"],"picked":"Feed","floor":48}],"player_experience":415055,"relics_obtained":[{"floor":8.0,"key":"Anchor"},{"floor":9.0,"key":"Tiny Chest"},{"floor":10.0,"key":"Ancient Tea Set"},{"floor":12.0,"key":"Bottled Flame"},{"floor":19.0,"key":"Frozen Egg 2"},{"floor":25,"key":"Blood Vial"},{"floor":26,"key":"Orichalcum"},{"floor":30,"key":"Red Mask"},{"floor":36,"key":"Peace Pipe"}],"event_choices":[{"damage_healed":0.0,"max_hp_gain":0.0,"max_hp_loss":0.0,"gold_gain":0.0,"event_name":"Living Wall","player_choice":"Grow","floor":5.0,"gold_loss":0.0,"damage_taken":0.0,"cards_upgraded":["Bash"]},{"damage_healed":0.0,"max_hp_gain":0.0,"max_hp_loss":0.0,"gold_gain":0.0,"event_name":"Dead Adventurer","player_choice":"Searched \u00271\u0027 times","floor":10.0,"gold_loss":0.0,"damage_taken":0.0},{"damage_healed":0.0,"max_hp_gain":0.0,"max_hp_loss":0.0,"gold_gain":150.0,"event_name":"Liars Game","player_choice":"AGREE","floor":11.0,"gold_loss":0.0,"damage_taken":0.0,"cards_obtained":["Doubt"]},{"cards_removed":["Doubt"],"damage_healed":0.0,"max_hp_gain":0.0,"max_hp_loss":0.0,"gold_gain":0.0,"event_name":"Purifier","player_choice":"Purged","floor":14.0,"gold_loss":0.0,"damage_taken":0.0},{"damage_healed":0.0,"max_hp_gain":0.0,"max_hp_loss":0.0,"gold_gain":0.0,"event_name":"Drug Dealer","player_choice":"Inject Mutagens","floor":21.0,"gold_loss":0.0,"damage_taken":0.0,"relics_obtained":["MutagenicStrength"]},{"damage_healed":0.0,"max_hp_gain":5.0,"max_hp_loss":0.0,"gold_gain":0.0,"event_name":"Forgotten Altar","player_choice":"Shed Blood","floor":24.0,"gold_loss":0.0,"damage_taken":26.0},{"damage_healed":0,"gold_gain":0,"player_choice":"Fought Bandits","damage_taken":0,"max_hp_gain":0,"max_hp_loss":0,"event_name":"Masked Bandits","floor":30,"gold_loss":0},{"damage_healed":0,"gold_gain":0,"player_choice":"Fight","damage_taken":0,"max_hp_gain":0,"max_hp_loss":0,"event_name":"Mysterious Sphere","floor":36,"gold_loss":0},{"damage_healed":0,"gold_gain":0,"player_choice":"Upgraded","damage_taken":0,"max_hp_gain":0,"max_hp_loss":0,"event_name":"Upgrade Shrine","floor":39,"gold_loss":0,"cards_upgraded":["Limit Break"]}],"is_beta":false,"boss_relics":[{"not_picked":["Fusion Hammer","Runic Pyramid"],"picked":"Cursed Key"},{"not_picked":["Empty Cage","Busted Crown"],"picked":"Black Blood"}],"items_purged_floors":[22,31],"is_endless":false,"potions_floor_spawned":[1,3,4,18,25,29,33,38,41,42,45,48],"killed_by":"Time Eater","ascension_level":17}