{"gold_per_floor":[113,113,133,133,144,144,174,193,193,225,225,190,223,233,233,305,355,366,35,50,50,70,70,87,87,87,87],"floor_reached":27,"playtime":731,"items_purged":[],"score":468,"play_id":"567b3736-453c-4063-ba4b-71af02234ee1","local_time":"20190706213748","is_ascension_mode":true,"campfire_choices":[{"data":"Bash","floor":6,"key":"SMITH"},{"floor":11,"key":"REST"},{"data":"Armaments","floor":15,"key":"SMITH"},{"data":"Infernal Blade","floor":23,"key":"SMITH"},{"floor":25,"key":"REST"}],"neow_cost":"NONE","seed_source_timestamp":17862771383800,"circlet_count":0,"master_deck":["AscendersBane","Strike_R","Strike_R","Strike_R","Strike_R","Defend_R","Defend_R","Defend_R","Defend_R","Bash+1","Impervious","Infernal Blade+1","Pommel Strike","Twin Strike","True Grit","Bludgeon","Whirlwind","Ghostly Armor+1","Armaments+1","Demon Form+1","Iron Wave","Armaments+1","Metallicize+1","Shrug It Off","Iron Wave"],"relics":["Burning Blood","Mercury Hourglass","Kunai","Juzu Bracelet","Frozen Egg 2","Tiny House","Mango","Nunchaku"],"potions_floor_usage":[24],"damage_taken":[{"damage":2,"enemies":"Cultist","floor":1,"turns":5},{"damage":3,"enemies":"Jaw Worm","floor":3,"turns":4},{"damage":1,"enemies":"Small Slimes","floor":5,"turns":3},{"damage":30,"enemies":"Gremlin Nob","floor":7,"turns":4},{"damage":17,"enemies":"Exordium Wildlife","floor":8,"turns":4},{"damage":30,"enemies":"Lagavulin","floor":10,"turns":4},{"damage":8,"enemies":"Gremlin Nob","floor":13,"turns":4},{"damage":3,"enemies":"Exordium Thugs","floor":14,"turns":4},{"damage":37,"enemies":"Slime Boss","floor":16,"turns":10},{"damage":23,"enemies":"2 Thieves","floor":18,"turns":5},{"damage":17,"enemies":"Spheric Guardian","floor":20,"turns":4},{"damage":30,"enemies":"Centurion and Healer","floor":22,"turns":9},{"damage":33,"enemies":"Snake Plant","floor":24,"turns":5},{"damage":44,"enemies":"Book of Stabbing","floor":27,"turns":5}],"seed_played":"7790180254086112213","potions_obtained":[{"floor":1,"key":"Swift Potion"},{"floor":3,"key":"Dexterity Potion"},{"floor":18,"key":"Poison Potion"},{"floor":24,"key":"Ancient Potion"}],"is_trial":false,"path_per_floor":["M","?","M","?","M","R","E","M","T","E","R","?","E","M","R","B",null,"M","$","M","?","M","R","M","R","T","E"],"character_chosen":"IRONCLAD","items_purchased":["Mango"],"campfire_rested":2,"item_purchase_floors":[19],"current_hp_per_floor":[72,68,71,76,80,80,56,45,45,21,45,65,63,66,66,35,74,57,71,60,60,36,36,9,38,38,0],"gold":87,"neow_bonus":"ONE_RANDOM_RARE_CARD","is_prod":false,"is_daily":false,"chose_seed":false,"campfire_upgraded":3,"win_rate":0,"timestamp":1562463468,"path_taken":["M","?","?","?","M","R","E","M","T","E","R","?","E","M","R","BOSS","M","$","M","?","M","R","M","R","T","E"],"build_version":"2019-07-05","purchased_purges":0,"victory":false,"max_hp_per_floor":[75,75,75,80,80,80,80,80,80,80,80,80,80,80,80,80,85,85,99,99,99,99,99,99,99,99,99],"card_choices":[{"not_picked":["Armaments","Rage"],"picked":"Infernal Blade","floor":1},{"not_picked":["Warcry","Body Slam"],"picked":"Pommel Strike","floor":3},{"not_picked":["Entrench","Pommel Strike"],"picked":"Twin Strike","floor":5},{"not_picked":["Sword Boomerang","Armaments"],"picked":"True Grit","floor":7},{"not_picked":["Clothesline","Headbutt"],"picked":"Bludgeon","floor":8},{"not_picked":["Rampage","Cleave"],"picked":"Whirlwind","floor":10},{"not_picked":["Thunderclap","Pommel Strike"],"picked":"Ghostly Armor","floor":13},{"not_picked":["Headbutt","Warcry"],"picked":"Armaments","floor":14},{"not_picked":["Limit Break","Bludgeon"],"picked":"Demon Form+1","floor":16},{"not_picked":["Twin Strike","Sentinel"],"picked":"Iron Wave","floor":17},{"not_picked":["Second Wind","Wild Strike"],"picked":"Armaments+1","floor":18},{"not_picked":["Twin Strike","Iron Wave"],"picked":"Metallicize+1","floor":20},{"not_picked":["Iron Wave","Flex"],"picked":"Shrug It Off","floor":22},{"not_picked":["Pommel Strike","Havoc"],"picked":"Iron Wave","floor":24}],"player_experience":425218,"relics_obtained":[{"floor":7,"key":"Mercury Hourglass"},{"floor":9,"key":"Kunai"},{"floor":10,"key":"Juzu Bracelet"},{"floor":13,"key":"Frozen Egg 2"},{"floor":26,"key":"Nunchaku"}],"event_choices":[{"damage_healed":0,"gold_gain":0,"player_choice":"Bought 0 Potions","damage_taken":0,"max_hp_gain":0,"max_hp_loss":0,"event_name":"The Woman in Blue","floor":2,"gold_loss":0},{"damage_healed":0,"gold_gain":0,"player_choice":"Donut","damage_taken":0,"max_hp_gain":5,"max_hp_loss":0,"event_name":"Big Fish","floor":4,"gold_loss":0},{"damage_healed":20,"gold_gain":0,"player_choice":"Healed","damage_taken":0,"max_hp_gain":0,"max_hp_loss":0,"event_name":"The Cleric","floor":12,"gold_loss":35},{"cards_removed":["Strike_R"],"damage_healed":0,"gold_gain":0,"player_choice":"Purged","damage_taken":0,"max_hp_gain":0,"max_hp_loss":0,"event_name":"Purifier","floor":21,"gold_loss":0}],"is_beta":false,"boss_relics":[{"not_picked":["Runic Dome","Astrolabe"],"picked":"Tiny House"}],"items_purged_floors":[],"is_endless":false,"potions_floor_spawned":[1,3,16,18,24],"killed_by":"Book of Stabbing","ascension_level":18}