{"gold_per_floor":[118,128,128,146,146,173,173,188,263,282,292,308,308,96,96,193,193,211,16,29,29,0,0,13,13,13,43,53,53,70,83,83,83],"floor_reached":33,"playtime":1409,"items_purged":["Defend_R","Defend_R"],"score":420,"play_id":"3b271aef-e094-4a0c-a4e8-6d9442debc3e","local_time":"20190511104627","is_ascension_mode":true,"campfire_choices":[{"data":"Perfected Strike","floor":7,"key":"SMITH"},{"data":"True Grit","floor":13,"key":"SMITH"},{"data":"Bash","floor":15,"key":"SMITH"},{"data":"Shrug It Off","floor":23,"key":"SMITH"},{"data":"Sentinel","floor":25,"key":"SMITH"},{"data":"Ghostly Armor","floor":29,"key":"SMITH"},{"data":"Clothesline","floor":32,"key":"SMITH"}],"neow_cost":"NONE","seed_source_timestamp":185277457300,"circlet_count":0,"master_deck":["AscendersBane","Strike_R","Strike_R","Strike_R","Strike_R","Strike_R","Defend_R","Defend_R","Bash+1","Clothesline+1","Pommel Strike","Perfected Strike+1","Ghostly Armor+1","Headbutt","Sentinel+1","True Grit+1","Shrug It Off+1","Pommel Strike","Double Tap+1"],"relics":["Burning Blood","Thread and Needle","The Courier","Vajra","Busted Crown","Regal Pillow","Toxic Egg 2","Bag of Preparation"],"potions_floor_usage":[16,27,27,30,31,33],"damage_taken":[{"damage":7,"enemies":"Jaw Worm","floor":1,"turns":4},{"damage":5,"enemies":"Small Slimes","floor":2,"turns":4},{"damage":4,"enemies":"Cultist","floor":4,"turns":3},{"damage":41,"enemies":"Lagavulin","floor":6,"turns":7},{"damage":3,"enemies":"Gremlin Gang","floor":8,"turns":6},{"damage":0,"enemies":"2 Fungi Beasts","floor":10,"turns":3},{"damage":0,"enemies":"Exordium Wildlife","floor":11,"turns":3},{"damage":0,"enemies":"Looter","floor":12,"turns":2},{"damage":45,"enemies":"The Guardian","floor":16,"turns":10},{"damage":2,"enemies":"Spheric Guardian","floor":18,"turns":3},{"damage":0,"enemies":"Chosen","floor":20,"turns":3},{"damage":7,"enemies":"Snecko","floor":24,"turns":4},{"damage":12,"enemies":"Book of Stabbing","floor":27,"turns":3},{"damage":11,"enemies":"Snake Plant","floor":28,"turns":4},{"damage":8,"enemies":"Cultist and Chosen","floor":30,"turns":4},{"damage":5,"enemies":"Snecko","floor":31,"turns":5},{"damage":74,"enemies":"Automaton","floor":33,"turns":6}],"seed_played":"-303705521933617758","potions_obtained":[{"floor":4,"key":"Strength Potion"},{"floor":8,"key":"Energy Potion"},{"floor":12,"key":"LiquidBronze"},{"floor":24,"key":"SkillPotion"},{"floor":27,"key":"Energy Potion"},{"floor":28,"key":"AttackPotion"},{"floor":30,"key":"SpeedPotion"}],"is_trial":false,"path_per_floor":["M","M","$","M","$","E","R","M","T","M","M","M","R","$","R","B",null,"M","$","M","?","?","R","M","R","T","E","M","R","M","M","R","B"],"character_chosen":"IRONCLAD","items_purchased":["Shrug It Off","Vajra","Regal Pillow"],"campfire_rested":0,"item_purchase_floors":[14,14,19],"current_hp_per_floor":[71,72,72,74,74,39,39,42,42,48,54,60,60,60,60,21,65,69,69,75,75,75,75,74,74,74,68,63,63,61,62,62,0],"gold":83,"neow_bonus":"THREE_CARDS","is_prod":false,"is_daily":false,"chose_seed":false,"campfire_upgraded":7,"win_rate":0,"timestamp":1557585987,"path_taken":["M","M","$","M","$","E","R","M","T","M","M","M","R","$","R","BOSS","M","$","M","?","?","R","M","R","T","E","M","R","M","M","R","BOSS"],"build_version":"2019-01-23","purchased_purges":2,"victory":false,"max_hp_per_floor":[80,80,80,80,80,80,80,80,80,80,80,80,80,80,80,80,80,80,80,80,80,80,80,80,80,80,80,80,80,80,80,80,80],"card_choices":[{"not_picked":["Body Slam","Flex"],"picked":"Clothesline","floor":0},{"not_picked":["Iron Wave","Body Slam"],"picked":"Pommel Strike","floor":1},{"not_picked":["Clothesline","Shrug It Off"],"picked":"Perfected Strike","floor":2},{"not_picked":["Body Slam","Clothesline","Wild Strike"],"picked":"SKIP","floor":4},{"not_picked":["Searing Blow","Twin Strike"],"picked":"Ghostly Armor","floor":6},{"not_picked":["Wild Strike","Armaments"],"picked":"Headbutt","floor":8},{"not_picked":["Limit Break","Carnage"],"picked":"Sentinel","floor":10},{"not_picked":["Thunderclap","Whirlwind"],"picked":"True Grit","floor":11},{"not_picked":["Reckless Charge","Rage","Uppercut"],"picked":"SKIP","floor":12},{"not_picked":["Cleave"],"picked":"SKIP","floor":18},{"not_picked":["True Grit+1"],"picked":"SKIP","floor":20},{"not_picked":["Anger"],"picked":"SKIP","floor":24},{"not_picked":[],"picked":"Double Tap+1","floor":27},{"not_picked":["Body Slam+1"],"picked":"SKIP","floor":28},{"not_picked":["Sentinel+1"],"picked":"SKIP","floor":30},{"not_picked":["Anger"],"picked":"SKIP","floor":31}],"player_experience":251471,"relics_obtained":[{"floor":6,"key":"Thread and Needle"},{"floor":9,"key":"The Courier"},{"floor":26,"key":"Toxic Egg 2"},{"floor":27,"key":"Bag of Preparation"}],"event_choices":[{"damage_healed":0,"gold_gain":0,"player_choice":"Read","damage_taken":0,"max_hp_gain":0,"max_hp_loss":0,"event_name":"The Library","floor":21,"gold_loss":0,"cards_obtained":["Pommel Strike"]},{"damage_healed":0,"gold_gain":0,"player_choice":"Paid Fearfully","damage_taken":0,"max_hp_gain":0,"max_hp_loss":0,"event_name":"Masked Bandits","floor":22,"gold_loss":29}],"is_beta":false,"boss_relics":[{"not_picked":["Runic Dome","Astrolabe"],"picked":"Busted Crown"}],"items_purged_floors":[14,19],"is_endless":false,"potions_floor_spawned":[4,8,10,11,12,24,27,28,30],"killed_by":"Automaton","ascension_level":11}