{"gold_per_floor":[115,215,227,242,255,284,284,284,284,297,297,321,21,54,54,154,154,173,173,173,173,190,190],"floor_reached":23,"playtime":1441,"items_purged":["Strike_R"],"score":199,"play_id":"a8f7b2e8-a417-41f5-97f6-e10ad4d76143","local_time":"20190311005150","is_ascension_mode":false,"campfire_choices":[{"data":"Metallicize","floor":7,"key":"SMITH"},{"data":"Armaments","floor":11,"key":"SMITH"},{"data":"Searing Blow+1","floor":15,"key":"SMITH"}],"neow_cost":"NONE","seed_source_timestamp":4694904373100,"circlet_count":0,"master_deck":["Strike_R+1","Strike_R+1","Strike_R+1","Strike_R+1","Defend_R+1","Defend_R+1","Defend_R+1","Defend_R+1","Bash","Pommel Strike","Metallicize+1","Dropkick","Armaments+1","Warcry","Fire Breathing+1","Pommel Strike","Metallicize+1","Shrug It Off","Searing Blow+2","Berserk+1","Flame Barrier","Metallicize+1","Heavy Blade+1"],"relics":["Burning Blood","Orichalcum","Kunai","Frozen Egg 2","Odd Mushroom","Molten Egg 2","Black Star","MutagenicStrength"],"potions_floor_usage":[16,16,23],"damage_taken":[{"damage":10,"enemies":"Jaw Worm","floor":1,"turns":5},{"damage":0,"enemies":"Cultist","floor":3,"turns":4},{"damage":0,"enemies":"Small Slimes","floor":4,"turns":3},{"damage":0,"enemies":"3 Louse","floor":5,"turns":4},{"damage":23,"enemies":"Gremlin Nob","floor":6,"turns":6},{"damage":3,"enemies":"2 Fungi Beasts","floor":10,"turns":4},{"damage":12,"enemies":"The Mushroom Lair","floor":12,"turns":5},{"damage":4,"enemies":"Lagavulin","floor":14,"turns":7},{"damage":29,"enemies":"Slime Boss","floor":16,"turns":14},{"damage":5,"enemies":"Shell Parasite","floor":18,"turns":6},{"damage":4,"enemies":"Chosen","floor":22,"turns":5},{"damage":105,"enemies":"Gremlin Leader","floor":23,"turns":8}],"seed_played":"8835476527652335418","potions_obtained":[{"floor":3,"key":"Dexterity Potion"},{"floor":10,"key":"AttackPotion"},{"floor":18,"key":"PowerPotion"}],"is_trial":false,"path_per_floor":["M","?","M","M","M","E","R","?","T","M","R","?","$","E","R","B",null,"M","?","?","?","M","E"],"character_chosen":"IRONCLAD","items_purchased":["Metallicize+1","Shrug It Off","FairyPotion"],"campfire_rested":0,"item_purchase_floors":[13,13,13],"current_hp_per_floor":[76,76,80,80,80,63,63,63,63,66,66,60,60,62,62,39,80,80,80,80,80,80,0],"gold":190,"neow_bonus":"RANDOM_COMMON_RELIC","is_prod":false,"is_daily":false,"chose_seed":false,"campfire_upgraded":3,"win_rate":0.0,"timestamp":1552279910,"path_taken":["M","?","M","?","M","E","R","?","T","M","R","?","$","E","R","BOSS","M","?","?","?","M","E"],"build_version":"2019-01-23","purchased_purges":1,"victory":false,"max_hp_per_floor":[80,80,80,80,80,80,80,80,80,80,80,80,80,80,80,80,80,80,80,80,80,80,80],"card_choices":[{"not_picked":["Heavy Blade","Flex"],"picked":"Pommel Strike","floor":1},{"not_picked":["Perfected Strike","Headbutt"],"picked":"Metallicize","floor":3},{"not_picked":["Warcry","Sword Boomerang"],"picked":"Dropkick","floor":4},{"not_picked":["Hemokinesis","Sever Soul"],"picked":"Armaments","floor":5},{"not_picked":["Rupture","Combust"],"picked":"Warcry","floor":6},{"not_picked":["Rage","Thunderclap"],"picked":"Fire Breathing+1","floor":10},{"not_picked":["Thunderclap","Dual Wield"],"picked":"Pommel Strike","floor":12},{"not_picked":["Feel No Pain+1","Twin Strike"],"picked":"Searing Blow","floor":14},{"not_picked":["Brutality+1","Offering"],"picked":"Berserk+1","floor":16},{"not_picked":["Feel No Pain+1","Iron Wave+1"],"picked":"Flame Barrier","floor":18},{"not_picked":["Pommel Strike+1","Dropkick+1"],"picked":"Heavy Blade+1","floor":22}],"player_experience":21259,"relics_obtained":[{"floor":6,"key":"Kunai"},{"floor":9,"key":"Frozen Egg 2"},{"floor":12,"key":"Odd Mushroom"},{"floor":14,"key":"Molten Egg 2"}],"event_choices":[{"damage_healed":0,"gold_gain":100,"player_choice":"Pray","damage_taken":0,"max_hp_gain":0,"max_hp_loss":0,"event_name":"Golden Shrine","floor":2,"gold_loss":0},{"damage_healed":0,"gold_gain":0,"player_choice":"Ignored","damage_taken":0,"max_hp_gain":0,"max_hp_loss":0,"event_name":"Golden Wing","floor":8,"gold_loss":0},{"damage_healed":0,"gold_gain":0,"player_choice":"Fought Mushrooms","damage_taken":0,"max_hp_gain":0,"max_hp_loss":0,"event_name":"Mushrooms","floor":12,"gold_loss":0},{"damage_healed":0,"gold_gain":0,"player_choice":"Inject Mutagens","damage_taken":0,"relics_obtained":["MutagenicStrength"],"max_hp_gain":0,"max_hp_loss":0,"event_name":"Drug Dealer","floor":19,"gold_loss":0},{"damage_healed":0,"gold_gain":0,"player_choice":"Simplicity","damage_taken":0,"max_hp_gain":0,"max_hp_loss":0,"event_name":"Back to Basics","floor":20,"gold_loss":0,"cards_upgraded":["Strike_R","Strike_R","Strike_R","Strike_R","Defend_R","Defend_R","Defend_R","Defend_R"]},{"damage_healed":0,"gold_gain":0,"player_choice":"Read","damage_taken":0,"max_hp_gain":0,"max_hp_loss":0,"event_name":"The Library","floor":21,"gold_loss":0,"cards_obtained":["Metallicize"]}],"is_beta":false,"boss_relics":[{"not_picked":["Runic Dome","Ectoplasm"],"picked":"Black Star"}],"items_purged_floors":[13],"is_endless":false,"potions_floor_spawned":[3,10,14,18],"killed_by":"Gremlin Leader","ascension_level":0}