{"gold_per_floor":[11,11,28,128,145,171,171,186,212,212,226,40,107,107,107,107],"floor_reached":16,"playtime":585,"items_purged":["Strike_R"],"score":160,"play_id":"0f4bb704-8913-48de-8d6a-9201b7a97bd3","local_time":"20190519113437","is_ascension_mode":true,"campfire_choices":[{"data":"Immolate","floor":7,"key":"SMITH"},{"floor":10,"key":"RECALL"},{"data":"Double Tap","floor":15,"key":"SMITH"}],"neow_cost":"NO_GOLD","seed_source_timestamp":845929146800,"circlet_count":0,"master_deck":["AscendersBane","Strike_R","Strike_R","Strike_R","Strike_R","Defend_R","Defend_R","Defend_R","Defend_R","Bash","Double Tap+1","Clothesline","Heavy Blade","Iron Wave","Immolate+1","Whirlwind","Bandage Up","Shrug It Off"],"relics":["Burning Blood","Juzu Bracelet","Dream Catcher"],"potions_floor_usage":[],"damage_taken":[{"damage":7,"enemies":"2 Louse","floor":1,"turns":3},{"damage":4,"enemies":"Jaw Worm","floor":3,"turns":3},{"damage":7,"enemies":"Cultist","floor":5,"turns":4},{"damage":45,"enemies":"3 Sentries","floor":6,"turns":10},{"damage":8,"enemies":"Blue Slaver","floor":8,"turns":4},{"damage":0,"enemies":"2 Fungi Beasts","floor":11,"turns":2},{"damage":58,"enemies":"Slime Boss","floor":16,"turns":6}],"seed_played":"7079846086902849457","potions_obtained":[{"floor":3,"key":"Ancient Potion"},{"floor":6,"key":"Energy Potion"},{"floor":8,"key":"Strength Potion"}],"is_trial":false,"path_per_floor":["M","?","M","?","M","E","R","M","T","R","M","$","?","?","R","B"],"character_chosen":"IRONCLAD","items_purchased":["Bandage Up","Shrug It Off"],"campfire_rested":0,"item_purchase_floors":[12,12],"current_hp_per_floor":[71,71,73,73,72,33,33,31,31,31,37,37,37,37,37,0],"gold":107,"neow_bonus":"THREE_RARE_CARDS","is_prod":false,"is_daily":false,"chose_seed":false,"campfire_upgraded":2,"win_rate":0,"timestamp":1558280077,"path_taken":["M","?","M","?","M","E","R","M","T","R","M","$","?","?","R","BOSS"],"build_version":"2019-01-23","purchased_purges":1,"victory":false,"max_hp_per_floor":[80,80,80,80,80,80,80,80,80,80,80,80,80,80,80,80],"card_choices":[{"not_picked":["Berserk","Juggernaut"],"picked":"Double Tap","floor":0},{"not_picked":["Thunderclap","Anger"],"picked":"Clothesline","floor":1},{"not_picked":["Metallicize","Thunderclap"],"picked":"Heavy Blade","floor":3},{"not_picked":["Dual Wield","Pommel Strike"],"picked":"Iron Wave","floor":5},{"not_picked":["Shrug It Off","Shockwave"],"picked":"Immolate","floor":6},{"not_picked":["Body Slam","Disarm"],"picked":"Whirlwind","floor":8},{"not_picked":["Dropkick","Corruption","Body Slam"],"picked":"SKIP","floor":11}],"player_experience":307792,"relics_obtained":[{"floor":6,"key":"Juzu Bracelet"},{"floor":9,"key":"Dream Catcher"}],"event_choices":[{"damage_healed":0,"gold_gain":0,"player_choice":"Leave","damage_taken":0,"max_hp_gain":0,"max_hp_loss":0,"event_name":"The Cleric","floor":2,"gold_loss":0},{"damage_healed":0,"gold_gain":100,"player_choice":"Pray","damage_taken":0,"max_hp_gain":0,"max_hp_loss":0,"event_name":"Golden Shrine","floor":4,"gold_loss":0},{"damage_healed":0,"gold_gain":67,"player_choice":"Gained Gold","damage_taken":0,"max_hp_gain":0,"max_hp_loss":0,"event_name":"Golden Wing","floor":13,"gold_loss":0},{"damage_healed":0,"gold_gain":0,"player_choice":"Searched \u00271\u0027 times","damage_taken":0,"max_hp_gain":0,"max_hp_loss":0,"event_name":"Dead Adventurer","floor":14,"gold_loss":0}],"is_beta":false,"boss_relics":[],"items_purged_floors":[12],"is_endless":false,"potions_floor_spawned":[3,6,8],"killed_by":"Slime Boss","ascension_level":12}