{"gold_per_floor":[215,140,90,90,102,102,102,102,176,189,205,239,239,264,264,365,365,375,29,41,17,35,35,52,52,79,79,79,94,94,94,94,94],"floor_reached":33,"playtime":3836,"items_purged":["Strike_R","Shockwave"],"score":367,"play_id":"be7c5510-e4de-4a66-944d-c876c107bffa","local_time":"20190429161502","is_ascension_mode":true,"campfire_choices":[{"data":"Bash","floor":6,"key":"SMITH"},{"data":"Pommel Strike","floor":8,"key":"SMITH"},{"data":"Flame Barrier","floor":13,"key":"SMITH"},{"floor":15,"key":"REST"},{"data":"Infernal Blade","floor":23,"key":"SMITH"},{"data":"Demon Form","floor":25,"key":"SMITH"},{"data":"Ghostly Armor","floor":28,"key":"SMITH"},{"floor":32,"key":"REST"}],"neow_cost":"NONE","seed_source_timestamp":5765077567700,"circlet_count":0,"master_deck":["Bash+1","Ghostly Armor+1","Forethought","Bash","Pommel Strike+1","Demon Form+1","Flame Barrier+1","Carnage+1","Infernal Blade+1","Sword Boomerang+1","Spot Weakness","Whirlwind+1","Reaper+1","Heavy Blade+1","Twin Strike+1","Headbutt+1","Inflame"],"relics":["Burning Blood","Singing Bowl","Vajra","Molten Egg 2","Pandora\u0027s Box","Gremlin Horn","Oddly Smooth Stone","Nilry\u0027s Codex"],"potions_floor_usage":[16],"damage_taken":[{"damage":4,"enemies":"Jaw Worm","floor":1,"turns":4},{"damage":13,"enemies":"2 Louse","floor":5,"turns":3},{"damage":6,"enemies":"Cultist","floor":10,"turns":4},{"damage":9,"enemies":"Looter","floor":11,"turns":4},{"damage":10,"enemies":"Lagavulin","floor":12,"turns":5},{"damage":18,"enemies":"Gremlin Nob","floor":14,"turns":4},{"damage":17,"enemies":"Hexaghost","floor":16,"turns":6},{"damage":28,"enemies":"2 Thieves","floor":18,"turns":4},{"damage":12,"enemies":"Chosen","floor":20,"turns":3},{"damage":28,"enemies":"Shelled Parasite and Fungi","floor":22,"turns":4},{"damage":2,"enemies":"Chosen and Byrds","floor":24,"turns":4},{"damage":52,"enemies":"3 Cultists","floor":29,"turns":5},{"damage":64,"enemies":"Automaton","floor":33,"turns":6}],"seed_played":"3576329846195096602","potions_obtained":[{"floor":5,"key":"SpeedPotion"},{"floor":11,"key":"Energy Potion"},{"floor":22,"key":"Swift Potion"}],"is_trial":false,"path_per_floor":["M","$","?","?","M","R","?","R","T","M","M","E","R","E","R","B",null,"M","$","M","$","M","R","M","R","T","?","R","M","?","?","R","B"],"character_chosen":"IRONCLAD","items_purchased":["Gremlin Horn","Twin Strike+1"],"campfire_rested":2,"item_purchase_floors":[19,21],"current_hp_per_floor":[74,74,74,74,67,67,51,51,51,53,50,46,46,34,58,49,75,55,55,51,51,31,31,47,47,47,47,47,19,3,3,29,0],"gold":94,"neow_bonus":"HUNDRED_GOLD","is_prod":false,"is_daily":false,"chose_seed":false,"campfire_upgraded":6,"win_rate":0,"timestamp":1556568902,"path_taken":["M","$","?","?","?","R","?","R","T","M","M","E","R","E","R","BOSS","M","$","M","$","M","R","M","R","T","?","R","M","?","?","R","BOSS"],"build_version":"2019-01-23","purchased_purges":2,"victory":false,"max_hp_per_floor":[80,80,80,80,80,80,80,80,80,82,82,82,82,82,82,84,84,86,86,86,86,88,88,88,88,88,88,88,88,88,88,88,88],"card_choices":[{"not_picked":["Sword Boomerang","Wild Strike"],"picked":"Ghostly Armor","floor":1},{"not_picked":["Sword Boomerang","Sever Soul"],"picked":"Pommel Strike","floor":5},{"not_picked":["Ghostly Armor","Dropkick","Heavy Blade"],"picked":"Singing Bowl","floor":10},{"not_picked":["Intimidate","Blood for Blood"],"picked":"Demon Form","floor":11},{"not_picked":["Warcry","Thunderclap"],"picked":"Flame Barrier","floor":12},{"not_picked":["Perfected Strike","Ghostly Armor"],"picked":"Carnage","floor":14},{"not_picked":["Fiend Fire+1","Barricade","Offering"],"picked":"Singing Bowl","floor":16},{"not_picked":["Sentinel+1","Cleave+1","Havoc"],"picked":"Singing Bowl","floor":18},{"not_picked":["Rage","Wild Strike+1"],"picked":"Heavy Blade+1","floor":20},{"not_picked":["Havoc","Headbutt+1","Anger+1"],"picked":"Singing Bowl","floor":22},{"not_picked":["Wild Strike+1","Shrug It Off"],"picked":"Headbutt+1","floor":24},{"not_picked":["Iron Wave+1","Cleave+1"],"picked":"Inflame","floor":29}],"player_experience":164053,"relics_obtained":[{"floor":9,"key":"Singing Bowl"},{"floor":12,"key":"Vajra"},{"floor":14,"key":"Molten Egg 2"},{"floor":26,"key":"Oddly Smooth Stone"},{"floor":30,"key":"Nilry\u0027s Codex"}],"event_choices":[{"cards_removed":["Strike_R"],"damage_healed":0,"gold_gain":0,"player_choice":"Card Removal","damage_taken":0,"max_hp_gain":0,"max_hp_loss":0,"event_name":"The Cleric","floor":3,"gold_loss":50},{"damage_healed":0,"gold_gain":0,"player_choice":"2 cards matched","damage_taken":0,"max_hp_gain":0,"max_hp_loss":0,"event_name":"Match and Keep!","floor":4,"gold_loss":0,"cards_obtained":["Forethought","Bash"]},{"damage_healed":0,"gold_gain":0,"player_choice":"Entered Light","damage_taken":16,"max_hp_gain":0,"max_hp_loss":0,"event_name":"Shining Light","floor":7,"gold_loss":0,"cards_upgraded":["Defend_R","Strike_R"]},{"damage_healed":0,"gold_gain":0,"player_choice":"Obtained Book","damage_taken":16,"max_hp_gain":0,"max_hp_loss":0,"event_name":"Cursed Tome","floor":30,"gold_loss":0},{"cards_removed":["Sword Boomerang"],"damage_healed":0,"gold_gain":0,"player_choice":"Elegance","damage_taken":0,"max_hp_gain":0,"max_hp_loss":0,"event_name":"Back to Basics","floor":31,"gold_loss":0}],"is_beta":false,"boss_relics":[{"not_picked":["Black Star","Philosopher\u0027s Stone"],"picked":"Pandora\u0027s Box"}],"items_purged_floors":[2,19],"is_endless":false,"potions_floor_spawned":[5,11,22],"killed_by":"Automaton","ascension_level":9}