{"gold_per_floor":[113,131,131,131,131,146,156,156,183,211,263,275,295,305,305,403,403,418,343,360,360,360],"floor_reached":22,"playtime":2068,"items_purged":[],"score":188,"play_id":"f1df11cb-a0ca-40fb-86e3-59dc862683e5","local_time":"20190703200643","is_ascension_mode":false,"campfire_choices":[{"data":"Redo","floor":8,"key":"SMITH"},{"floor":15,"key":"REST"}],"neow_cost":"NONE","seed_source_timestamp":973151630303624,"circlet_count":0,"master_deck":["Strike_B","Strike_B+1","Defend_B","Defend_B+1","Zap","Dualcast","Compile Driver","Cold Snap","Skim","Redo+1","Multi-Cast","Beam Cell","Conserve Battery","Gash","Biased Cognition","Double Energy","Scrape","Steam"],"relics":["Cracked Core","NeowsBlessing","Anchor","Juzu Bracelet","Dream Catcher","Eternal Feather"],"potions_floor_usage":[],"damage_taken":[{"damage":0,"enemies":"2 Louse","floor":1,"turns":1},{"damage":0,"enemies":"Small Slimes","floor":2,"turns":1},{"damage":0,"enemies":"Jaw Worm","floor":6,"turns":1},{"damage":0,"enemies":"3 Louse","floor":7,"turns":2},{"damage":9,"enemies":"Gremlin Nob","floor":10,"turns":4},{"damage":0,"enemies":"2 Fungi Beasts","floor":12,"turns":3},{"damage":0,"enemies":"Red Slaver","floor":13,"turns":3},{"damage":0,"enemies":"Looter","floor":14,"turns":3},{"damage":51,"enemies":"Hexaghost","floor":16,"turns":15},{"damage":34,"enemies":"Shell Parasite","floor":18,"turns":8},{"damage":8,"enemies":"3 Byrds","floor":20,"turns":6},{"damage":42,"enemies":"Sentry and Sphere","floor":22,"turns":4}],"seed_played":"-2303243895382788516","potions_obtained":[{"floor":2,"key":"Energy Potion"},{"floor":6,"key":"SteroidPotion"},{"floor":12,"key":"SteroidPotion"},{"floor":14,"key":"Explosive Potion"},{"floor":20,"key":"Fire Potion"}],"is_trial":false,"path_per_floor":["M","M","?","?","?","M","M","R","T","E","T","M","M","M","R","B",null,"M","?","M","?","M"],"character_chosen":"DEFECT","items_purchased":[],"campfire_rested":1,"item_purchase_floors":[],"current_hp_per_floor":[75,75,80,64,57,57,57,57,57,48,48,48,48,48,72,21,80,46,46,38,38,0],"gold":360,"neow_bonus":"THREE_ENEMY_KILL","is_prod":false,"is_daily":false,"chose_seed":false,"campfire_upgraded":1,"win_rate":0.0,"timestamp":1562209603,"path_taken":["M","M","?","?","?","M","M","R","T","E","?","M","M","M","R","BOSS","M","?","M","?","M"],"build_version":"2019-07-01","purchased_purges":0,"victory":false,"max_hp_per_floor":[75,75,80,80,80,80,80,80,80,80,80,80,80,80,80,80,80,80,80,80,80,80],"card_choices":[{"not_picked":["Steam","Darkness"],"picked":"Compile Driver","floor":1},{"not_picked":["Reprogram","Ball Lightning"],"picked":"Cold Snap","floor":2},{"not_picked":["Loop","Reprogram"],"picked":"Skim","floor":6},{"not_picked":["Ball Lightning","Sweeping Beam"],"picked":"Redo","floor":7},{"not_picked":["Compile Driver","Cold Snap"],"picked":"Multi-Cast","floor":10},{"not_picked":["Barrage","Ball Lightning","Force Field"],"picked":"SKIP","floor":12},{"not_picked":["Redo","Genetic Algorithm"],"picked":"Beam Cell","floor":13},{"not_picked":["Rip and Tear","Ball Lightning"],"picked":"Conserve Battery","floor":14},{"not_picked":["Hologram","Coolheaded"],"picked":"Gash","floor":15},{"not_picked":["Electrodynamics","Reboot"],"picked":"Biased Cognition","floor":16},{"not_picked":["Hologram","Coolheaded","Barrage"],"picked":"SKIP","floor":18},{"not_picked":["Loop","Steam Power"],"picked":"Double Energy","floor":20}],"player_experience":13402,"relics_obtained":[{"floor":9,"key":"Anchor"},{"floor":10,"key":"Juzu Bracelet"},{"floor":11,"key":"Dream Catcher"}],"event_choices":[{"damage_healed":0,"gold_gain":0,"player_choice":"Donut","damage_taken":0,"max_hp_gain":5,"max_hp_loss":0,"event_name":"Big Fish","floor":3,"gold_loss":0},{"damage_healed":0,"gold_gain":0,"player_choice":"Entered Light","damage_taken":16,"max_hp_gain":0,"max_hp_loss":0,"event_name":"Shining Light","floor":4,"gold_loss":0,"cards_upgraded":["Defend_B","Strike_B"]},{"cards_removed":["Strike_B"],"damage_healed":0,"gold_gain":0,"player_choice":"Card Removal","damage_taken":7,"max_hp_gain":0,"max_hp_loss":0,"event_name":"Golden Wing","floor":5,"gold_loss":0},{"cards_removed":["Defend_B"],"damage_healed":0,"gold_gain":0,"player_choice":"Gave Gold","damage_taken":0,"max_hp_gain":0,"max_hp_loss":0,"event_name":"Beggar","floor":19,"gold_loss":75},{"damage_healed":0,"gold_gain":0,"cards_transformed":["Strike_B","Defend_B"],"player_choice":"Became Test Subject","damage_taken":0,"max_hp_gain":0,"max_hp_loss":0,"event_name":"Drug Dealer","floor":21,"gold_loss":0,"cards_obtained":["Scrape","Steam"]}],"is_beta":false,"boss_relics":[{"not_picked":["Runic Pyramid","Ectoplasm"],"picked":"Eternal Feather"}],"items_purged_floors":[],"is_endless":false,"potions_floor_spawned":[2,6,12,14,16,20],"killed_by":"Sentry and Sphere","ascension_level":0}