{"gold_per_floor":[113,132,132,144,159,159,175,175,175,6,39,39,58,69,69,168,218,236,226,246,263,274,274,274,290,290,301,314,314,334,5,5,5],"floor_reached":33,"playtime":2839,"items_purged":["Strike_R","Strike_R"],"score":257,"play_id":"4386ba67-0504-49f8-9acf-cfda2c6f4767","local_time":"20190308143736","is_ascension_mode":false,"campfire_choices":[{"data":"Bash","floor":6,"key":"SMITH"},{"data":"Cleave","floor":8,"key":"SMITH"},{"floor":12,"key":"REST"},{"floor":15,"key":"REST"},{"floor":23,"key":"REST"},{"floor":32,"key":"REST"}],"neow_cost":"","seed_source_timestamp":312918716200,"circlet_count":0,"master_deck":["Strike_R","Strike_R","Strike_R","Defend_R+1","Defend_R","Defend_R","Defend_R+1","Bash+1","Ghostly Armor","Cleave+1","Headbutt","Infernal Blade","Clothesline+1","Shrug It Off","Dual Wield","Armaments","Rage","Double Tap","Pommel Strike","Reaper","Flex","Flex","Infernal Blade+1","Sword Boomerang","Body Slam+1","Anger+1","Shrug It Off","Twin Strike","Impervious"],"relics":["Burning Blood","War Paint","Red Skull","Tiny House","Anchor","Mummified Hand","Orichalcum"],"potions_floor_usage":[16,21,22,22,25,33],"damage_taken":[{"damage":15,"enemies":"2 Louse","floor":1,"turns":3},{"damage":3,"enemies":"Cultist","floor":2,"turns":5},{"damage":8,"enemies":"Small Slimes","floor":4,"turns":3},{"damage":9,"enemies":"2 Fungi Beasts","floor":5,"turns":5},{"damage":14,"enemies":"Lots of Slimes","floor":7,"turns":4},{"damage":42,"enemies":"Lagavulin","floor":11,"turns":7},{"damage":0,"enemies":"Exordium Wildlife","floor":13,"turns":5},{"damage":0,"enemies":"2 Fungi Beasts","floor":14,"turns":1},{"damage":31,"enemies":"The Guardian","floor":16,"turns":17},{"damage":24,"enemies":"Shell Parasite","floor":18,"turns":9},{"damage":32,"enemies":"2 Thieves","floor":19,"turns":4},{"damage":21,"enemies":"Centurion and Healer","floor":20,"turns":5},{"damage":12,"enemies":"Snecko","floor":21,"turns":6},{"damage":38,"enemies":"Shelled Parasite and Fungi","floor":22,"turns":5},{"damage":26,"enemies":"Colosseum Slavers","floor":24,"turns":5},{"damage":19,"enemies":"Centurion and Healer","floor":25,"turns":5},{"damage":0,"enemies":"Chosen and Byrds","floor":27,"turns":4},{"damage":27,"enemies":"Snake Plant","floor":28,"turns":3},{"damage":11,"enemies":"Snecko","floor":30,"turns":3},{"damage":72,"enemies":"Champ","floor":33,"turns":9}],"seed_played":"8590104798005654657","potions_obtained":[{"floor":1,"key":"PowerPotion"},{"floor":2,"key":"Block Potion"},{"floor":7,"key":"SpeedPotion"},{"floor":17,"key":"Fire Potion"},{"floor":19,"key":"AttackPotion"},{"floor":22,"key":"Dexterity Potion"}],"is_trial":false,"path_per_floor":["M","M","?","M","M","R","M","R","T","$","E","R","M","M","R","B",null,"M","M","M","M","M","R","?","M","T","M","M","?","M","$","R","B"],"character_chosen":"IRONCLAD","items_purchased":["Dual Wield","Armaments","Orichalcum","Regen Potion"],"campfire_rested":4,"item_purchase_floors":[10,10,31,31],"current_hp_per_floor":[71,74,74,72,69,69,61,61,61,61,25,49,55,61,80,55,85,67,56,41,35,10,35,22,9,9,30,20,20,22,22,47,0],"gold":5,"neow_bonus":"","is_prod":false,"is_daily":false,"chose_seed":false,"campfire_upgraded":2,"win_rate":0.0,"timestamp":1552073856,"path_taken":["M","M","?","M","M","R","M","R","T","$","E","R","M","M","R","BOSS","M","M","?","M","M","R","?","M","T","M","M","?","?","$","R","BOSS"],"build_version":"2019-01-23","purchased_purges":2,"victory":false,"max_hp_per_floor":[80,80,80,80,80,80,80,80,80,80,80,80,80,80,80,80,85,85,85,85,85,85,85,85,85,85,85,85,85,85,85,85,85],"card_choices":[{"not_picked":["Combust","Perfected Strike"],"picked":"Ghostly Armor","floor":1},{"not_picked":["Fire Breathing","Burning Pact"],"picked":"Cleave","floor":2},{"not_picked":["Intimidate","Pummel"],"picked":"Infernal Blade","floor":4},{"not_picked":["Twin Strike","Entrench"],"picked":"Clothesline","floor":5},{"not_picked":["Sever Soul","Twin Strike"],"picked":"Shrug It Off","floor":7},{"not_picked":["Power Through","Warcry"],"picked":"Rage","floor":11},{"not_picked":["Warcry","Body Slam"],"picked":"Double Tap","floor":13},{"not_picked":["Twin Strike","Sever Soul"],"picked":"Pommel Strike","floor":14},{"not_picked":["Feed","Juggernaut"],"picked":"Reaper","floor":16},{"not_picked":["Sever Soul","Pommel Strike"],"picked":"Searing Blow","floor":17},{"not_picked":["Carnage","Twin Strike+1"],"picked":"Flex","floor":18},{"not_picked":["Body Slam","Clothesline"],"picked":"Flex","floor":19},{"not_picked":["Clothesline+1","Brutality"],"picked":"Infernal Blade+1","floor":20},{"not_picked":["Combust","Dual Wield"],"picked":"Sword Boomerang","floor":21},{"not_picked":["Warcry","True Grit+1"],"picked":"Body Slam+1","floor":22},{"not_picked":["Thunderclap","Sword Boomerang"],"picked":"Anger+1","floor":25},{"not_picked":["Body Slam","Cleave"],"picked":"Shrug It Off","floor":27},{"not_picked":["Cleave","Thunderclap"],"picked":"Twin Strike","floor":28},{"not_picked":["Twin Strike","Headbutt"],"picked":"Impervious","floor":30}],"player_experience":0,"relics_obtained":[{"floor":9,"key":"War Paint"},{"floor":11,"key":"Red Skull"},{"floor":26,"key":"Anchor"}],"event_choices":[{"damage_healed":0,"gold_gain":0,"player_choice":"1 cards matched","damage_taken":0,"max_hp_gain":0,"max_hp_loss":0,"event_name":"Match and Keep!","floor":3,"gold_loss":0,"cards_obtained":["Headbutt"]},{"damage_healed":0,"gold_gain":0,"player_choice":"Fight","damage_taken":0,"max_hp_gain":0,"max_hp_loss":0,"event_name":"Colosseum","floor":24,"gold_loss":0},{"damage_healed":0,"gold_gain":0,"player_choice":"Fled From Nobs","damage_taken":0,"max_hp_gain":0,"max_hp_loss":0,"event_name":"Colosseum","floor":24,"gold_loss":0},{"cards_removed":["Searing Blow"],"damage_healed":0,"gold_gain":0,"player_choice":"Gave Card","damage_taken":0,"relics_obtained":["Mummified Hand"],"max_hp_gain":0,"max_hp_loss":0,"event_name":"WeMeetAgain","floor":29,"gold_loss":0}],"is_beta":false,"boss_relics":[{"not_picked":["Sozu","Cursed Key"],"picked":"Tiny House"}],"items_purged_floors":[10,31],"is_endless":false,"potions_floor_spawned":[1,2,7,13,14,19,20,22],"killed_by":"Champ","ascension_level":0}