{"gold_per_floor":[219,294,294,294,309,344,359,359,386,397,397,264,281,19,19,90,90,101,51,67,84,103,103,103],"floor_reached":24,"playtime":611,"items_purged":["Strike_R","Strike_R"],"score":376,"play_id":"f902d722-2c39-4921-a075-da8fc10f2bde","local_time":"20190701192920","is_ascension_mode":true,"campfire_choices":[{"floor":8,"key":"REST"},{"data":"Inflame","floor":11,"key":"SMITH"},{"data":"Metallicize","floor":15,"key":"SMITH"},{"floor":23,"key":"REST"}],"neow_cost":"NONE","seed_source_timestamp":20453640924100,"circlet_count":0,"master_deck":["AscendersBane","Strike_R","Strike_R","Strike_R","Defend_R","Defend_R","Defend_R+1","Defend_R+1","Bash","Pommel Strike+1","Inflame+1","Inflame","Sword Boomerang","Metallicize+1","Iron Wave","Dual Wield+1","Bludgeon","Armaments","Spot Weakness+1"],"relics":["Burning Blood","Potion Belt","Pen Nib","Oddly Smooth Stone","Sozu"],"potions_floor_usage":[10,24],"damage_taken":[{"damage":6,"enemies":"2 Louse","floor":1,"turns":4},{"damage":3,"enemies":"Small Slimes","floor":5,"turns":5},{"damage":32,"enemies":"Gremlin Nob","floor":6,"turns":4},{"damage":7,"enemies":"Jaw Worm","floor":7,"turns":3},{"damage":17,"enemies":"Gremlin Gang","floor":10,"turns":5},{"damage":14,"enemies":"Red Slaver","floor":13,"turns":5},{"damage":14,"enemies":"Hexaghost","floor":16,"turns":9},{"damage":12,"enemies":"Chosen","floor":18,"turns":4},{"damage":15,"enemies":"2 Thieves","floor":20,"turns":4},{"damage":31,"enemies":"Snake Plant","floor":21,"turns":6},{"damage":9,"enemies":"Snecko","floor":22,"turns":4},{"damage":51,"enemies":"Gremlin Leader","floor":24,"turns":6}],"seed_played":"4369921597649685471","potions_obtained":[{"floor":1,"key":"GamblersBrew"},{"floor":6,"key":"Fire Potion"},{"floor":7,"key":"Regen Potion"},{"floor":10,"key":"Ancient Potion"}],"is_trial":false,"path_per_floor":["M","?","?","?","M","E","M","R","T","M","R","$","M","$","R","B",null,"M","?","M","M","M","R","E"],"character_chosen":"IRONCLAD","items_purchased":["Iron Wave","Oddly Smooth Stone"],"campfire_rested":2,"item_purchase_floors":[12,14],"current_hp_per_floor":[68,57,34,39,42,16,15,39,39,42,42,42,34,34,34,26,67,61,61,52,27,24,48,0],"gold":103,"neow_bonus":"HUNDRED_GOLD","is_prod":false,"is_daily":false,"chose_seed":false,"campfire_upgraded":2,"win_rate":0,"timestamp":1562023760,"path_taken":["M","?","?","?","?","E","M","R","T","?","R","$","M","?","R","BOSS","M","?","M","M","?","R","E"],"build_version":"2019-07-01","purchased_purges":2,"victory":false,"max_hp_per_floor":[75,75,75,80,80,80,80,80,80,80,80,80,80,80,80,80,80,80,80,80,80,80,80,80],"card_choices":[{"not_picked":["Pummel","Sword Boomerang"],"picked":"Pommel Strike","floor":1},{"not_picked":["Headbutt","Sentinel"],"picked":"Inflame","floor":5},{"not_picked":["Havoc","Power Through"],"picked":"Inflame","floor":6},{"not_picked":["Headbutt","Dropkick"],"picked":"Sword Boomerang","floor":7},{"not_picked":["Hemokinesis","Pommel Strike"],"picked":"Metallicize","floor":10},{"not_picked":["Flame Barrier","Intimidate"],"picked":"Dual Wield","floor":13},{"not_picked":["Juggernaut","Brutality"],"picked":"Bludgeon","floor":16},{"not_picked":["Anger","Body Slam","Feel No Pain"],"picked":"SKIP","floor":18},{"not_picked":["Sword Boomerang","Reckless Charge"],"picked":"Armaments","floor":20},{"not_picked":["Armaments","Sever Soul"],"picked":"Spot Weakness+1","floor":21},{"not_picked":["Heavy Blade","Shockwave+1","Flex"],"picked":"SKIP","floor":22}],"player_experience":417762,"relics_obtained":[{"floor":6,"key":"Potion Belt"},{"floor":9,"key":"Pen Nib"}],"event_choices":[{"damage_healed":0,"gold_gain":75,"player_choice":"Gather Gold","damage_taken":11,"max_hp_gain":0,"max_hp_loss":0,"event_name":"World of Goop","floor":2,"gold_loss":0},{"damage_healed":0,"gold_gain":0,"player_choice":"Entered Light","damage_taken":23,"max_hp_gain":0,"max_hp_loss":0,"event_name":"Shining Light","floor":3,"gold_loss":0,"cards_upgraded":["Pommel Strike","Defend_R"]},{"damage_healed":0,"gold_gain":0,"player_choice":"Donut","damage_taken":0,"max_hp_gain":5,"max_hp_loss":0,"event_name":"Big Fish","floor":4,"gold_loss":0},{"damage_healed":0,"gold_gain":0,"player_choice":"Upgraded Two","damage_taken":0,"max_hp_gain":0,"max_hp_loss":0,"event_name":"Designer","floor":19,"gold_loss":50,"cards_upgraded":["Dual Wield","Defend_R"]}],"is_beta":false,"boss_relics":[{"not_picked":["Fusion Hammer","Astrolabe"],"picked":"Sozu"}],"items_purged_floors":[12,14],"is_endless":false,"potions_floor_spawned":[1,6,7,10,20,21,22],"killed_by":"Gremlin Leader","ascension_level":18}