{"gold_per_floor":[119,97,111,1,16,16,33,33,33,45,64,76,150,165,165,267,267,285,285,302,322,322,322,339,339,421,437,450,24,24,24,24,24],"floor_reached":33,"playtime":1626,"items_purged":[],"score":255,"play_id":"986a723d-8a3d-456d-a018-c9e8bb3f77b2","local_time":"20190312012826","is_ascension_mode":true,"campfire_choices":[{"data":"Genetic Algorithm","floor":6,"key":"SMITH"},{"data":"Redo","floor":8,"key":"SMITH"},{"floor":15,"key":"REST"},{"data":"Zap","floor":23,"key":"SMITH"},{"floor":25,"key":"REST"},{"floor":30,"key":"REST"},{"data":"Hello World","floor":32,"key":"SMITH"}],"neow_cost":"NONE","seed_source_timestamp":2068593675600,"circlet_count":0,"master_deck":["Strike_B","Strike_B","Defend_B","Defend_B","Defend_B","Defend_B","Zap+1","Dualcast","Fusion","Leap","Rebound","Sweeping Beam","Gash","Good Instincts","Genetic Algorithm+1","Redo+1","Coolheaded","Melter","Static Discharge","Stack","Thunder Strike","Beam Cell","Redo","Zap","Static Discharge+1","Blizzard+1","Coolheaded","Hologram","Compile Driver+1","Auto Shields","Hello World+1","Barrage+1","Finesse","Gash+1"],"relics":["Cracked Core","Meat on the Bone","Dodecahedron","Sozu","Molten Egg 2","Bottled Tornado"],"potions_floor_usage":[16,16,33],"damage_taken":[{"damage":1,"enemies":"Cultist","floor":1,"turns":3},{"damage":0,"enemies":"Jaw Worm","floor":3,"turns":4},{"damage":0,"enemies":"2 Louse","floor":5,"turns":2},{"damage":4,"enemies":"Looter","floor":7,"turns":4},{"damage":7,"enemies":"Blue Slaver","floor":10,"turns":3},{"damage":11,"enemies":"Exordium Wildlife","floor":11,"turns":6},{"damage":4,"enemies":"2 Fungi Beasts","floor":12,"turns":3},{"damage":17,"enemies":"Gremlin Gang","floor":14,"turns":3},{"damage":33,"enemies":"Hexaghost","floor":16,"turns":8},{"damage":3,"enemies":"3 Byrds","floor":18,"turns":5},{"damage":0,"enemies":"Spheric Guardian","floor":20,"turns":1},{"damage":15,"enemies":"Centurion and Healer","floor":21,"turns":4},{"damage":22,"enemies":"3 Cultists","floor":24,"turns":6},{"damage":33,"enemies":"Shelled Parasite and Fungi","floor":27,"turns":5},{"damage":9,"enemies":"Sentry and Sphere","floor":28,"turns":3},{"damage":69,"enemies":"Collector","floor":33,"turns":6}],"seed_played":"7181735664604179645","potions_obtained":[{"floor":1,"key":"Energy Potion"},{"floor":3,"key":"AttackPotion"},{"floor":11,"key":"LiquidBronze"},{"floor":12,"key":"AttackPotion"}],"is_trial":false,"path_per_floor":["M","$","M","$","M","R","M","R","T","M","M","M","T","M","R","B",null,"M","?","M","M","?","R","M","R","T","M","M","$","R","?","R","B"],"character_chosen":"DEFECT","items_purchased":["Rebound","Gash","Good Instincts","Hello World","Barrage+1","Bottled Tornado","Finesse"],"campfire_rested":3,"item_purchase_floors":[2,4,4,29,29,29,29],"current_hp_per_floor":[74,74,74,74,74,74,70,70,70,63,52,48,48,43,65,44,75,72,72,72,57,57,57,47,69,69,48,39,39,61,61,61,0],"gold":24,"neow_bonus":"TRANSFORM_CARD","is_prod":false,"is_daily":false,"chose_seed":false,"campfire_upgraded":4,"win_rate":0,"timestamp":1552368506,"path_taken":["M","$","M","$","M","R","M","R","T","M","?","M","?","?","R","BOSS","M","?","?","M","?","R","M","R","T","M","?","$","R","?","R","BOSS"],"build_version":"2019-01-23","purchased_purges":0,"victory":false,"max_hp_per_floor":[75,75,75,75,75,75,75,75,75,75,75,75,75,75,75,75,75,75,75,75,75,75,75,75,75,75,75,75,75,75,75,75,75],"card_choices":[{"not_picked":["Blizzard","Steam"],"picked":"Leap","floor":1},{"not_picked":["Skim","Cold Snap"],"picked":"Sweeping Beam","floor":3},{"not_picked":["Conserve Battery","Gash"],"picked":"Genetic Algorithm","floor":5},{"not_picked":["Blizzard","Compile Driver"],"picked":"Redo","floor":7},{"not_picked":["Barrage","Sunder"],"picked":"Coolheaded","floor":10},{"not_picked":["Redo","Storm"],"picked":"Melter","floor":11},{"not_picked":["Conserve Battery","Reboot"],"picked":"Static Discharge","floor":12},{"not_picked":["Turbo","Redo"],"picked":"Stack","floor":14},{"not_picked":["Meteor Strike","All For One"],"picked":"Thunder Strike","floor":16},{"not_picked":["Stack","Barrage+1"],"picked":"Beam Cell","floor":18},{"not_picked":["Stack+1","Hologram+1"],"picked":"Static Discharge+1","floor":20},{"not_picked":["Reboot","FTL"],"picked":"Blizzard+1","floor":21},{"not_picked":["Lockon","Heatsinks"],"picked":"Hologram","floor":24},{"not_picked":["Redo+1","Darkness"],"picked":"Compile Driver+1","floor":27},{"not_picked":["Go for the Eyes+1","Cold Snap+1"],"picked":"Auto Shields","floor":28}],"player_experience":28829,"relics_obtained":[{"floor":9,"key":"Meat on the Bone"},{"floor":13,"key":"Dodecahedron"},{"floor":26,"key":"Molten Egg 2"}],"event_choices":[{"damage_healed":0,"gold_gain":0,"player_choice":"2 cards matched","damage_taken":0,"max_hp_gain":0,"max_hp_loss":0,"event_name":"Match and Keep!","floor":19,"gold_loss":0,"cards_obtained":["Redo","Zap"]},{"damage_healed":0,"gold_gain":0,"cards_transformed":["Strike_B"],"player_choice":"Transformed","damage_taken":0,"max_hp_gain":0,"max_hp_loss":0,"event_name":"Transmorgrifier","floor":22,"gold_loss":0,"cards_obtained":["Coolheaded"]},{"damage_healed":0,"gold_gain":0,"player_choice":"Read","damage_taken":0,"max_hp_gain":0,"max_hp_loss":0,"event_name":"The Library","floor":31,"gold_loss":0,"cards_obtained":["Gash"]}],"is_beta":false,"boss_relics":[{"not_picked":["Fusion Hammer","Philosopher\u0027s Stone"],"picked":"Sozu"}],"items_purged_floors":[],"is_endless":false,"potions_floor_spawned":[1,3,11,12,20,21,28],"killed_by":"Collector","ascension_level":1}