{"gold_per_floor":[112,123,73,91,91,117,129,129,129,129,129,158,158,4,4,105,105,124,142,156,174,185,185,203,238,263,279,279,279,279,279,279,279],"floor_reached":33,"playtime":1908,"items_purged":[],"score":416,"play_id":"5d43ab77-80a7-403d-b094-a785164db2ba","local_time":"20190906200636","is_ascension_mode":true,"campfire_choices":[{"floor":10,"key":"REST"},{"floor":15,"key":"REST"},{"floor":23,"key":"REST"},{"floor":28,"key":"REST"},{"data":"Darkness","floor":32,"key":"SMITH"}],"neow_cost":"TEN_PERCENT_HP_LOSS","seed_source_timestamp":1774678209539200,"circlet_count":0,"master_deck":["AscendersBane","Strike_B+1","Defend_B+1","Defend_B","Zap","Dualcast","Swift Strike+1","Panacea+1","Cold Snap","Undo","Darkness+1","Coolheaded","Redo","Core Surge","Machine Learning","Steam+1","Gash+1","Conserve Battery+1","Genetic Algorithm","Scrape","Glacier+1","Darkness","Conserve Battery","Writhe","Decay"],"special_seed":0,"relics":["Cracked Core","Bottled Flame","Mercury Hourglass","Ancient Tea Set","Blood Vial","War Paint","Astrolabe","Shovel","PreservedInsect","Oddly Smooth Stone"],"potions_floor_usage":[12,24,25,33],"damage_taken":[{"damage":0.0,"enemies":"2 Louse","floor":1.0,"turns":2.0},{"damage":0.0,"enemies":"Small Slimes","floor":2.0,"turns":3.0},{"damage":0.0,"enemies":"Jaw Worm","floor":4.0,"turns":4.0},{"damage":13.0,"enemies":"Lagavulin","floor":6.0,"turns":7.0},{"damage":5,"enemies":"3 Louse","floor":7,"turns":5},{"damage":36,"enemies":"Gremlin Nob","floor":12,"turns":4},{"damage":30,"enemies":"Slime Boss","floor":16,"turns":10},{"damage":12,"enemies":"3 Byrds","floor":18,"turns":6},{"damage":0,"enemies":"Spheric Guardian","floor":19,"turns":4},{"damage":22,"enemies":"Chosen and Byrds","floor":20,"turns":6},{"damage":12,"enemies":"Shelled Parasite and Fungi","floor":21,"turns":7},{"damage":2,"enemies":"Centurion and Healer","floor":22,"turns":7},{"damage":15,"enemies":"Sentry and Sphere","floor":24,"turns":6},{"damage":13,"enemies":"Book of Stabbing","floor":25,"turns":7},{"damage":7,"enemies":"Cultist and Chosen","floor":27,"turns":7},{"damage":45,"enemies":"Automaton","floor":33,"turns":6}],"seed_played":"-1839483542665571255","potions_obtained":[{"floor":4.0,"key":"SpeedPotion"},{"floor":6,"key":"Strength Potion"},{"floor":7,"key":"Weak Potion"},{"floor":18,"key":"Block Potion"},{"floor":24,"key":"Weak Potion"},{"floor":27,"key":"Fire Potion"}],"is_trial":false,"path_per_floor":["M","M","?","M","?","E","M","?","T","R","?","E","?","$","R","B",null,"M","M","M","M","M","R","M","E","T","M","R","?","?","?","R","B"],"character_chosen":"DEFECT","items_purchased":["War Paint"],"campfire_rested":4,"item_purchase_floors":[14],"current_hp_per_floor":[68,68,68,68,54,41,36,29,29,49,42,6,28,28,48,20,56,46,48,28,18,18,38,25,14,14,9,29,29,29,29,29,0],"gold":279,"neow_bonus":"RANDOM_COLORLESS_2","is_prod":false,"is_daily":false,"chose_seed":false,"campfire_upgraded":1,"win_rate":0,"timestamp":1567825596,"path_taken":["M","M","?","M","?","E","M","?","T","R","?","E","?","$","R","BOSS","M","M","M","M","M","R","M","E","T","M","R","?","?","?","R","BOSS"],"build_version":"2019-07-17","purchased_purges":0,"victory":false,"max_hp_per_floor":[68,68,68,68,68,68,68,68,68,68,68,68,68,68,68,68,68,68,68,68,68,68,68,68,68,68,68,68,68,68,68,68,68],"card_choices":[{"not_picked":["Hologram","Beam Cell"],"picked":"Cold Snap","floor":1.0},{"not_picked":["Consume","Steam Power"],"picked":"Undo","floor":2.0},{"not_picked":["Sweeping Beam","Capacitor"],"picked":"Darkness","floor":4.0},{"not_picked":["Buffer","Leap"],"picked":"Coolheaded","floor":6},{"not_picked":["Hologram","Go for the Eyes"],"picked":"Redo","floor":7},{"not_picked":["Rip and Tear","Barrage"],"picked":"Core Surge","floor":12},{"not_picked":["Amplify","Reboot"],"picked":"Machine Learning","floor":16},{"not_picked":["Turbo","Hologram+1"],"picked":"Genetic Algorithm","floor":18},{"not_picked":["Hologram","Rebound"],"picked":"Scrape","floor":19},{"not_picked":["Steam","Barrage","Buffer"],"picked":"SKIP","floor":20},{"not_picked":["Auto Shields","Conserve Battery"],"picked":"Glacier+1","floor":21},{"not_picked":["Coolheaded","Streamline+1"],"picked":"Darkness","floor":22},{"not_picked":["Storm","Hologram"],"picked":"Conserve Battery","floor":24},{"not_picked":["Hologram+1","Melter+1","Turbo+1"],"picked":"SKIP","floor":25},{"not_picked":["Ball Lightning","Auto Shields","Undo"],"picked":"SKIP","floor":27}],"player_experience":277733,"relics_obtained":[{"floor":6,"key":"Bottled Flame"},{"floor":9,"key":"Mercury Hourglass"},{"floor":12,"key":"Blood Vial"},{"floor":25,"key":"Shovel"},{"floor":26,"key":"PreservedInsect"}],"event_choices":[{"cards_removed":["Strike_B"],"damage_healed":0.0,"max_hp_gain":0.0,"max_hp_loss":0.0,"gold_gain":0.0,"event_name":"The Cleric","player_choice":"Card Removal","floor":3.0,"gold_loss":50.0,"damage_taken":0.0},{"damage_healed":0.0,"max_hp_gain":0.0,"max_hp_loss":0.0,"gold_gain":0.0,"event_name":"Shining Light","player_choice":"Entered Light","floor":5.0,"gold_loss":0.0,"damage_taken":14.0,"cards_upgraded":["Strike_B","Swift Strike"]},{"cards_removed":["Strike_B"],"damage_healed":0,"gold_gain":0,"player_choice":"Card Removal","damage_taken":7,"max_hp_gain":0,"max_hp_loss":0,"event_name":"Golden Wing","floor":8,"gold_loss":0},{"damage_healed":0,"gold_gain":0,"player_choice":"Success","damage_taken":7,"relics_obtained":["Ancient Tea Set"],"max_hp_gain":0,"max_hp_loss":0,"event_name":"Scrap Ooze","floor":11,"gold_loss":0},{"damage_healed":22,"gold_gain":0,"player_choice":"Banana","damage_taken":0,"max_hp_gain":0,"max_hp_loss":0,"event_name":"Big Fish","floor":13,"gold_loss":0},{"damage_healed":0,"gold_gain":0,"player_choice":"Ignored","damage_taken":0,"max_hp_gain":0,"max_hp_loss":0,"event_name":"Cursed Tome","floor":29,"gold_loss":0},{"damage_healed":0,"gold_gain":0,"player_choice":"Opened","damage_taken":0,"relics_obtained":["Oddly Smooth Stone"],"max_hp_gain":0,"max_hp_loss":0,"event_name":"The Mausoleum","floor":30,"gold_loss":0,"cards_obtained":["Writhe"]},{"damage_healed":0,"gold_gain":0,"player_choice":"Cursed","damage_taken":0,"max_hp_gain":0,"max_hp_loss":0,"event_name":"Wheel of Change","floor":31,"gold_loss":0,"cards_obtained":["Decay"]}],"is_beta":false,"boss_relics":[{"not_picked":["Velvet Choker","Calling Bell"],"picked":"Astrolabe"}],"items_purged_floors":[],"is_endless":false,"potions_floor_spawned":[4,6,7,18,19,24,27],"killed_by":"Automaton","ascension_level":10}