{"gold_per_floor":[113,113,129,41,41,41,74,94,94,94,124,141,141,164,176,262,324,353,365,394,21,40,40,40,4,4,4],"floor_reached":27,"playtime":603,"items_purged":[],"score":419,"play_id":"b57950ef-8efe-437f-8549-57fd3313996e","local_time":"20190616215858","is_ascension_mode":true,"campfire_choices":[{"data":"Bash","floor":6,"key":"SMITH"},{"data":"Flame Barrier","floor":10,"key":"SMITH"},{"data":"Inflame","floor":15,"key":"SMITH"},{"data":"Flame Barrier","floor":23,"key":"SMITH"}],"neow_cost":"NONE","seed_source_timestamp":44911633683400,"circlet_count":0,"master_deck":["AscendersBane","Strike_R","Strike_R","Strike_R","Strike_R","Strike_R+1","Defend_R","Defend_R","Defend_R","Defend_R","Bash+1","Flame Barrier+1","Twin Strike","Inflame+1","Clothesline","Metallicize","Rampage","Pommel Strike","Parasite","Limit Break","Flame Barrier+1","Iron Wave","RitualDagger","Thunderclap","Pummel","Disarm","Decay","Carnage"],"relics":["Burning Blood","Gremlin Horn","Bag of Marbles","Pen Nib","MawBank","Tiny House","Mango","Girya"],"potions_floor_usage":[7,11,27],"damage_taken":[{"damage":7,"enemies":"Small Slimes","floor":1,"turns":4},{"damage":5,"enemies":"2 Louse","floor":3,"turns":3},{"damage":16,"enemies":"Gremlin Nob","floor":7,"turns":3},{"damage":7,"enemies":"Jaw Worm","floor":8,"turns":3},{"damage":20,"enemies":"3 Sentries","floor":11,"turns":8},{"damage":11,"enemies":"2 Fungi Beasts","floor":12,"turns":3},{"damage":20,"enemies":"Slime Boss","floor":16,"turns":8},{"damage":6,"enemies":"Chosen","floor":18,"turns":5},{"damage":34,"enemies":"Spheric Guardian","floor":20,"turns":6},{"damage":42,"enemies":"Chosen and Byrds","floor":22,"turns":7},{"damage":51,"enemies":"Cultist and Chosen","floor":27,"turns":4}],"seed_played":"-5603052850269078701","potions_obtained":[{"floor":0,"key":"SteroidPotion"},{"floor":0,"key":"SpeedPotion"},{"floor":8,"key":"Explosive Potion"},{"floor":12,"key":"FearPotion"},{"floor":22,"key":"BloodPotion"}],"is_trial":false,"path_per_floor":["M","?","M","$","?","R","E","M","T","R","E","M","?","T","R","B",null,"M","?","M","$","M","R","?","$","T","M"],"character_chosen":"IRONCLAD","items_purchased":["Inflame","Mango","Pummel","Carnage"],"campfire_rested":0,"item_purchase_floors":[4,21,21,25],"current_hp_per_floor":[67,72,73,73,73,73,63,62,62,62,48,43,63,63,63,49,77,77,71,43,57,21,21,21,21,21,0],"gold":4,"neow_bonus":"THREE_SMALL_POTIONS","is_prod":false,"is_daily":false,"chose_seed":false,"campfire_upgraded":4,"win_rate":0,"timestamp":1560736738,"path_taken":["M","?","M","$","?","R","E","M","T","R","E","M","?","?","R","BOSS","M","?","M","$","M","R","?","$","T","M"],"build_version":"2019-01-23","purchased_purges":0,"victory":false,"max_hp_per_floor":[75,80,80,80,80,80,80,80,80,80,80,80,80,80,80,80,85,85,85,85,99,99,99,99,99,99,99],"card_choices":[{"not_picked":["Ghostly Armor","Fire Breathing"],"picked":"Flame Barrier","floor":1},{"not_picked":["Sever Soul","Anger"],"picked":"Twin Strike","floor":3},{"not_picked":["Headbutt","Disarm"],"picked":"Clothesline","floor":7},{"not_picked":["Flame Barrier","Blood for Blood"],"picked":"Metallicize","floor":8},{"not_picked":["Perfected Strike","Clash"],"picked":"Rampage","floor":11},{"not_picked":["Clothesline","Anger"],"picked":"Pommel Strike","floor":12},{"not_picked":["Dark Embrace","Demon Form"],"picked":"Limit Break","floor":16},{"not_picked":["Reckless Charge","Seeing Red"],"picked":"Flame Barrier","floor":17},{"not_picked":["Evolve+1","Shockwave"],"picked":"Iron Wave","floor":18},{"not_picked":["Anger","Bloodletting"],"picked":"Thunderclap","floor":20},{"not_picked":["Metallicize","Clothesline"],"picked":"Disarm","floor":22}],"player_experience":403082,"relics_obtained":[{"floor":7,"key":"Gremlin Horn"},{"floor":9,"key":"Bag of Marbles"},{"floor":11,"key":"Pen Nib"},{"floor":14,"key":"MawBank"},{"floor":26,"key":"Girya"}],"event_choices":[{"damage_healed":0,"gold_gain":0,"player_choice":"Donut","damage_taken":0,"max_hp_gain":5,"max_hp_loss":0,"event_name":"Big Fish","floor":2,"gold_loss":0},{"damage_healed":0,"gold_gain":0,"player_choice":"Leave","damage_taken":0,"max_hp_gain":0,"max_hp_loss":0,"event_name":"The Cleric","floor":5,"gold_loss":0},{"damage_healed":20,"gold_gain":0,"player_choice":"Healed and dodged fight","damage_taken":0,"max_hp_gain":0,"max_hp_loss":0,"event_name":"Mushrooms","floor":13,"gold_loss":0,"cards_obtained":["Parasite"]},{"damage_healed":0,"gold_gain":0,"player_choice":"Joined the Cult","damage_taken":6,"max_hp_gain":0,"max_hp_loss":0,"event_name":"Nest","floor":19,"gold_loss":0,"cards_obtained":["RitualDagger"]},{"damage_healed":0,"gold_gain":0,"player_choice":"Smashed Altar","damage_taken":0,"max_hp_gain":0,"max_hp_loss":0,"event_name":"Forgotten Altar","floor":24,"gold_loss":0,"cards_obtained":["Decay"]}],"is_beta":false,"boss_relics":[{"not_picked":["Velvet Choker","Coffee Dripper"],"picked":"Tiny House"}],"items_purged_floors":[],"is_endless":false,"potions_floor_spawned":[1,8,12,22],"killed_by":"Cultist and Chosen","ascension_level":16}