{"gold_per_floor":[112,124,140,140,153,153,188,21,47,74,86,123,135,161,173,289,301,301,301,45,45,45,45,45,45,45,45,45,45,45,45,45,45,45,45,45,45,45,45,45,45,45,45,45,45,45,45,45,45,45],"floor_reached":50,"playtime":2951,"items_purged":["Strike_R","Defend_R"],"score":794,"play_id":"1a905352-19b1-46d9-b0fa-c79c1a2ea989","local_time":"20190511113548","is_ascension_mode":true,"campfire_choices":[{"data":"Uppercut","floor":6,"key":"SMITH"},{"data":"True Grit","floor":11,"key":"SMITH"},{"floor":15,"key":"REST"},{"data":"Immolate","floor":23,"key":"SMITH"},{"data":"Inflame","floor":25,"key":"SMITH"},{"data":"Rage","floor":32,"key":"SMITH"},{"data":"Heavy Blade","floor":40,"key":"SMITH"},{"floor":49,"key":"REST"}],"neow_cost":"NONE","seed_source_timestamp":1605313861800,"circlet_count":0,"master_deck":["AscendersBane","Strike_R","Strike_R+1","Strike_R+1","Defend_R+1","Defend_R+1","Defend_R+1","Bash","Rage+1","Iron Wave+1","Heavy Blade+1","Barricade","Uppercut+1","Iron Wave","Inflame+1","Sword Boomerang","True Grit+1","Feed","Ghostly Armor","Immolate+1","Inflame+1","Shrug It Off+1","Parasite","Shrug It Off","Whirlwind","Flame Barrier"],"relics":["Burning Blood","Dream Catcher","MawBank","Oddly Smooth Stone","Ectoplasm","Anchor","GremlinMask","War Paint","Dodecahedron","Mark of Pain","Incense Burner","Whetstone"],"potions_floor_usage":[7,10,16,24,33,33,35,45],"damage_taken":[{"damage":4,"enemies":"Small Slimes","floor":1,"turns":4},{"damage":0,"enemies":"Cultist","floor":2,"turns":3},{"damage":11,"enemies":"Jaw Worm","floor":3,"turns":6},{"damage":13,"enemies":"Looter","floor":5,"turns":4},{"damage":44,"enemies":"3 Sentries","floor":7,"turns":8},{"damage":16,"enemies":"Exordium Thugs","floor":10,"turns":6},{"damage":19,"enemies":"Gremlin Nob","floor":12,"turns":4},{"damage":1,"enemies":"3 Louse","floor":14,"turns":4},{"damage":17,"enemies":"Slime Boss","floor":16,"turns":15},{"damage":0,"enemies":"Spheric Guardian","floor":18,"turns":3},{"damage":17,"enemies":"Chosen","floor":19,"turns":5},{"damage":30,"enemies":"Snecko","floor":22,"turns":5},{"damage":7,"enemies":"Book of Stabbing","floor":24,"turns":5},{"damage":10,"enemies":"Centurion and Healer","floor":27,"turns":5},{"damage":8,"enemies":"Snake Plant","floor":28,"turns":5},{"damage":0,"enemies":"Chosen and Byrds","floor":29,"turns":4},{"damage":0,"enemies":"Snecko","floor":30,"turns":4},{"damage":0,"enemies":"3 Cultists","floor":31,"turns":4},{"damage":71,"enemies":"Automaton","floor":33,"turns":11},{"damage":4,"enemies":"3 Shapes","floor":35,"turns":11},{"damage":23,"enemies":"Mind Bloom Boss Battle","floor":36,"turns":10},{"damage":14,"enemies":"Orb Walker","floor":38,"turns":4},{"damage":6,"enemies":"4 Shapes","floor":39,"turns":4},{"damage":10,"enemies":"Transient","floor":45,"turns":5},{"damage":0,"enemies":"Writhing Mass","floor":46,"turns":7},{"damage":31,"enemies":"Jaw Worm Horde","floor":48,"turns":5},{"damage":78,"enemies":"Donu and Deca","floor":50,"turns":7}],"seed_played":"1498034846595708534","potions_obtained":[{"floor":1,"key":"SkillPotion"},{"floor":3,"key":"Regen Potion"},{"floor":14,"key":"Weak Potion"},{"floor":16,"key":"SpeedPotion"},{"floor":18,"key":"EssenceOfSteel"},{"floor":28,"key":"AttackPotion"},{"floor":33,"key":"GamblersBrew"},{"floor":39,"key":"SteroidPotion"}],"is_trial":false,"path_per_floor":["M","M","M","?","M","R","E","$","T","M","R","E","?","M","R","B",null,"M","M","$","?","M","R","E","R","T","M","M","M","M","M","R","B",null,"M","?","?","M","M","R","?","?","T","?","M","M","?","M","R","B"],"character_chosen":"IRONCLAD","items_purchased":["Inflame","Sword Boomerang","Anchor"],"campfire_rested":2,"item_purchase_floors":[8,8,20],"current_hp_per_floor":[82,88,83,83,76,76,53,53,53,43,43,30,12,20,47,39,80,86,75,75,75,54,54,53,53,53,52,50,59,65,74,74,9,82,87,70,70,62,65,65,65,65,65,65,61,67,67,42,75,0],"gold":45,"neow_bonus":"TEN_PERCENT_HP_BONUS","is_prod":false,"is_daily":false,"chose_seed":false,"campfire_upgraded":6,"win_rate":0,"timestamp":1557588948,"path_taken":["M","M","M","?","M","R","E","$","T","?","R","E","?","M","R","BOSS","M","M","$","?","M","R","E","R","T","M","M","M","M","M","R","BOSS","M","?","?","?","M","R","?","?","T","?","M","M","?","M","R","BOSS"],"build_version":"2019-01-23","purchased_purges":2,"victory":false,"max_hp_per_floor":[88,88,88,88,88,88,88,88,88,88,88,88,88,91,91,94,94,94,94,94,94,97,97,97,97,97,100,100,103,103,106,106,106,106,109,109,109,109,112,112,112,112,112,112,112,112,112,112,112,112],"card_choices":[{"not_picked":["Metallicize","Thunderclap"],"picked":"Rage","floor":1},{"not_picked":["Infernal Blade","Shockwave"],"picked":"Iron Wave","floor":2},{"not_picked":["Sword Boomerang","Perfected Strike"],"picked":"Heavy Blade","floor":3},{"not_picked":["Offering","Warcry"],"picked":"Uppercut","floor":5},{"not_picked":["Disarm","Hemokinesis"],"picked":"Iron Wave","floor":7},{"not_picked":["Warcry","Heavy Blade"],"picked":"True Grit","floor":10},{"not_picked":["Heavy Blade","Flex"],"picked":"Feed","floor":12},{"not_picked":["Heavy Blade","True Grit","Sword Boomerang"],"picked":"SKIP","floor":14},{"not_picked":["Clothesline","Sword Boomerang"],"picked":"Ghostly Armor","floor":15},{"not_picked":["Feed","Dark Embrace"],"picked":"Immolate","floor":16},{"not_picked":["Wild Strike","Ghostly Armor","Warcry+1"],"picked":"SKIP","floor":18},{"not_picked":["Warcry","Sword Boomerang","Clash"],"picked":"SKIP","floor":19},{"not_picked":["Iron Wave","Juggernaut","Pummel+1"],"picked":"SKIP","floor":22},{"not_picked":["Havoc+1","Heavy Blade+1","Pummel"],"picked":"SKIP","floor":24},{"not_picked":["Infernal Blade","Perfected Strike+1","Sentinel"],"picked":"SKIP","floor":27},{"not_picked":["Clash","Feel No Pain+1","Thunderclap"],"picked":"SKIP","floor":28},{"not_picked":["Thunderclap","Warcry","Fire Breathing"],"picked":"SKIP","floor":29},{"not_picked":["Feed","Warcry+1","Flex+1"],"picked":"SKIP","floor":30},{"not_picked":["Wild Strike","Armaments","True Grit"],"picked":"SKIP","floor":31},{"not_picked":["Warcry","Infernal Blade","Heavy Blade+1"],"picked":"SKIP","floor":35},{"not_picked":["Second Wind","Sword Boomerang"],"picked":"Shrug It Off+1","floor":38},{"not_picked":["Body Slam+1","Havoc","Intimidate"],"picked":"SKIP","floor":39},{"not_picked":["Sadistic Nature","Jack Of All Trades"],"picked":"Finesse","floor":41},{"not_picked":["Hemokinesis","Clothesline+1","Sword Boomerang+1"],"picked":"SKIP","floor":45},{"not_picked":["Body Slam","Dropkick+1","Iron Wave+1"],"picked":"SKIP","floor":46},{"not_picked":["Ghostly Armor+1","Demon Form"],"picked":"Flame Barrier","floor":48}],"player_experience":252880,"relics_obtained":[{"floor":7,"key":"Dream Catcher"},{"floor":9,"key":"MawBank"},{"floor":12,"key":"Oddly Smooth Stone"},{"floor":24,"key":"War Paint"},{"floor":26,"key":"Dodecahedron"},{"floor":36,"key":"Incense Burner"},{"floor":43,"key":"Whetstone"}],"event_choices":[{"damage_healed":0,"gold_gain":0,"cards_transformed":["Strike_R"],"player_choice":"Transformed","damage_taken":0,"max_hp_gain":0,"max_hp_loss":0,"event_name":"Transmorgrifier","floor":4,"gold_loss":0,"cards_obtained":["Barricade"]},{"damage_healed":0,"gold_gain":0,"player_choice":"Entered Light","damage_taken":18,"max_hp_gain":0,"max_hp_loss":0,"event_name":"Shining Light","floor":13,"gold_loss":0,"cards_upgraded":["Defend_R","Iron Wave"]},{"damage_healed":0,"gold_gain":0,"player_choice":"Trade","damage_taken":0,"relics_obtained":["GremlinMask"],"max_hp_gain":0,"max_hp_loss":0,"event_name":"FaceTrader","floor":21,"gold_loss":0},{"damage_healed":0,"gold_gain":0,"player_choice":"Fight","damage_taken":0,"max_hp_gain":0,"max_hp_loss":0,"event_name":"MindBloom","floor":36,"gold_loss":0},{"damage_healed":0,"gold_gain":0,"player_choice":"Copied","damage_taken":0,"max_hp_gain":0,"max_hp_loss":0,"event_name":"Duplicator","floor":37,"gold_loss":0,"cards_obtained":["Inflame"]},{"damage_healed":0,"gold_gain":0,"player_choice":"Memory 1","damage_taken":0,"max_hp_gain":0,"max_hp_loss":0,"event_name":"SensoryStone","floor":41,"gold_loss":0},{"cards_removed":["Finesse"],"damage_healed":0,"gold_gain":0,"player_choice":"Removed Skill","damage_taken":0,"max_hp_gain":0,"max_hp_loss":0,"event_name":"Falling","floor":42,"gold_loss":0},{"damage_healed":0,"gold_gain":0,"player_choice":"Ignored","damage_taken":0,"max_hp_gain":0,"max_hp_loss":0,"event_name":"Mysterious Sphere","floor":44,"gold_loss":0},{"damage_healed":0,"gold_gain":0,"player_choice":"2 cards matched","damage_taken":0,"max_hp_gain":0,"max_hp_loss":0,"event_name":"Match and Keep!","floor":47,"gold_loss":0,"cards_obtained":["Shrug It Off","Whirlwind"]}],"is_beta":false,"boss_relics":[{"not_picked":["Snecko Eye","Orrery"],"picked":"Ectoplasm"},{"not_picked":["Runic Cube","Runic Dome"],"picked":"Mark of Pain"}],"items_purged_floors":[8,20],"is_endless":false,"potions_floor_spawned":[1,3,5,14,16,18,28,31,33,39],"killed_by":"Donu and Deca","ascension_level":11}