{"gold_per_floor":[112,35,49,69,85,119,119,145,145,145,0,0,15,34,34,131,131,144,144,157,157,168,168,203,203,203,3,3,0,26,42,42,42],"floor_reached":33,"playtime":2183,"items_purged":["Strike_G"],"score":275,"play_id":"26483112-5e48-4516-81e0-c2ebcc26d581","local_time":"20190310212533","is_ascension_mode":false,"campfire_choices":[{"floor":7,"key":"REST"},{"floor":10,"key":"REST"},{"data":"Infinite Blades","floor":12,"key":"SMITH"},{"floor":15,"key":"REST"},{"floor":23,"key":"REST"},{"floor":25,"key":"REST"},{"floor":32,"key":"REST"}],"neow_cost":"NONE","seed_source_timestamp":2281205074900,"circlet_count":0,"master_deck":["Defend_G","Defend_G","Defend_G","Defend_G","Defend_G","Strike_G","Strike_G","Strike_G","Strike_G","Survivor","Neutralize+1","Dagger Spray","Noxious Fumes","Leg Sweep","Poisoned Stab","Deflect","Blade Dance","Dash","Infinite Blades+1","Predator","Quick Slash","Burst","Crippling Poison+1","Writhe","Underhanded Strike","Choke","Outmaneuver+1","Acrobatics","RitualDagger","Quick Slash"],"relics":["Ring of the Serpent","Tingsha","Dodecahedron","Ice Cream","Bird Faced Urn","Mercury Hourglass","Ninja Scroll","Strange Spoon","Potion Belt"],"potions_floor_usage":[6,16,16,24],"damage_taken":[{"damage":0,"enemies":"Jaw Worm","floor":1,"turns":5},{"damage":0,"enemies":"2 Louse","floor":3,"turns":2},{"damage":0,"enemies":"Small Slimes","floor":4,"turns":4},{"damage":12,"enemies":"Exordium Thugs","floor":5,"turns":6},{"damage":22,"enemies":"3 Sentries","floor":6,"turns":7},{"damage":17,"enemies":"Gremlin Nob","floor":8,"turns":5},{"damage":0,"enemies":"Blue Slaver","floor":13,"turns":4},{"damage":5,"enemies":"Large Slime","floor":14,"turns":5},{"damage":36,"enemies":"Hexaghost","floor":16,"turns":8},{"damage":0,"enemies":"Chosen","floor":18,"turns":5},{"damage":17,"enemies":"2 Thieves","floor":20,"turns":4},{"damage":26,"enemies":"Cultist and Chosen","floor":22,"turns":8},{"damage":49,"enemies":"Gremlin Leader","floor":24,"turns":9},{"damage":20,"enemies":"Shelled Parasite and Fungi","floor":31,"turns":6},{"damage":63,"enemies":"Automaton","floor":33,"turns":6}],"seed_played":"3452882414800894584","potions_obtained":[{"floor":3,"key":"GamblersBrew"},{"floor":4,"key":"Energy Potion"},{"floor":5,"key":"Explosive Potion"},{"floor":13,"key":"Poison Potion"},{"floor":18,"key":"Regen Potion"}],"is_trial":false,"path_per_floor":["M","$","M","M","M","E","R","E","T","R","$","R","M","M","R","B",null,"M","?","M","?","M","R","E","R","T","$","?","?","T","M","R","B"],"character_chosen":"THE_SILENT","items_purchased":["Noxious Fumes","Infinite Blades","Strange Spoon"],"campfire_rested":6,"item_purchase_floors":[2,11,27],"current_hp_per_floor":[70,70,70,70,58,36,57,40,40,61,61,61,61,56,70,34,70,70,70,53,53,31,52,22,43,43,43,37,37,37,19,40,0],"gold":42,"neow_bonus":"UPGRADE_CARD","is_prod":false,"is_daily":false,"chose_seed":false,"campfire_upgraded":1,"win_rate":0.0,"timestamp":1552267533,"path_taken":["M","$","M","M","M","E","R","E","T","R","$","R","M","M","R","BOSS","M","?","M","?","M","R","E","R","T","$","?","?","?","M","R","BOSS"],"build_version":"2019-01-23","purchased_purges":1,"victory":false,"max_hp_per_floor":[70,70,70,70,70,70,70,70,70,70,70,70,70,70,70,70,70,70,70,70,70,70,70,70,70,70,70,70,70,70,70,70,70],"card_choices":[{"not_picked":["Deflect","Acrobatics"],"picked":"Dagger Spray","floor":1},{"not_picked":["Die Die Die","Dagger Throw"],"picked":"Leg Sweep","floor":3},{"not_picked":["Finisher","Endless Agony"],"picked":"Poisoned Stab","floor":4},{"not_picked":["Dagger Spray","Dodge and Roll"],"picked":"Deflect","floor":5},{"not_picked":["Underhanded Strike","Finisher"],"picked":"Blade Dance","floor":6},{"not_picked":["Dagger Throw","Underhanded Strike"],"picked":"Dash","floor":8},{"not_picked":["Masterful Stab","Night Terror"],"picked":"Predator","floor":13},{"not_picked":["Heel Hook","Deflect"],"picked":"Quick Slash","floor":14},{"not_picked":["Glass Knife","Venomology"],"picked":"Burst","floor":16},{"not_picked":["Acrobatics","Sucker Punch+1"],"picked":"Crippling Poison+1","floor":18},{"not_picked":["Endless Agony","Dodge and Roll+1"],"picked":"Underhanded Strike","floor":20},{"not_picked":["Skewer+1","Dagger Throw"],"picked":"Outmaneuver+1","floor":22},{"not_picked":["Slice","Malaise"],"picked":"Acrobatics","floor":24},{"not_picked":["Leg Sweep+1","PiercingWail+1"],"picked":"Quick Slash","floor":31}],"player_experience":14522,"relics_obtained":[{"floor":6,"key":"Tingsha"},{"floor":8,"key":"Dodecahedron"},{"floor":9,"key":"Ice Cream"},{"floor":24,"key":"Mercury Hourglass"},{"floor":26,"key":"Ninja Scroll"},{"floor":30,"key":"Potion Belt"}],"event_choices":[{"damage_healed":0,"gold_gain":0,"player_choice":"Opened","damage_taken":0,"relics_obtained":["Bird Faced Urn"],"max_hp_gain":0,"max_hp_loss":0,"event_name":"The Mausoleum","floor":19,"gold_loss":0,"cards_obtained":["Writhe"]},{"damage_healed":0,"gold_gain":0,"player_choice":"Read","damage_taken":0,"max_hp_gain":0,"max_hp_loss":0,"event_name":"The Library","floor":21,"gold_loss":0,"cards_obtained":["Choke"]},{"damage_healed":0,"gold_gain":0,"player_choice":"Joined the Cult","damage_taken":6,"max_hp_gain":0,"max_hp_loss":0,"event_name":"Nest","floor":28,"gold_loss":0,"cards_obtained":["RitualDagger"]},{"damage_healed":0,"gold_gain":0,"player_choice":"Paid Fearfully","damage_taken":0,"max_hp_gain":0,"max_hp_loss":0,"event_name":"Masked Bandits","floor":29,"gold_loss":3}],"is_beta":false,"boss_relics":[{"not_picked":["Eternal Feather","Coffee Dripper"],"picked":"Ring of the Serpent"}],"items_purged_floors":[11],"is_endless":false,"potions_floor_spawned":[3,4,5,13,18],"killed_by":"Automaton","ascension_level":0}