{"gold_per_floor":[109,109,184,61,130,158,86,86,113,141,173,200,212,254,266,354,366,393,419,114,114,128,128,147,147,198,127,127,138,138],"floor_reached":30,"playtime":614,"items_purged":["Strike_R","Strike_R"],"score":503,"play_id":"854c4bf2-5e87-4717-8680-2442f8bb497a","local_time":"20190601232944","is_ascension_mode":true,"campfire_choices":[{"data":"Bash","floor":8,"key":"SMITH"},{"data":"Rampage","floor":13,"key":"SMITH"},{"data":"Whirlwind","floor":15,"key":"SMITH"},{"data":"Limit Break","floor":23,"key":"SMITH"},{"data":"Inflame","floor":25,"key":"SMITH"}],"neow_cost":"NONE","seed_source_timestamp":1108007718200,"circlet_count":0,"master_deck":["AscendersBane","Strike_R","Strike_R","Strike_R","Defend_R","Defend_R","Defend_R","Defend_R","Bash+1","Rampage+1","Shrug It Off","Whirlwind+1","Rage","Shrug It Off","Double Tap","Clothesline","Inflame+1","Pommel Strike","Heavy Blade","Limit Break+1","Armaments+1","Metallicize"],"relics":["Black Blood","NeowsBlessing","Vajra","Gremlin Horn","Blood Vial","Ancient Tea Set","MawBank","Bronze Scales","Strawberry","Oddly Smooth Stone"],"potions_floor_usage":[14,14,24],"damage_taken":[{"damage":0,"enemies":"Small Slimes","floor":1,"turns":1},{"damage":0,"enemies":"Gremlin Nob","floor":6,"turns":1},{"damage":0,"enemies":"3 Sentries","floor":10,"turns":1},{"damage":4,"enemies":"Jaw Worm","floor":11,"turns":2},{"damage":0,"enemies":"Cultist","floor":12,"turns":3},{"damage":12,"enemies":"Gremlin Nob","floor":14,"turns":3},{"damage":25,"enemies":"Slime Boss","floor":16,"turns":8},{"damage":33,"enemies":"Shell Parasite","floor":18,"turns":7},{"damage":21,"enemies":"Spheric Guardian","floor":19,"turns":5},{"damage":16,"enemies":"Snecko","floor":22,"turns":4},{"damage":16,"enemies":"Snake Plant","floor":24,"turns":2},{"damage":21,"enemies":"Cultist and Chosen","floor":29,"turns":5},{"damage":39,"enemies":"Sentry and Sphere","floor":30,"turns":5}],"seed_played":"-2097557634299760511","potions_obtained":[{"floor":1,"key":"SneckoOil"},{"floor":11,"key":"LiquidBronze"},{"floor":14,"key":"Fruit Juice"},{"floor":19,"key":"Dexterity Potion"},{"floor":24,"key":"Poison Potion"}],"is_trial":false,"path_per_floor":["M","?","?","$","T","E","$","R","T","E","M","M","R","E","R","B",null,"M","M","$","?","M","R","M","R","T","$","?","M","M"],"character_chosen":"IRONCLAD","items_purchased":["Shrug It Off","Rage","Strawberry","Limit Break","Metallicize"],"campfire_rested":0,"item_purchase_floors":[4,7,20,20,27],"current_hp_per_floor":[74,56,45,45,45,51,51,51,51,59,63,71,71,72,72,55,74,53,44,51,51,47,47,43,43,43,43,43,34,0],"gold":138,"neow_bonus":"THREE_ENEMY_KILL","is_prod":false,"is_daily":false,"chose_seed":false,"campfire_upgraded":5,"win_rate":0,"timestamp":1559446184,"path_taken":["M","?","?","$","?","E","$","R","T","E","?","M","R","E","R","BOSS","M","M","$","?","?","R","M","R","T","$","?","M","M"],"build_version":"2019-01-23","purchased_purges":2,"victory":false,"max_hp_per_floor":[75,75,75,75,75,75,75,75,75,75,75,75,75,80,80,80,80,80,80,87,87,87,87,87,87,87,87,87,87,87],"card_choices":[{"not_picked":["Blood for Blood","Ghostly Armor"],"picked":"Rampage","floor":1},{"not_picked":["Flex","Thunderclap"],"picked":"Whirlwind","floor":6},{"not_picked":["Sentinel","Wild Strike"],"picked":"Shrug It Off","floor":10},{"not_picked":["Wild Strike","Body Slam"],"picked":"Double Tap","floor":11},{"not_picked":["Seeing Red","Clash"],"picked":"Clothesline","floor":12},{"not_picked":["Rupture","Uppercut"],"picked":"Inflame","floor":14},{"not_picked":["Warcry","Clothesline"],"picked":"Pommel Strike","floor":18},{"not_picked":["Warcry","Havoc"],"picked":"Heavy Blade","floor":19},{"not_picked":["Perfected Strike","Twin Strike"],"picked":"Armaments+1","floor":22},{"not_picked":["Cleave+1","Anger","Fire Breathing"],"picked":"SKIP","floor":24},{"not_picked":["Barricade","Intimidate","Body Slam"],"picked":"SKIP","floor":29}],"player_experience":374133,"relics_obtained":[{"floor":5,"key":"Gremlin Horn"},{"floor":6,"key":"Blood Vial"},{"floor":9,"key":"Ancient Tea Set"},{"floor":10,"key":"MawBank"},{"floor":14,"key":"Bronze Scales"},{"floor":26,"key":"Oddly Smooth Stone"}],"event_choices":[{"damage_healed":0,"gold_gain":0,"player_choice":"Success","damage_taken":18,"relics_obtained":["Vajra"],"max_hp_gain":0,"max_hp_loss":0,"event_name":"Scrap Ooze","floor":2,"gold_loss":0},{"damage_healed":0,"gold_gain":75,"player_choice":"Gather Gold","damage_taken":11,"max_hp_gain":0,"max_hp_loss":0,"event_name":"World of Goop","floor":3,"gold_loss":0},{"damage_healed":0,"gold_gain":0,"player_choice":"Ignored","damage_taken":0,"max_hp_gain":0,"max_hp_loss":0,"event_name":"N\u0027loth","floor":21,"gold_loss":0},{"damage_healed":0,"gold_gain":0,"player_choice":"Ignored","damage_taken":0,"max_hp_gain":0,"max_hp_loss":0,"event_name":"Ghosts","floor":28,"gold_loss":0}],"is_beta":false,"boss_relics":[{"not_picked":["Empty Cage","Runic Cube"],"picked":"Black Blood"}],"items_purged_floors":[4,20],"is_endless":false,"potions_floor_spawned":[1,11,14,19,24],"killed_by":"Sentry and Sphere","ascension_level":14}