{"gold_per_floor":[112,60,79,96,56,84,84,119,119,119,137,137,62,81,81,152,152,125,82,99,99,113,113,23,23],"floor_reached":25,"playtime":1231,"items_purged":["Strike_R"],"score":401,"play_id":"69ec4f36-3a08-4295-ac54-0dc6261f7b03","local_time":"20190712180915","is_ascension_mode":true,"campfire_choices":[{"data":"Limit Break","floor":7,"key":"SMITH"},{"floor":12,"key":"REST"},{"data":"True Grit","floor":15,"key":"SMITH"},{"floor":23,"key":"REST"}],"neow_cost":"NONE","seed_source_timestamp":4893920298700,"circlet_count":0,"master_deck":["AscendersBane","Strike_R","Strike_R","Strike_R","Strike_R","Defend_R","Defend_R","Defend_R","Defend_R","Bash","Limit Break+1","Thunderclap","Shrug It Off","Shrug It Off","Iron Wave","Inflame","Flex","Pommel Strike","Inflame","True Grit+1","Power Through","Heavy Blade+1","Heavy Blade+1","Twin Strike+1","Flash of Steel"],"relics":["Burning Blood","Orichalcum","Pear","Singing Bowl","Black Star"],"potions_floor_usage":[14,16,18,20],"damage_taken":[{"damage":1,"enemies":"Cultist","floor":1,"turns":3},{"damage":7,"enemies":"Small Slimes","floor":3,"turns":4},{"damage":4,"enemies":"2 Louse","floor":4,"turns":3},{"damage":1,"enemies":"Looter","floor":5,"turns":4},{"damage":47,"enemies":"3 Sentries","floor":6,"turns":12},{"damage":14,"enemies":"Lagavulin","floor":8,"turns":7},{"damage":22,"enemies":"Exordium Wildlife","floor":11,"turns":5},{"damage":0,"enemies":"Lots of Slimes","floor":14,"turns":1},{"damage":35,"enemies":"Slime Boss","floor":16,"turns":10},{"damage":26,"enemies":"2 Thieves","floor":18,"turns":4},{"damage":25,"enemies":"Shell Parasite","floor":20,"turns":6},{"damage":27,"enemies":"Snake Plant","floor":22,"turns":3},{"damage":39,"enemies":"Book of Stabbing","floor":25,"turns":4}],"seed_played":"-7423327063123236916","potions_obtained":[{"floor":6,"key":"Weak Potion"},{"floor":10,"key":"AttackPotion"},{"floor":14,"key":"Energy Potion"},{"floor":18,"key":"AttackPotion"}],"is_trial":false,"path_per_floor":["M","$","M","M","M","E","R","E","T","?","M","R","$","M","R","B",null,"M","$","M","?","M","R","$","E"],"character_chosen":"IRONCLAD","items_purchased":["Shrug It Off","Power Through","Flash of Steel"],"campfire_rested":2,"item_purchase_floors":[2,19,24],"current_hp_per_floor":[73,73,72,74,75,34,34,36,36,36,20,45,45,51,51,24,71,53,53,34,34,13,39,39,0],"gold":23,"neow_bonus":"ONE_RANDOM_RARE_CARD","is_prod":false,"is_daily":false,"chose_seed":false,"campfire_upgraded":2,"win_rate":0,"timestamp":1562969355,"path_taken":["M","$","M","?","?","E","R","E","T","?","M","R","?","M","R","BOSS","M","$","M","?","?","R","$","E"],"build_version":"2019-07-05","purchased_purges":1,"victory":false,"max_hp_per_floor":[75,75,75,75,75,75,75,85,85,85,85,85,85,85,85,87,87,89,89,89,89,89,89,89,89],"card_choices":[{"not_picked":["Perfected Strike","Sever Soul"],"picked":"Thunderclap","floor":1},{"not_picked":["Armaments","Second Wind"],"picked":"Shrug It Off","floor":3},{"not_picked":["Burning Pact","Anger"],"picked":"Iron Wave","floor":4},{"not_picked":["True Grit","Rage"],"picked":"Inflame","floor":5},{"not_picked":["Shrug It Off","Hemokinesis"],"picked":"Flex","floor":6},{"not_picked":["Fiend Fire","True Grit"],"picked":"Pommel Strike","floor":8},{"not_picked":["Iron Wave","Sword Boomerang"],"picked":"Inflame","floor":11},{"not_picked":["Body Slam","Rupture"],"picked":"True Grit","floor":14},{"not_picked":["Exhume","Offering","Barricade"],"picked":"Singing Bowl","floor":16},{"not_picked":["Body Slam","Clothesline","True Grit"],"picked":"Singing Bowl","floor":18},{"not_picked":["Body Slam","Flex"],"picked":"Heavy Blade+1","floor":20},{"not_picked":["Shrug It Off","Havoc"],"picked":"Twin Strike+1","floor":22}],"player_experience":429119,"relics_obtained":[{"floor":6,"key":"Orichalcum"},{"floor":8,"key":"Pear"},{"floor":9,"key":"Singing Bowl"}],"event_choices":[{"damage_healed":0,"gold_gain":0,"player_choice":"Got Potions","damage_taken":0,"max_hp_gain":0,"max_hp_loss":0,"event_name":"Lab","floor":10,"gold_loss":0},{"damage_healed":0,"gold_gain":0,"player_choice":"Copied","damage_taken":0,"max_hp_gain":0,"max_hp_loss":0,"event_name":"Duplicator","floor":21,"gold_loss":0,"cards_obtained":["Heavy Blade"]}],"is_beta":false,"boss_relics":[{"not_picked":["Astrolabe","Runic Dome"],"picked":"Black Star"}],"items_purged_floors":[13],"is_endless":false,"potions_floor_spawned":[6,11,14,18],"killed_by":"Book of Stabbing","ascension_level":18}