{"gold_per_floor":[114,130,130,141,141,167,167,167,167,202,202,217,233,252,252,382,382,355,199,114,162,162,162,162,177,177,276,201,30,155,180,180,180],"floor_reached":33,"playtime":2174,"items_purged":["Pain","Injury"],"score":253,"play_id":"951b2173-a578-4762-a3c3-57a298f88f28","local_time":"20190907090741","is_ascension_mode":false,"campfire_choices":[{"floor":7,"key":"REST"},{"floor":11,"key":"REST"},{"floor":15,"key":"REST"},{"floor":23,"key":"REST"},{"floor":32,"key":"REST"}],"neow_cost":"NONE","seed_source_timestamp":5439228791821,"circlet_count":0,"master_deck":["Strike_B","Strike_B","Strike_B","Defend_B","Defend_B+1","Defend_B","Defend_B","Zap","Dualcast","Go for the Eyes","Streamline+1","Fusion","Compile Driver","Turbo","Coolheaded+1","Ball Lightning","Capacitor","All For One","BootSequence+1","Double Energy+1","Coolheaded+1","Redo+1","Conserve Battery+1","Barrage","Self Repair+1","Stack+1"],"relics":["Cracked Core","Emotion Chip","Golden Idol","Ornamental Fan","Omamori","Calling Bell","Juzu Bracelet","Toxic Egg 2","Girya","Potion Belt","War Paint","Strawberry","Pocketwatch","Mummified Hand"],"potions_floor_usage":[6,16,16,30,33],"damage_taken":[{"damage":8,"enemies":"2 Louse","floor":1,"turns":3},{"damage":0,"enemies":"Small Slimes","floor":2,"turns":3},{"damage":8,"enemies":"Jaw Worm","floor":4,"turns":2},{"damage":23,"enemies":"Lagavulin","floor":6,"turns":9},{"damage":29,"enemies":"3 Sentries","floor":10,"turns":7},{"damage":8,"enemies":"2 Fungi Beasts","floor":12,"turns":3},{"damage":7,"enemies":"3 Louse","floor":13,"turns":5},{"damage":5,"enemies":"Looter","floor":14,"turns":3},{"damage":14,"enemies":"The Guardian","floor":16,"turns":12},{"damage":38,"enemies":"2 Thieves","floor":18,"turns":5},{"damage":5,"enemies":"Spheric Guardian","floor":25,"turns":4},{"damage":8,"enemies":"Colosseum Slavers","floor":30,"turns":5},{"damage":46,"enemies":"Colosseum Nobs","floor":30,"turns":7},{"damage":9,"enemies":"Centurion and Healer","floor":31,"turns":8},{"damage":60,"enemies":"Collector","floor":33,"turns":7}],"seed_played":"-2559907022979335955","potions_obtained":[{"floor":4,"key":"SneckoOil"},{"floor":10,"key":"Block Potion"},{"floor":14,"key":"Weak Potion"},{"floor":16,"key":"Ancient Potion"},{"floor":18,"key":"SkillPotion"},{"floor":30,"key":"SteroidPotion"}],"is_trial":false,"path_per_floor":["M","M","?","M","?","E","R","?","T","E","R","M","M","M","R","B",null,"M","$","?","T","?","R","?","M","T","?","?","$","?","M","R","B"],"character_chosen":"DEFECT","items_purchased":["Double Energy+1","Conserve Battery+1","Barrage"],"campfire_rested":5,"item_purchase_floors":[19,29,29],"current_hp_per_floor":[74,74,74,66,66,43,67,67,67,38,62,54,47,42,66,52,82,44,44,44,44,44,68,68,63,70,70,70,70,16,17,43,0],"gold":180,"neow_bonus":"TEN_PERCENT_HP_BONUS","is_prod":false,"is_daily":false,"chose_seed":false,"campfire_upgraded":0,"win_rate":0,"timestamp":1567818461,"path_taken":["M","M","?","M","?","E","R","?","T","E","R","M","M","M","R","BOSS","M","$","?","?","?","R","?","M","T","?","?","$","?","M","R","BOSS"],"build_version":"2019-07-17","purchased_purges":2,"victory":false,"max_hp_per_floor":[82,82,82,82,82,82,82,82,82,82,82,82,82,82,82,82,82,82,82,82,82,82,82,82,82,89,89,89,89,89,89,89,89],"card_choices":[{"not_picked":["Hologram","Stack"],"picked":"Go for the Eyes","floor":1},{"not_picked":["Turbo","Gash"],"picked":"Streamline","floor":2},{"not_picked":["Lockon","Redo"],"picked":"Fusion","floor":4},{"not_picked":["Scrape","Rip and Tear"],"picked":"Compile Driver","floor":6},{"not_picked":["Recycle","Rip and Tear"],"picked":"Turbo","floor":10},{"not_picked":["Storm","Streamline"],"picked":"Coolheaded","floor":12},{"not_picked":["Redo","Turbo"],"picked":"Ball Lightning","floor":13},{"not_picked":["Sweeping Beam","Steam Power"],"picked":"Capacitor","floor":14},{"not_picked":["Rainbow","Reboot"],"picked":"All For One","floor":16},{"not_picked":["Stack+1","Steam+1"],"picked":"BootSequence+1","floor":18},{"not_picked":["Streamline","Beam Cell"],"picked":"Redo+1","floor":25},{"not_picked":["Turbo+1","Go for the Eyes"],"picked":"Self Repair+1","floor":30},{"not_picked":["Barrage","Redo+1"],"picked":"Stack+1","floor":31}],"player_experience":304652,"relics_obtained":[{"floor":6,"key":"Emotion Chip"},{"floor":9,"key":"Ornamental Fan"},{"floor":10,"key":"Omamori"},{"floor":17,"key":"Juzu Bracelet"},{"floor":17,"key":"Toxic Egg 2"},{"floor":17,"key":"Girya"},{"floor":21,"key":"War Paint"},{"floor":26,"key":"Strawberry"},{"floor":30,"key":"Pocketwatch"},{"floor":30,"key":"Mummified Hand"}],"event_choices":[{"damage_healed":0,"gold_gain":0,"player_choice":"Grow","damage_taken":0,"max_hp_gain":0,"max_hp_loss":0,"event_name":"Living Wall","floor":3,"gold_loss":0,"cards_upgraded":["Streamline"]},{"damage_healed":0,"gold_gain":0,"player_choice":"Ignored","damage_taken":0,"max_hp_gain":0,"max_hp_loss":0,"event_name":"Shining Light","floor":5,"gold_loss":0},{"damage_healed":0,"gold_gain":0,"player_choice":"Take Wound","damage_taken":0,"relics_obtained":["Golden Idol"],"max_hp_gain":0,"max_hp_loss":0,"event_name":"Golden Idol","floor":8,"gold_loss":0,"cards_obtained":["Injury"]},{"damage_healed":0,"gold_gain":0,"player_choice":"Obtained Relic","damage_taken":0,"relics_obtained":["Potion Belt"],"max_hp_gain":0,"max_hp_loss":0,"event_name":"Addict","floor":20,"gold_loss":85},{"damage_healed":0,"gold_gain":0,"player_choice":"Ignored","damage_taken":0,"max_hp_gain":0,"max_hp_loss":0,"event_name":"Cursed Tome","floor":22,"gold_loss":0},{"damage_healed":0,"gold_gain":0,"player_choice":"Read","damage_taken":0,"max_hp_gain":0,"max_hp_loss":0,"event_name":"The Library","floor":24,"gold_loss":0,"cards_obtained":["Coolheaded"]},{"damage_healed":0,"gold_gain":99,"player_choice":"Stole From Cult","damage_taken":0,"max_hp_gain":0,"max_hp_loss":0,"event_name":"Nest","floor":27,"gold_loss":0},{"cards_removed":["Strike_B"],"damage_healed":0,"gold_gain":0,"player_choice":"Gave Gold","damage_taken":0,"max_hp_gain":0,"max_hp_loss":0,"event_name":"Beggar","floor":28,"gold_loss":75},{"damage_healed":0,"gold_gain":0,"player_choice":"Fight","damage_taken":0,"max_hp_gain":0,"max_hp_loss":0,"event_name":"Colosseum","floor":30,"gold_loss":0},{"damage_healed":0,"gold_gain":0,"player_choice":"Fought Nobs","damage_taken":0,"max_hp_gain":0,"max_hp_loss":0,"event_name":"Colosseum","floor":30,"gold_loss":0}],"is_beta":false,"boss_relics":[{"not_picked":["Ectoplasm","Sozu"],"picked":"Calling Bell"}],"items_purged_floors":[19,29],"is_endless":false,"potions_floor_spawned":[4,10,14,16,18,30],"killed_by":"Collector","ascension_level":0}