{"gold_per_floor":[112,131,55,55,65,65,90,90,90,90,149,163,179,207,207,207],"floor_reached":16,"playtime":1000,"items_purged":[],"score":220,"play_id":"a07cbd6c-ccd2-47f8-a6de-3b016be60f0f","local_time":"20190818120441","is_ascension_mode":true,"campfire_choices":[{"data":"Hemokinesis","floor":6,"key":"SMITH"},{"data":"Feel No Pain","floor":8,"key":"SMITH"},{"floor":10,"key":"REST"},{"data":"Intimidate","floor":15,"key":"SMITH"}],"neow_cost":"NONE","seed_source_timestamp":270544975069599,"circlet_count":0,"master_deck":["AscendersBane","Strike_R","Strike_R","Strike_R","Strike_R","Defend_R","Defend_R","Defend_R","Defend_R","Bash","Intimidate+1","Clothesline","Hemokinesis+1","Sever Soul","Feel No Pain+1","Carnage","Heavy Blade","Second Wind","True Grit"],"relics":["Burning Blood","StoneCalendar","FossilizedHelix","Centennial Puzzle","Bottled Tornado"],"potions_floor_usage":[16,16],"damage_taken":[{"damage":12,"enemies":"Cultist","floor":1,"turns":5},{"damage":12,"enemies":"2 Louse","floor":2,"turns":4},{"damage":8,"enemies":"Jaw Worm","floor":5,"turns":4},{"damage":43,"enemies":"Lagavulin","floor":7,"turns":8},{"damage":21,"enemies":"3 Sentries","floor":11,"turns":7},{"damage":0,"enemies":"3 Louse","floor":12,"turns":3},{"damage":1,"enemies":"Blue Slaver","floor":13,"turns":4},{"damage":19,"enemies":"Gremlin Nob","floor":14,"turns":4},{"damage":22,"enemies":"Hexaghost","floor":16,"turns":6}],"seed_played":"-9159580894852086289","potions_obtained":[{"floor":2,"key":"Strength Potion"},{"floor":7,"key":"PowerPotion"}],"is_trial":false,"path_per_floor":["M","M","$","?","M","R","E","R","T","R","?","M","M","E","R","B"],"character_chosen":"IRONCLAD","items_purchased":["Hemokinesis"],"campfire_rested":1,"item_purchase_floors":[3],"current_hp_per_floor":[62,56,56,56,54,54,17,17,17,39,24,30,35,22,22,0],"gold":207,"neow_bonus":"TRANSFORM_CARD","is_prod":false,"is_daily":false,"chose_seed":false,"campfire_upgraded":3,"win_rate":0,"timestamp":1566155081,"path_taken":["M","M","?","?","?","R","E","R","T","R","?","M","M","E","R","BOSS"],"build_version":"2019-07-17","purchased_purges":0,"victory":false,"max_hp_per_floor":[75,75,75,75,75,75,75,75,75,75,75,75,75,75,75,75],"card_choices":[{"not_picked":["Iron Wave","Sentinel"],"picked":"Clothesline","floor":1},{"not_picked":["Shrug It Off","Body Slam","Clash"],"picked":"SKIP","floor":2},{"not_picked":["Blood for Blood","Bludgeon"],"picked":"Feel No Pain","floor":5},{"not_picked":["Intimidate","Evolve","Berserk"],"picked":"SKIP","floor":7},{"not_picked":["Thunderclap","Perfected Strike"],"picked":"Carnage","floor":11},{"not_picked":["Clash","Blood for Blood"],"picked":"Heavy Blade","floor":12},{"not_picked":["Reckless Charge","Iron Wave"],"picked":"Second Wind","floor":13},{"not_picked":["Thunderclap","Inflame"],"picked":"True Grit","floor":14}],"player_experience":614141,"relics_obtained":[{"floor":7,"key":"StoneCalendar"},{"floor":9,"key":"FossilizedHelix"},{"floor":11,"key":"Centennial Puzzle"},{"floor":14,"key":"Bottled Tornado"}],"event_choices":[{"damage_healed":0,"gold_gain":0,"player_choice":"1 cards matched","damage_taken":0,"max_hp_gain":0,"max_hp_loss":0,"event_name":"Match and Keep!","floor":4,"gold_loss":0,"cards_obtained":["Sever Soul"]},{"damage_healed":0,"gold_gain":0,"player_choice":"Searched \u00272\u0027 times","damage_taken":0,"max_hp_gain":0,"max_hp_loss":0,"event_name":"Dead Adventurer","floor":11,"gold_loss":0}],"is_beta":false,"boss_relics":[],"items_purged_floors":[],"is_endless":false,"potions_floor_spawned":[2,7,12,13],"killed_by":"Hexaghost","ascension_level":20}