{"gold_per_floor":[369,369,176,189,202,232,249,265,317,337,365,365,381,398,398,398],"floor_reached":16,"playtime":672,"items_purged":["Shame"],"score":197,"play_id":"b1ecf084-8c89-4ade-8ae1-1bbae1e7b8c5","local_time":"20190609001513","is_ascension_mode":true,"campfire_choices":[{"data":"True Grit","floor":15,"key":"SMITH"}],"neow_cost":"CURSE","seed_source_timestamp":1451443318600,"circlet_count":0,"master_deck":["AscendersBane","Strike_R","Strike_R","Strike_R","Strike_R","Strike_R","Defend_R","Defend_R","Defend_R","Defend_R","Bash","Cleave","Uppercut","Shrug It Off","Reaper","Armaments","Pommel Strike","True Grit+1","Iron Wave","Twin Strike"],"relics":["Burning Blood","Boot","Bag of Preparation","Question Card"],"potions_floor_usage":[],"damage_taken":[{"damage":0,"enemies":"Small Slimes","floor":1,"turns":3},{"damage":9,"enemies":"Jaw Worm","floor":4,"turns":4},{"damage":0,"enemies":"Cultist","floor":5,"turns":3},{"damage":36,"enemies":"3 Sentries","floor":6,"turns":9},{"damage":20,"enemies":"Large Slime","floor":7,"turns":7},{"damage":5,"enemies":"Blue Slaver","floor":8,"turns":6},{"damage":5,"enemies":"Red Slaver","floor":10,"turns":4},{"damage":47,"enemies":"Gremlin Nob","floor":11,"turns":6},{"damage":11,"enemies":"Large Slime","floor":13,"turns":6},{"damage":0,"enemies":"Lots of Slimes","floor":14,"turns":2},{"damage":66,"enemies":"Slime Boss","floor":16,"turns":9}],"seed_played":"-8871690569733937789","potions_obtained":[{"floor":1,"key":"Strength Potion"},{"floor":7,"key":"FearPotion"},{"floor":12,"key":"FairyPotion"}],"is_trial":false,"path_per_floor":["M","?","$","M","M","E","M","M","T","M","E","?","M","M","R","B"],"character_chosen":"IRONCLAD","items_purchased":["Uppercut","Shrug It Off"],"campfire_rested":0,"item_purchase_floors":[3,3],"current_hp_per_floor":[74,79,79,76,80,58,54,60,60,61,25,25,30,38,38,0],"gold":398,"neow_bonus":"TWO_FIFTY_GOLD","is_prod":false,"is_daily":false,"chose_seed":false,"campfire_upgraded":1,"win_rate":0,"timestamp":1560053713,"path_taken":["M","?","$","M","M","E","M","M","T","M","E","?","M","?","R","BOSS"],"build_version":"2019-01-23","purchased_purges":1,"victory":false,"max_hp_per_floor":[75,80,80,80,80,80,80,80,80,80,80,80,80,80,80,80],"card_choices":[{"not_picked":["Warcry","Disarm"],"picked":"Cleave","floor":1},{"not_picked":["Thunderclap","Pummel"],"picked":"Reaper","floor":4},{"not_picked":["Intimidate","Havoc"],"picked":"Armaments","floor":5},{"not_picked":["Seeing Red","Dropkick"],"picked":"Pommel Strike","floor":6},{"not_picked":["Heavy Blade","Juggernaut"],"picked":"True Grit","floor":7},{"not_picked":["Perfected Strike","Rage"],"picked":"Iron Wave","floor":8},{"not_picked":["Heavy Blade","Cleave","Body Slam"],"picked":"SKIP","floor":10},{"not_picked":["Armaments","Reckless Charge","Thunderclap"],"picked":"SKIP","floor":11},{"not_picked":["Wild Strike","True Grit","Anger"],"picked":"Twin Strike","floor":13},{"not_picked":["Perfected Strike","Armaments","Evolve","Heavy Blade"],"picked":"SKIP","floor":14}],"player_experience":392243,"relics_obtained":[{"floor":6,"key":"Boot"},{"floor":9,"key":"Bag of Preparation"},{"floor":11,"key":"Question Card"}],"event_choices":[{"damage_healed":0,"gold_gain":0,"player_choice":"Donut","damage_taken":0,"max_hp_gain":5,"max_hp_loss":0,"event_name":"Big Fish","floor":2,"gold_loss":0},{"damage_healed":0,"gold_gain":0,"player_choice":"Got Potions","damage_taken":0,"max_hp_gain":0,"max_hp_loss":0,"event_name":"Lab","floor":12,"gold_loss":0}],"is_beta":false,"boss_relics":[],"items_purged_floors":[3],"is_endless":false,"potions_floor_spawned":[1,7,8,13],"killed_by":"Slime Boss","ascension_level":14}