{"gold_per_floor":[117,135,147,147,68,80,80,91,91,104,114,114,130,141,141,239,239,252,277,181,181,181,181,193,193],"floor_reached":25,"playtime":1030,"items_purged":[],"score":236,"play_id":"9dd6af7b-c411-4a6c-9093-bc309883191a","local_time":"20190408184815","is_ascension_mode":true,"campfire_choices":[{"data":"Bash","floor":7,"key":"SMITH"},{"data":"Searing Blow+1","floor":15,"key":"SMITH"},{"data":"Demon Form","floor":23,"key":"SMITH"}],"neow_cost":"NONE","seed_source_timestamp":11428003644600,"circlet_count":0,"master_deck":["Strike_R","Strike_R","Strike_R","Strike_R+1","Strike_R","Defend_R","Defend_R","Defend_R","Defend_R","Bash+1","Exhume","Searing Blow+2","True Grit","Armaments","Iron Wave","Flex","Shrug It Off","True Grit","Sword Boomerang","Heavy Blade","Perfected Strike","Cleave","Demon Form+1","Thunderclap+1","Spot Weakness","Clothesline","Perfected Strike","Decay"],"relics":["Burning Blood","Mercury Hourglass","Philosopher\u0027s Stone","Red Mask"],"potions_floor_usage":[16,25],"damage_taken":[{"damage":0,"enemies":"Small Slimes","floor":1,"turns":3},{"damage":10,"enemies":"Jaw Worm","floor":2,"turns":6},{"damage":6,"enemies":"2 Louse","floor":3,"turns":4},{"damage":14,"enemies":"2 Fungi Beasts","floor":6,"turns":4},{"damage":4,"enemies":"Red Slaver","floor":8,"turns":4},{"damage":6,"enemies":"Blue Slaver","floor":10,"turns":2},{"damage":6,"enemies":"Looter","floor":11,"turns":2},{"damage":5,"enemies":"2 Fungi Beasts","floor":13,"turns":3},{"damage":11,"enemies":"Large Slime","floor":14,"turns":3},{"damage":57,"enemies":"Slime Boss","floor":16,"turns":11},{"damage":24,"enemies":"2 Thieves","floor":18,"turns":3},{"damage":20,"enemies":"Masked Bandits","floor":19,"turns":3},{"damage":35,"enemies":"3 Byrds","floor":24,"turns":4},{"damage":23,"enemies":"Sentry and Sphere","floor":25,"turns":3}],"seed_played":"-8699856923523133242","potions_obtained":[{"floor":2,"key":"FearPotion"},{"floor":8,"key":"Ancient Potion"},{"floor":10,"key":"EssenceOfSteel"},{"floor":13,"key":"FairyPotion"},{"floor":24,"key":"AttackPotion"}],"is_trial":false,"path_per_floor":["M","M","M","?","$","M","R","M","T","M","M","?","M","M","R","B",null,"M","?","$","?","?","R","M","M"],"character_chosen":"IRONCLAD","items_purchased":["Iron Wave","Flex","Clothesline","Perfected Strike"],"campfire_rested":0,"item_purchase_floors":[5,5,20,20],"current_hp_per_floor":[80,76,76,60,60,52,52,54,54,54,54,54,55,50,50,12,80,62,48,48,48,48,48,19,0],"gold":193,"neow_bonus":"ONE_RANDOM_RARE_CARD","is_prod":false,"is_daily":false,"chose_seed":false,"campfire_upgraded":3,"win_rate":0,"timestamp":1554763695,"path_taken":["M","M","M","?","$","M","R","M","T","M","M","?","M","M","R","BOSS","M","?","$","?","?","R","M","M"],"build_version":"2019-01-23","purchased_purges":0,"victory":false,"max_hp_per_floor":[80,80,80,80,80,80,80,80,80,80,80,80,80,80,80,80,80,80,80,80,80,80,80,80,80],"card_choices":[{"not_picked":["Perfected Strike","True Grit"],"picked":"Searing Blow","floor":1},{"not_picked":["Clothesline","Heavy Blade"],"picked":"True Grit","floor":2},{"not_picked":["Iron Wave","Hemokinesis"],"picked":"Armaments","floor":3},{"not_picked":["Clash","Perfected Strike"],"picked":"Shrug It Off","floor":6},{"not_picked":["Heavy Blade","Intimidate"],"picked":"True Grit","floor":8},{"not_picked":["Juggernaut","Body Slam"],"picked":"Sword Boomerang","floor":10},{"not_picked":["Wild Strike","Fire Breathing"],"picked":"Heavy Blade","floor":11},{"not_picked":["Wild Strike","Bloodletting"],"picked":"Perfected Strike","floor":13},{"not_picked":["Clash","True Grit"],"picked":"Cleave","floor":14},{"not_picked":["Barricade","Reaper"],"picked":"Demon Form","floor":16},{"not_picked":["Cleave","Clash+1"],"picked":"Thunderclap+1","floor":18},{"not_picked":["Battle Trance","Clash"],"picked":"Spot Weakness","floor":19},{"not_picked":["Clash","Thunderclap+1","Wild Strike"],"picked":"SKIP","floor":24}],"player_experience":94592,"relics_obtained":[{"floor":9,"key":"Mercury Hourglass"},{"floor":19,"key":"Red Mask"}],"event_choices":[{"damage_healed":0,"gold_gain":0,"player_choice":"Entered Light","damage_taken":16,"max_hp_gain":0,"max_hp_loss":0,"event_name":"Shining Light","floor":4,"gold_loss":0,"cards_upgraded":["Searing Blow","Strike_R"]},{"damage_healed":0,"gold_gain":0,"player_choice":"Searched \u00271\u0027 times","damage_taken":0,"max_hp_gain":0,"max_hp_loss":0,"event_name":"Dead Adventurer","floor":12,"gold_loss":0},{"damage_healed":0,"gold_gain":0,"player_choice":"Fought Bandits","damage_taken":0,"max_hp_gain":0,"max_hp_loss":0,"event_name":"Masked Bandits","floor":19,"gold_loss":0},{"damage_healed":0,"gold_gain":0,"player_choice":"Smashed Altar","damage_taken":0,"max_hp_gain":0,"max_hp_loss":0,"event_name":"Forgotten Altar","floor":21,"gold_loss":0,"cards_obtained":["Decay"]},{"damage_healed":0,"gold_gain":0,"player_choice":"Ignored","damage_taken":0,"max_hp_gain":0,"max_hp_loss":0,"event_name":"Ghosts","floor":22,"gold_loss":0}],"is_beta":false,"boss_relics":[{"not_picked":["Eternal Feather","Orrery"],"picked":"Philosopher\u0027s Stone"}],"items_purged_floors":[],"is_endless":false,"potions_floor_spawned":[2,8,10,13,24],"killed_by":"Sentry and Sphere","ascension_level":4}