{"gold_per_floor":[110,110,123,140,160,160,188,188,212,212,34,65,65,90,90,211,211,234,224,424,444,468,468],"floor_reached":23,"playtime":834,"items_purged":["Rupture"],"score":325,"play_id":"2f517d2c-6077-48e4-b99e-950af6287dbd","local_time":"20190520111159","is_ascension_mode":true,"campfire_choices":[{"data":"Bash","floor":6,"key":"SMITH"},{"data":"Searing Blow","floor":8,"key":"SMITH"},{"data":"Searing Blow+1","floor":13,"key":"SMITH"},{"floor":15,"key":"REST"}],"neow_cost":"NONE","seed_source_timestamp":7578248783100,"circlet_count":0,"master_deck":["AscendersBane","Strike_R","Strike_R","Strike_R","Strike_R","Defend_R","Defend_R","Defend_R","Defend_R","Bash+1","Twin Strike","Flame Barrier","Uppercut","Double Tap","Searing Blow+2","True Grit","Armaments","Metallicize","Whirlwind","Pommel Strike"],"relics":["Burning Blood","Oddly Smooth Stone","Regal Pillow","Dream Catcher","Golden Idol","Happy Flower","Black Star"],"potions_floor_usage":[7,14,18,22,22],"damage_taken":[{"damage":8,"enemies":"Jaw Worm","floor":1,"turns":4},{"damage":0,"enemies":"Cultist","floor":3,"turns":4},{"damage":0,"enemies":"Small Slimes","floor":4,"turns":4},{"damage":1,"enemies":"Blue Slaver","floor":5,"turns":5},{"damage":18,"enemies":"3 Sentries","floor":7,"turns":9},{"damage":26,"enemies":"Gremlin Nob","floor":12,"turns":4},{"damage":12,"enemies":"Lots of Slimes","floor":14,"turns":6},{"damage":35,"enemies":"Slime Boss","floor":16,"turns":12},{"damage":23,"enemies":"3 Byrds","floor":18,"turns":6},{"damage":22,"enemies":"2 Thieves","floor":19,"turns":4},{"damage":11,"enemies":"Snecko","floor":21,"turns":4},{"damage":32,"enemies":"Snake Plant","floor":22,"turns":4},{"damage":19,"enemies":"Book of Stabbing","floor":23,"turns":4}],"seed_played":"-5876903024600598488","potions_obtained":[{"floor":5,"key":"LiquidBronze"},{"floor":12,"key":"Swift Potion"},{"floor":16,"key":"LiquidBronze"},{"floor":18,"key":"FearPotion"},{"floor":19,"key":"Regen Potion"}],"is_trial":false,"path_per_floor":["M","?","M","M","M","R","E","R","T","?","$","E","R","M","R","B",null,"M","M","?","M","M","E"],"character_chosen":"IRONCLAD","items_purchased":["True Grit","Armaments"],"campfire_rested":1,"item_purchase_floors":[11,11],"current_hp_per_floor":[70,70,76,80,80,80,68,68,68,48,48,28,28,22,61,32,68,51,35,35,30,16,0],"gold":468,"neow_bonus":"RANDOM_COMMON_RELIC","is_prod":false,"is_daily":false,"chose_seed":false,"campfire_upgraded":3,"win_rate":0,"timestamp":1558365119,"path_taken":["M","?","M","M","?","R","E","R","T","?","$","E","R","M","R","BOSS","M","M","?","M","M","E"],"build_version":"2019-01-23","purchased_purges":1,"victory":false,"max_hp_per_floor":[80,80,80,80,80,80,80,80,80,80,80,80,80,80,80,80,80,80,80,80,80,80,80],"card_choices":[{"not_picked":["Wild Strike","Body Slam"],"picked":"Twin Strike","floor":1},{"not_picked":["Twin Strike","Clothesline"],"picked":"Flame Barrier","floor":3},{"not_picked":["Shockwave","Wild Strike"],"picked":"Uppercut","floor":4},{"not_picked":["Body Slam","Sword Boomerang"],"picked":"Double Tap","floor":5},{"not_picked":["Feel No Pain","Hemokinesis"],"picked":"Searing Blow","floor":7},{"not_picked":["Hemokinesis","Burning Pact","Pummel"],"picked":"SKIP","floor":12},{"not_picked":["Heavy Blade","True Grit"],"picked":"Metallicize","floor":14},{"not_picked":["Thunderclap","Rupture"],"picked":"Whirlwind","floor":18},{"not_picked":["Wild Strike","Body Slam"],"picked":"Pommel Strike","floor":19},{"not_picked":["Anger","Clash","Pummel"],"picked":"SKIP","floor":21},{"not_picked":["Hemokinesis","Body Slam","Feel No Pain"],"picked":"SKIP","floor":22}],"player_experience":319096,"relics_obtained":[{"floor":7,"key":"Regal Pillow"},{"floor":9,"key":"Dream Catcher"},{"floor":12,"key":"Happy Flower"}],"event_choices":[{"damage_healed":0,"gold_gain":0,"cards_transformed":["Strike_R"],"player_choice":"Transformed","damage_taken":0,"max_hp_gain":0,"max_hp_loss":0,"event_name":"Transmorgrifier","floor":2,"gold_loss":0,"cards_obtained":["Rupture"]},{"damage_healed":0,"gold_gain":0,"player_choice":"Take Damage","damage_taken":20,"relics_obtained":["Golden Idol"],"max_hp_gain":0,"max_hp_loss":0,"event_name":"Golden Idol","floor":10,"gold_loss":0},{"damage_healed":0,"gold_gain":200,"player_choice":"Gold","damage_taken":0,"max_hp_gain":0,"max_hp_loss":0,"event_name":"Wheel of Change","floor":20,"gold_loss":0}],"is_beta":false,"boss_relics":[{"not_picked":["Snecko Eye","Calling Bell"],"picked":"Black Star"}],"items_purged_floors":[11],"is_endless":false,"potions_floor_spawned":[5,12,16,18,19],"killed_by":"Book of Stabbing","ascension_level":12}