{"gold_per_floor":[114,130,141,66,49,76,76,87,87,87,102,102,31,31,31,110,110,129,31,49,0,100,100,112,122,178,178,190,223,223,241,241,241],"floor_reached":33,"playtime":823,"items_purged":["Strike_R"],"score":457,"play_id":"9ab61b59-db16-4702-a061-f684bf9d07b8","local_time":"20190607202354","is_ascension_mode":true,"campfire_choices":[{"data":"Flame Barrier","floor":7,"key":"SMITH"},{"data":"Iron Wave","floor":12,"key":"SMITH"},{"floor":15,"key":"REST"},{"data":"Immolate","floor":23,"key":"SMITH"},{"floor":27,"key":"REST"},{"floor":30,"key":"REST"},{"data":"Inflame","floor":32,"key":"SMITH"}],"neow_cost":"NONE","seed_source_timestamp":12736672975200,"circlet_count":0,"master_deck":["AscendersBane","Strike_R","Strike_R","Strike_R","Strike_R","Defend_R","Defend_R","Defend_R","Defend_R","Bash+1","Flex","Uppercut+1","Heavy Blade","Headbutt","Flame Barrier+1","Cleave","Iron Wave+1","Inflame+1","Immolate+1","Armaments","Bandage Up","Twin Strike","Shrug It Off","Shrug It Off","Inflame+1"],"relics":["Burning Blood","Kunai","Ornamental Fan","Sozu","Tiny Chest","Red Skull"],"potions_floor_usage":[6,16,20],"damage_taken":[{"damage":1,"enemies":"Cultist","floor":1,"turns":3},{"damage":6,"enemies":"Jaw Worm","floor":2,"turns":5},{"damage":13,"enemies":"Small Slimes","floor":3,"turns":3},{"damage":7,"enemies":"Exordium Thugs","floor":5,"turns":4},{"damage":35,"enemies":"3 Sentries","floor":6,"turns":7},{"damage":15,"enemies":"Blue Slaver","floor":8,"turns":4},{"damage":9,"enemies":"Red Slaver","floor":11,"turns":4},{"damage":37,"enemies":"Hexaghost","floor":16,"turns":11},{"damage":28,"enemies":"2 Thieves","floor":18,"turns":4},{"damage":3,"enemies":"Shell Parasite","floor":20,"turns":7},{"damage":17,"enemies":"Cultist and Chosen","floor":24,"turns":7},{"damage":24,"enemies":"Snake Plant","floor":25,"turns":2},{"damage":20,"enemies":"Centurion and Healer","floor":28,"turns":5},{"damage":29,"enemies":"Book of Stabbing","floor":29,"turns":4},{"damage":12,"enemies":"Snecko","floor":31,"turns":4},{"damage":50,"enemies":"Champ","floor":33,"turns":9}],"seed_played":"5187352745940360928","potions_obtained":[{"floor":2,"key":"Strength Potion"},{"floor":6,"key":"Weak Potion"},{"floor":11,"key":"Block Potion"}],"is_trial":false,"path_per_floor":["M","M","M","$","M","E","R","M","T","?","M","R","$","?","R","B",null,"M","$","M","?","?","R","M","M","T","R","M","E","R","M","R","B"],"character_chosen":"IRONCLAD","items_purchased":["Inflame","Bandage Up"],"campfire_rested":3,"item_purchase_floors":[13,19],"current_hp_per_floor":[73,73,66,66,65,36,36,27,27,27,24,24,24,24,46,15,60,38,38,47,47,47,47,40,22,22,44,34,15,37,35,35,0],"gold":241,"neow_bonus":"UPGRADE_CARD","is_prod":false,"is_daily":false,"chose_seed":false,"campfire_upgraded":4,"win_rate":0,"timestamp":1559953434,"path_taken":["M","M","?","$","M","E","R","M","T","?","?","R","$","?","R","BOSS","M","$","M","?","?","R","M","M","T","R","?","E","R","M","R","BOSS"],"build_version":"2019-01-23","purchased_purges":1,"victory":false,"max_hp_per_floor":[75,75,75,75,75,75,75,75,75,75,75,75,75,75,75,75,75,75,75,75,75,75,75,75,75,75,75,75,75,75,75,75,75],"card_choices":[{"not_picked":["True Grit","Clash"],"picked":"Flex","floor":1},{"not_picked":["Blood for Blood","Armaments"],"picked":"Uppercut","floor":2},{"not_picked":["Perfected Strike","Flex"],"picked":"Heavy Blade","floor":3},{"not_picked":["Dark Embrace","Feel No Pain"],"picked":"Headbutt","floor":5},{"not_picked":["Thunderclap","Shockwave"],"picked":"Flame Barrier","floor":6},{"not_picked":["Evolve","Havoc"],"picked":"Cleave","floor":8},{"not_picked":["Heavy Blade","Feel No Pain"],"picked":"Iron Wave","floor":11},{"not_picked":["Brutality","Exhume"],"picked":"Immolate","floor":16},{"not_picked":["Power Through","Havoc"],"picked":"Armaments","floor":18},{"not_picked":["Havoc","Sever Soul"],"picked":"Twin Strike","floor":20},{"not_picked":["Sentinel","Entrench","Fire Breathing"],"picked":"SKIP","floor":24},{"not_picked":["Headbutt+1","Havoc"],"picked":"Shrug It Off","floor":25},{"not_picked":["Clash","Corruption"],"picked":"Shrug It Off","floor":28},{"not_picked":["Brutality","Pummel"],"picked":"Inflame+1","floor":29},{"not_picked":["Sever Soul+1","Combust+1","Armaments"],"picked":"SKIP","floor":31}],"player_experience":385067,"relics_obtained":[{"floor":6,"key":"Kunai"},{"floor":9,"key":"Ornamental Fan"},{"floor":26,"key":"Tiny Chest"},{"floor":29,"key":"Red Skull"}],"event_choices":[{"damage_healed":0,"gold_gain":0,"player_choice":"Forge","damage_taken":0,"max_hp_gain":0,"max_hp_loss":0,"event_name":"Accursed Blacksmith","floor":10,"gold_loss":0,"cards_upgraded":["Uppercut"]},{"damage_healed":0,"gold_gain":0,"player_choice":"Leave","damage_taken":0,"max_hp_gain":0,"max_hp_loss":0,"event_name":"The Cleric","floor":14,"gold_loss":0},{"damage_healed":0,"gold_gain":0,"player_choice":"Paid Fearfully","damage_taken":0,"max_hp_gain":0,"max_hp_loss":0,"event_name":"Masked Bandits","floor":21,"gold_loss":49},{"damage_healed":0,"gold_gain":100,"player_choice":"Pray","damage_taken":0,"max_hp_gain":0,"max_hp_loss":0,"event_name":"Golden Shrine","floor":22,"gold_loss":0}],"is_beta":false,"boss_relics":[{"not_picked":["Snecko Eye","Black Blood"],"picked":"Sozu"}],"items_purged_floors":[4],"is_endless":false,"potions_floor_spawned":[2,6,11,18,28,31],"killed_by":"Champ","ascension_level":14}