{"gold_per_floor":[115,134,147,147,247,278,278,16,16,34,53,64,74,24,24,128,178,148,198,69,79,29,29,46,59,59,59,74,74,74,0,0,0],"floor_reached":33,"playtime":1370,"items_purged":["Defend_R","Strike_R","Strike_R","Strike_R"],"score":411,"play_id":"e4e9f96b-f8df-4f31-8520-db89c2cea1c5","local_time":"20190510153202","is_ascension_mode":true,"campfire_choices":[{"data":"True Grit","floor":7,"key":"SMITH"},{"data":"Flex","floor":15,"key":"SMITH"},{"data":"Limit Break","floor":23,"key":"SMITH"},{"floor":27,"key":"REST"},{"floor":30,"key":"REST"},{"floor":32,"key":"REST"}],"neow_cost":"NONE","seed_source_timestamp":17918012692700,"circlet_count":0,"master_deck":["AscendersBane","Defend_R","Defend_R","Defend_R","Bash+1","Heavy Blade","Metallicize","True Grit+1","Shrug It Off","Pommel Strike+1","Battle Trance","Rage","Flex+1","Limit Break+1","Twin Strike","Iron Wave","Spot Weakness","Flame Barrier","Bite","Bite","Bite","Bite","Bite"],"relics":["Burning Blood","Gremlin Horn","Smiling Mask","Tiny House","Matryoshka"],"potions_floor_usage":[6,16,25,28],"damage_taken":[{"damage":6,"enemies":"Cultist","floor":1,"turns":4},{"damage":0,"enemies":"2 Louse","floor":2,"turns":2},{"damage":7,"enemies":"Jaw Worm","floor":3,"turns":3},{"damage":28,"enemies":"Gremlin Nob","floor":6,"turns":5},{"damage":18,"enemies":"Exordium Thugs","floor":10,"turns":5},{"damage":5,"enemies":"3 Louse","floor":11,"turns":3},{"damage":11,"enemies":"Red Slaver","floor":12,"turns":3},{"damage":2,"enemies":"Blue Slaver","floor":13,"turns":4},{"damage":28,"enemies":"The Guardian","floor":16,"turns":10},{"damage":28,"enemies":"2 Thieves","floor":18,"turns":5},{"damage":4,"enemies":"Chosen","floor":21,"turns":4},{"damage":10,"enemies":"Shelled Parasite and Fungi","floor":24,"turns":4},{"damage":49,"enemies":"Snecko","floor":25,"turns":7},{"damage":33,"enemies":"Snake Plant","floor":28,"turns":5},{"damage":87,"enemies":"Collector","floor":33,"turns":5}],"seed_played":"-860089007123127401","potions_obtained":[{"floor":3,"key":"GamblersBrew"},{"floor":10,"key":"Poison Potion"},{"floor":12,"key":"Explosive Potion"},{"floor":16,"key":"LiquidBronze"},{"floor":17,"key":"Block Potion"}],"is_trial":false,"path_per_floor":["M","M","M","?","?","E","R","$","T","M","M","M","M","$","R","B",null,"M","?","$","M","$","R","M","M","T","R","M","?","R","?","R","B"],"character_chosen":"IRONCLAD","items_purchased":["Pommel Strike","Battle Trance","Rage","Spot Weakness"],"campfire_rested":3,"item_purchase_floors":[8,8,8,20],"current_hp_per_floor":[72,78,77,82,82,60,60,60,60,48,49,44,48,48,48,26,75,53,53,53,55,55,55,51,8,8,35,8,8,26,26,44,0],"gold":0,"neow_bonus":"UPGRADE_CARD","is_prod":false,"is_daily":false,"chose_seed":false,"campfire_upgraded":3,"win_rate":0,"timestamp":1557516722,"path_taken":["M","?","M","?","?","E","R","$","T","M","?","M","M","$","R","BOSS","M","?","$","M","$","R","?","M","T","R","M","?","R","?","R","BOSS"],"build_version":"2019-01-23","purchased_purges":4,"victory":false,"max_hp_per_floor":[80,80,80,85,85,85,85,85,85,85,85,85,85,85,85,85,90,90,90,90,90,90,90,90,90,90,90,90,63,63,63,63,63],"card_choices":[{"not_picked":["Second Wind","Seeing Red"],"picked":"Heavy Blade","floor":1},{"not_picked":["Anger","Wild Strike"],"picked":"Metallicize","floor":2},{"not_picked":["Armaments","Iron Wave"],"picked":"True Grit","floor":3},{"not_picked":["True Grit","Power Through"],"picked":"Shrug It Off","floor":6},{"not_picked":["Clothesline","Juggernaut","Disarm"],"picked":"SKIP","floor":10},{"not_picked":["Havoc","Bloodletting","Heavy Blade"],"picked":"SKIP","floor":11},{"not_picked":["Perfected Strike","Thunderclap","True Grit"],"picked":"SKIP","floor":12},{"not_picked":["Burning Pact","Flame Barrier"],"picked":"Flex","floor":13},{"not_picked":["Dark Embrace","Impervious"],"picked":"Limit Break","floor":16},{"not_picked":["Dropkick","Hemokinesis"],"picked":"Twin Strike","floor":17},{"not_picked":["Carnage","Body Slam+1"],"picked":"Iron Wave","floor":18},{"not_picked":["True Grit","Metallicize","Thunderclap"],"picked":"SKIP","floor":21},{"not_picked":["Pommel Strike","Shockwave","Wild Strike+1"],"picked":"SKIP","floor":24},{"not_picked":["Bloodletting","Clash+1","Body Slam"],"picked":"SKIP","floor":25},{"not_picked":["Double Tap","Flex+1"],"picked":"Flame Barrier","floor":28}],"player_experience":235393,"relics_obtained":[{"floor":6,"key":"Gremlin Horn"},{"floor":9,"key":"Smiling Mask"},{"floor":26,"key":"Matryoshka"}],"event_choices":[{"damage_healed":0,"gold_gain":0,"player_choice":"Donut","damage_taken":0,"max_hp_gain":5,"max_hp_loss":0,"event_name":"Big Fish","floor":4,"gold_loss":0},{"damage_healed":0,"gold_gain":100,"player_choice":"Pray","damage_taken":0,"max_hp_gain":0,"max_hp_loss":0,"event_name":"Golden Shrine","floor":5,"gold_loss":0},{"damage_healed":0,"gold_gain":100,"player_choice":"Bet on Murderer","damage_taken":0,"max_hp_gain":0,"max_hp_loss":0,"event_name":"The Joust","floor":19,"gold_loss":50},{"damage_healed":0,"gold_gain":0,"player_choice":"Became a vampire","damage_taken":0,"max_hp_gain":0,"max_hp_loss":27,"event_name":"Vampires","floor":29,"gold_loss":0,"cards_obtained":["Bite","Bite","Bite","Bite","Bite"]},{"damage_healed":0,"gold_gain":0,"player_choice":"Paid Fearfully","damage_taken":0,"max_hp_gain":0,"max_hp_loss":0,"event_name":"Masked Bandits","floor":31,"gold_loss":74}],"is_beta":false,"boss_relics":[{"not_picked":["Runic Dome","Velvet Choker"],"picked":"Tiny House"}],"items_purged_floors":[8,14,20,22],"is_endless":false,"potions_floor_spawned":[3,10,12,13,16,18],"killed_by":"Collector","ascension_level":11}