{"gold_per_floor":[218,95,95,108,120,120,147,166,192,207,221,221,239,265,265,364,364,380,380,23,41,41,41],"floor_reached":23,"playtime":666,"items_purged":["Defend_R"],"score":325,"play_id":"7bc99b37-5634-4e5f-aeb7-b53a81b162f4","local_time":"20190524194032","is_ascension_mode":true,"campfire_choices":[{"data":"Perfected Strike","floor":6,"key":"SMITH"},{"data":"Bash","floor":15,"key":"SMITH"}],"neow_cost":"NONE","seed_source_timestamp":10728626035000,"circlet_count":0,"master_deck":["AscendersBane","Strike_R","Strike_R","Strike_R","Strike_R","Strike_R","Defend_R","Defend_R","Defend_R","Bash+1","Carnage+1","Armaments","Perfected Strike+1","Metallicize","Warcry","Cleave","Shrug It Off","Reaper","True Grit","Rampage","Bandage Up","Uppercut"],"relics":["Black Blood","Boot","PreservedInsect","Orichalcum","Turnip","ClockworkSouvenir"],"potions_floor_usage":[16,16,18,23],"damage_taken":[{"damage":1,"enemies":"Cultist","floor":1,"turns":3},{"damage":8,"enemies":"Small Slimes","floor":4,"turns":3},{"damage":7,"enemies":"Jaw Worm","floor":5,"turns":3},{"damage":19,"enemies":"Lagavulin","floor":7,"turns":7},{"damage":11,"enemies":"Blue Slaver","floor":8,"turns":3},{"damage":8,"enemies":"Looter","floor":10,"turns":2},{"damage":0,"enemies":"Large Slime","floor":11,"turns":5},{"damage":3,"enemies":"3 Louse","floor":13,"turns":3},{"damage":7,"enemies":"Gremlin Nob","floor":14,"turns":3},{"damage":51,"enemies":"The Guardian","floor":16,"turns":13},{"damage":38,"enemies":"2 Thieves","floor":18,"turns":5},{"damage":20,"enemies":"Spheric Guardian","floor":21,"turns":5},{"damage":33,"enemies":"Slavers","floor":23,"turns":2}],"seed_played":"-2260782323755563983","potions_obtained":[{"floor":4,"key":"PowerPotion"},{"floor":7,"key":"Regen Potion"},{"floor":16,"key":"Swift Potion"},{"floor":21,"key":"Dexterity Potion"}],"is_trial":false,"path_per_floor":["M","$","?","M","M","R","E","M","T","M","M","?","M","E","R","B",null,"M","?","$","M","?","E"],"character_chosen":"IRONCLAD","items_purchased":["Armaments","Rampage","ClockworkSouvenir","Bandage Up"],"campfire_rested":0,"item_purchase_floors":[2,20,20,20],"current_hp_per_floor":[77,77,77,75,74,74,61,56,56,54,60,42,45,44,44,14,64,46,46,46,42,27,0],"gold":41,"neow_bonus":"HUNDRED_GOLD","is_prod":false,"is_daily":false,"chose_seed":false,"campfire_upgraded":2,"win_rate":0,"timestamp":1558741232,"path_taken":["M","$","?","M","M","R","E","M","T","M","M","?","M","E","R","BOSS","M","?","$","M","?","E"],"build_version":"2019-01-23","purchased_purges":1,"victory":false,"max_hp_per_floor":[80,80,80,80,80,80,80,80,80,80,80,80,80,80,80,80,80,80,80,80,80,85,85],"card_choices":[{"not_picked":["Iron Wave","Clash"],"picked":"Carnage","floor":1},{"not_picked":["Uppercut","Twin Strike"],"picked":"Perfected Strike","floor":4},{"not_picked":["Clash","Flex","Pummel"],"picked":"SKIP","floor":5},{"not_picked":["Pummel","Shockwave"],"picked":"Metallicize","floor":7},{"not_picked":["Headbutt","True Grit"],"picked":"Warcry","floor":8},{"not_picked":["Flex","Sever Soul","Body Slam"],"picked":"SKIP","floor":10},{"not_picked":["Blood for Blood","Flex"],"picked":"Cleave","floor":11},{"not_picked":["Brutality","Second Wind"],"picked":"Shrug It Off","floor":13},{"not_picked":["Thunderclap","Carnage","Havoc"],"picked":"SKIP","floor":14},{"not_picked":["Dark Embrace","Juggernaut"],"picked":"Reaper","floor":16},{"not_picked":["Searing Blow","Pummel"],"picked":"True Grit","floor":18},{"not_picked":["Clash+1","True Grit"],"picked":"Uppercut","floor":21}],"player_experience":344834,"relics_obtained":[{"floor":7,"key":"Boot"},{"floor":9,"key":"PreservedInsect"},{"floor":14,"key":"Turnip"}],"event_choices":[{"damage_healed":0,"gold_gain":0,"player_choice":"Grow","damage_taken":0,"max_hp_gain":0,"max_hp_loss":0,"event_name":"Living Wall","floor":3,"gold_loss":0,"cards_upgraded":["Carnage"]},{"damage_healed":0,"gold_gain":0,"player_choice":"Success","damage_taken":18,"relics_obtained":["Orichalcum"],"max_hp_gain":0,"max_hp_loss":0,"event_name":"Scrap Ooze","floor":12,"gold_loss":0},{"damage_healed":0,"gold_gain":0,"player_choice":"Ignored","damage_taken":0,"max_hp_gain":0,"max_hp_loss":0,"event_name":"Ghosts","floor":19,"gold_loss":0},{"damage_healed":0,"gold_gain":0,"player_choice":"Shed Blood","damage_taken":20,"max_hp_gain":5,"max_hp_loss":0,"event_name":"Forgotten Altar","floor":22,"gold_loss":0}],"is_beta":false,"boss_relics":[{"not_picked":["Eternal Feather","White Beast Statue"],"picked":"Black Blood"}],"items_purged_floors":[2],"is_endless":false,"potions_floor_spawned":[4,7,10,11,14,16,21],"killed_by":"Slavers","ascension_level":12}