{"gold_per_floor":[109,28,28,28,40,40,70,70,70,87,419,430,430,444,444,542,542,555,574,585,231,231,231,231],"floor_reached":24,"playtime":749,"items_purged":["Strike_R"],"score":358,"play_id":"01e7eda5-55e3-49e0-b69c-6936dc072146","local_time":"20190512224718","is_ascension_mode":true,"campfire_choices":[{"data":"Whirlwind","floor":6,"key":"SMITH"},{"data":"Uppercut","floor":8,"key":"SMITH"},{"data":"Infernal Blade","floor":15,"key":"SMITH"},{"floor":23,"key":"REST"}],"neow_cost":"NONE","seed_source_timestamp":3169985383500,"circlet_count":0,"master_deck":["AscendersBane","Strike_R","Strike_R","Defend_R","Defend_R","Defend_R","Defend_R","Bash","Infernal Blade+1","Uppercut+1","Whirlwind+1","Clothesline","Battle Trance","Heavy Blade","Double Tap","True Grit","Rage","RitualDagger"],"relics":["Burning Blood","NeowsBlessing","Oddly Smooth Stone","Ice Cream","Old Coin","Busted Crown","MealTicket"],"potions_floor_usage":[11],"damage_taken":[{"damage":0,"enemies":"Small Slimes","floor":1,"turns":1},{"damage":0,"enemies":"Cultist","floor":5,"turns":1},{"damage":0,"enemies":"Lagavulin","floor":7,"turns":1},{"damage":6,"enemies":"Jaw Worm","floor":10,"turns":3},{"damage":24,"enemies":"3 Sentries","floor":11,"turns":5},{"damage":10,"enemies":"Looter","floor":12,"turns":3},{"damage":0,"enemies":"2 Fungi Beasts","floor":14,"turns":2},{"damage":58,"enemies":"Hexaghost","floor":16,"turns":10},{"damage":20,"enemies":"Shell Parasite","floor":18,"turns":4},{"damage":27,"enemies":"2 Thieves","floor":19,"turns":3},{"damage":3,"enemies":"Centurion and Healer","floor":20,"turns":5},{"damage":53,"enemies":"Gremlin Leader","floor":24,"turns":4}],"seed_played":"-1853218878345586989","potions_obtained":[{"floor":1,"key":"Strength Potion"},{"floor":7,"key":"FearPotion"}],"is_trial":false,"path_per_floor":["M","$","?","?","M","R","E","R","T","M","E","M","?","M","R","B",null,"M","M","M","$","?","R","E"],"character_chosen":"IRONCLAD","items_purchased":["Uppercut","MealTicket","Rage"],"campfire_rested":1,"item_purchase_floors":[2,21,21],"current_hp_per_floor":[78,78,71,71,77,77,80,80,80,80,62,58,58,64,64,12,63,49,28,31,31,25,49,0],"gold":231,"neow_bonus":"THREE_ENEMY_KILL","is_prod":false,"is_daily":false,"chose_seed":false,"campfire_upgraded":3,"win_rate":0,"timestamp":1557715638,"path_taken":["M","$","?","?","M","R","E","R","T","M","E","M","?","?","R","BOSS","M","?","M","$","?","R","E"],"build_version":"2019-01-23","purchased_purges":1,"victory":false,"max_hp_per_floor":[80,80,80,80,80,80,80,80,80,80,80,80,80,80,80,80,80,80,80,80,80,80,80,80],"card_choices":[{"not_picked":["Feel No Pain","True Grit"],"picked":"Infernal Blade","floor":1},{"not_picked":["Bloodletting","Sentinel"],"picked":"Whirlwind","floor":5},{"not_picked":["Armaments","Havoc"],"picked":"Clothesline","floor":7},{"not_picked":["Shockwave","Perfected Strike"],"picked":"Battle Trance","floor":10},{"not_picked":["Impervious","Thunderclap"],"picked":"Heavy Blade","floor":11},{"not_picked":["Armaments","Bloodletting","Sever Soul"],"picked":"SKIP","floor":12},{"not_picked":["Rupture","Intimidate","Armaments"],"picked":"SKIP","floor":14},{"not_picked":["Demon Form","Barricade"],"picked":"Double Tap","floor":16},{"not_picked":["Clothesline"],"picked":"SKIP","floor":18},{"not_picked":[],"picked":"True Grit","floor":19},{"not_picked":["Anger"],"picked":"SKIP","floor":20}],"player_experience":269785,"relics_obtained":[{"floor":7,"key":"Oddly Smooth Stone"},{"floor":9,"key":"Ice Cream"},{"floor":11,"key":"Old Coin"}],"event_choices":[{"cards_removed":["Strike_R"],"damage_healed":0,"gold_gain":0,"player_choice":"Card Removal","damage_taken":7,"max_hp_gain":0,"max_hp_loss":0,"event_name":"Golden Wing","floor":3,"gold_loss":0},{"damage_healed":0,"gold_gain":0,"player_choice":"Ignored","damage_taken":0,"max_hp_gain":0,"max_hp_loss":0,"event_name":"Liars Game","floor":4,"gold_loss":0},{"cards_removed":["Strike_R"],"damage_healed":0,"gold_gain":0,"player_choice":"Card Removal","damage_taken":0,"max_hp_gain":0,"max_hp_loss":0,"event_name":"Wheel of Change","floor":13,"gold_loss":0},{"damage_healed":0,"gold_gain":0,"player_choice":"Joined the Cult","damage_taken":6,"max_hp_gain":0,"max_hp_loss":0,"event_name":"Nest","floor":22,"gold_loss":0,"cards_obtained":["RitualDagger"]}],"is_beta":false,"boss_relics":[{"not_picked":["Runic Pyramid","Snecko Eye"],"picked":"Busted Crown"}],"items_purged_floors":[21],"is_endless":false,"potions_floor_spawned":[1,7],"killed_by":"Gremlin Leader","ascension_level":11}