{"gold_per_floor":[114,64,64,18,37,37,64,64,117,150,166,182,182,215,215,310,310,329,38,48,63,10,10,10,10,33,33,0,0,28,28,28,130,130,149,6,17,30,44,44,62,74,99,112,141,141,141,154,154,154],"floor_reached":51,"playtime":2135,"items_purged":[],"score":844,"play_id":"15017718-c808-4f4a-8279-0342112ea00b","local_time":"20190520140639","is_ascension_mode":true,"campfire_choices":[{"data":"Zap","floor":6,"key":"SMITH"},{"data":"Dualcast","floor":8,"key":"SMITH"},{"data":"Hologram","floor":13,"key":"SMITH"},{"data":"Redo","floor":15,"key":"SMITH"},{"data":"Fission","floor":23,"key":"SMITH"},{"floor":27,"key":"REST"},{"floor":29,"key":"REST"},{"data":"Chaos","floor":32,"key":"SMITH"},{"floor":40,"key":"REST"},{"floor":46,"key":"REST"},{"floor":49,"key":"REST"}],"neow_cost":"NONE","seed_source_timestamp":16745462797699,"circlet_count":0,"master_deck":["Strike_B","Strike_B","Strike_B","Defend_B+1","Defend_B","Defend_B","Zap+1","Dualcast+1","Genetic Algorithm+1","Redo+1","Capacitor","FTL","Leap","Ball Lightning","Hologram+1","Cold Snap","Fission+1","Self Repair+1","Chaos+1","Doom and Gloom","Coolheaded","Conserve Battery","Cold Snap","Doubt","Leap","Multi-Cast","Beam Cell","Cold Snap+1","Consume+1","Loop+1","Pain","Glacier+1"],"relics":["Cracked Core","NeowsBlessing","Pantograph","Happy Flower","Frozen Egg 2","Mercury Hourglass","Cursed Key","Art of War","Nilry\u0027s Codex","Strawberry","Pen Nib","Question Card","Black Star","Oddly Smooth Stone","War Paint","Toxic Egg 2","The Courier"],"potions_floor_usage":[10,14,16,21,30,33,39,42,42,50],"damage_taken":[{"damage":0,"enemies":"Jaw Worm","floor":1,"turns":1},{"damage":0,"enemies":"Cultist","floor":5,"turns":1},{"damage":0,"enemies":"Gremlin Nob","floor":7,"turns":1},{"damage":17,"enemies":"Lagavulin","floor":10,"turns":6},{"damage":0,"enemies":"2 Louse","floor":11,"turns":1},{"damage":2,"enemies":"2 Fungi Beasts","floor":12,"turns":3},{"damage":23,"enemies":"3 Sentries","floor":14,"turns":7},{"damage":12,"enemies":"Hexaghost","floor":16,"turns":8},{"damage":20,"enemies":"2 Thieves","floor":18,"turns":4},{"damage":34,"enemies":"3 Byrds","floor":20,"turns":4},{"damage":4,"enemies":"Snake Plant","floor":21,"turns":4},{"damage":23,"enemies":"Gremlin Leader","floor":30,"turns":5},{"damage":24,"enemies":"Collector","floor":33,"turns":11},{"damage":21,"enemies":"Orb Walker","floor":35,"turns":4},{"damage":23,"enemies":"3 Shapes","floor":37,"turns":4},{"damage":31,"enemies":"3 Darklings","floor":38,"turns":5},{"damage":26,"enemies":"Maw","floor":39,"turns":7},{"damage":24,"enemies":"4 Shapes","floor":41,"turns":6},{"damage":10,"enemies":"Sphere and 2 Shapes","floor":42,"turns":6},{"damage":23,"enemies":"Spire Growth","floor":44,"turns":8},{"damage":5,"enemies":"Nemesis","floor":45,"turns":5},{"damage":17,"enemies":"3 Darklings","floor":48,"turns":4},{"damage":78,"enemies":"Awakened One","floor":50,"turns":17}],"seed_played":"-482975860457325233","potions_obtained":[{"floor":5,"key":"Weak Potion"},{"floor":11,"key":"EntropicBrew"},{"floor":16,"key":"EssenceOfSteel"},{"floor":21,"key":"Poison Potion"},{"floor":37,"key":"Energy Potion"},{"floor":41,"key":"Regen Potion"},{"floor":42,"key":"Fruit Juice"},{"floor":45,"key":"Ancient Potion"}],"is_trial":false,"path_per_floor":["M","?","?","$","M","R","E","R","T","E","M","M","R","E","R","B",null,"M","$","M","M","$","R","?","$","T","R","?","R","E","?","R","B",null,"M","$","M","M","M","R","M","M","T","M","E","R","?","M","R","B",null],"character_chosen":"DEFECT","items_purchased":["Redo","Chaos","Art of War","Doom and Gloom","Cold Snap","Oddly Smooth Stone"],"campfire_rested":5,"item_purchase_floors":[4,19,19,19,22,36],"current_hp_per_floor":[75,75,75,75,75,75,75,75,75,58,58,56,56,33,33,46,75,55,55,31,37,37,37,21,21,28,52,52,76,53,53,53,64,82,61,61,48,27,11,35,21,41,41,28,33,59,59,52,76,15],"gold":154,"neow_bonus":"THREE_ENEMY_KILL","is_prod":false,"is_daily":false,"chose_seed":false,"campfire_upgraded":6,"win_rate":0,"timestamp":1558375599,"path_taken":["M","?","?","$","M","R","E","R","T","E","M","?","R","E","R","BOSS","M","$","M","M","?","R","?","$","T","R","?","R","E","?","R","BOSS","M","$","M","M","?","R","M","M","T","M","E","R","?","M","R","BOSS"],"build_version":"2019-01-23","purchased_purges":0,"victory":true,"max_hp_per_floor":[75,75,75,75,75,75,75,75,75,75,75,75,75,75,75,75,75,75,75,75,75,75,75,75,75,82,82,82,82,82,82,82,82,82,82,82,82,82,82,82,82,87,87,87,87,87,83,83,83,83],"card_choices":[{"not_picked":["Steam","Redo"],"picked":"Genetic Algorithm","floor":1},{"not_picked":["Sweeping Beam","Storm"],"picked":"Capacitor","floor":5},{"not_picked":["Reinforced Body","Compile Driver"],"picked":"FTL","floor":7},{"not_picked":["Blizzard","Double Energy"],"picked":"Leap","floor":10},{"not_picked":["Coolheaded","Sunder"],"picked":"Ball Lightning","floor":11},{"not_picked":["All For One","Skim"],"picked":"Hologram","floor":12},{"not_picked":["Auto Shields","Compile Driver"],"picked":"Cold Snap","floor":14},{"not_picked":["Meteor Strike","Thunder Strike"],"picked":"Fission","floor":16},{"not_picked":["Rebound+1","Redo"],"picked":"Self Repair+1","floor":18},{"not_picked":["Ball Lightning+1","Sweeping Beam"],"picked":"Coolheaded","floor":20},{"not_picked":["Chaos+1","Genetic Algorithm"],"picked":"Conserve Battery","floor":21},{"not_picked":["Aggregate","White Noise"],"picked":"Leap","floor":30},{"not_picked":["Amplify","All For One","Thunder Strike"],"picked":"Multi-Cast","floor":33},{"not_picked":["Sunder+1","Genetic Algorithm","Gash+1"],"picked":"Beam Cell","floor":35},{"not_picked":["Chaos+1","Beam Cell+1","Sunder"],"picked":"Cold Snap+1","floor":37},{"not_picked":["Skim+1","Leap+1","Auto Shields+1"],"picked":"Consume+1","floor":38},{"not_picked":["Cold Snap","White Noise","Melter","Sweeping Beam"],"picked":"SKIP","floor":39},{"not_picked":["Hologram","Redo","Recycle+1"],"picked":"Loop+1","floor":41},{"not_picked":["Steam","FTL+1","Darkness","Loop+1"],"picked":"SKIP","floor":42},{"not_picked":["Scrape","Leap+1","Rip and Tear","All For One"],"picked":"SKIP","floor":44},{"not_picked":["Barrage","Machine Learning+1","Rip and Tear+1","Sweeping Beam+1"],"picked":"SKIP","floor":45},{"not_picked":["Sweeping Beam+1","Stack+1","Chill+1"],"picked":"Glacier+1","floor":48}],"player_experience":321598,"relics_obtained":[{"floor":7,"key":"Pantograph"},{"floor":9,"key":"Happy Flower"},{"floor":10,"key":"Frozen Egg 2"},{"floor":14,"key":"Mercury Hourglass"},{"floor":24,"key":"Nilry\u0027s Codex"},{"floor":26,"key":"Strawberry"},{"floor":30,"key":"Pen Nib"},{"floor":43,"key":"War Paint"},{"floor":45,"key":"Toxic Egg 2"},{"floor":45,"key":"The Courier"}],"event_choices":[{"cards_removed":["Strike_B"],"damage_healed":0,"gold_gain":0,"player_choice":"Card Removal","damage_taken":0,"max_hp_gain":0,"max_hp_loss":0,"event_name":"The Cleric","floor":2,"gold_loss":50},{"cards_removed":["Defend_B"],"damage_healed":0,"gold_gain":0,"player_choice":"Purged","damage_taken":0,"max_hp_gain":0,"max_hp_loss":0,"event_name":"Purifier","floor":3,"gold_loss":0},{"damage_healed":0,"gold_gain":0,"player_choice":"Obtained Book","damage_taken":16,"max_hp_gain":0,"max_hp_loss":0,"event_name":"Cursed Tome","floor":24,"gold_loss":0},{"damage_healed":0,"gold_gain":0,"player_choice":"Paid Fearfully","damage_taken":0,"max_hp_gain":0,"max_hp_loss":0,"event_name":"Masked Bandits","floor":28,"gold_loss":33},{"damage_healed":0,"gold_gain":0,"player_choice":"Gave Potion","damage_taken":0,"relics_obtained":["Question Card"],"max_hp_gain":0,"max_hp_loss":0,"event_name":"WeMeetAgain","floor":31,"gold_loss":0},{"damage_healed":0,"gold_gain":0,"player_choice":"Max HP","damage_taken":0,"max_hp_gain":0,"max_hp_loss":4,"event_name":"Winding Halls","floor":47,"gold_loss":0}],"is_beta":false,"boss_relics":[{"not_picked":["Philosopher\u0027s Stone","Runic Pyramid"],"picked":"Cursed Key"},{"not_picked":["White Beast Statue","Calling Bell"],"picked":"Black Star"}],"items_purged_floors":[],"is_endless":false,"potions_floor_spawned":[5,11,14,16,21,37,41,42,45],"ascension_level":3}