{"gold_per_floor":[117,117,117,117,42,42,77,77,131,131,306,306,325,338,338,461,461,474,474,474,498,498],"floor_reached":22,"playtime":956,"items_purged":[],"score":180,"play_id":"bb73baed-cac8-4c4f-b83c-38655c272808","local_time":"20190905210057","is_ascension_mode":false,"campfire_choices":[{"data":"Dualcast","floor":6,"key":"SMITH"},{"floor":8,"key":"REST"},{"data":"Chill","floor":12,"key":"SMITH"},{"data":"Zap","floor":15,"key":"SMITH"}],"neow_cost":"NONE","seed_source_timestamp":539304216611,"circlet_count":0,"master_deck":["Strike_B","Strike_B","Defend_B","Defend_B","Defend_B","Defend_B","Zap+1","Dualcast+1","Beam Cell","Chill+1","Self Repair","Aggregate","Self Repair","Gash","Fission","Coolheaded","Strike_B","Self Repair"],"relics":["Cracked Core","Golden Idol","Blue Candle","Oddly Smooth Stone","Bag of Marbles","Cursed Key"],"potions_floor_usage":[16,16],"damage_taken":[{"damage":6,"enemies":"Jaw Worm","floor":1,"turns":3},{"damage":40,"enemies":"Gremlin Nob","floor":7,"turns":5},{"damage":0,"enemies":"Small Slimes","floor":13,"turns":5},{"damage":0,"enemies":"2 Louse","floor":14,"turns":3},{"damage":62,"enemies":"Slime Boss","floor":16,"turns":13},{"damage":49,"enemies":"3 Byrds","floor":18,"turns":8},{"damage":18,"enemies":"Spheric Guardian","floor":21,"turns":8},{"damage":40,"enemies":"Snake Plant","floor":22,"turns":6}],"seed_played":"3302233182373768769","potions_obtained":[{"floor":7,"key":"Strength Potion"},{"floor":14,"key":"FocusPotion"},{"floor":18,"key":"Ancient Potion"}],"is_trial":false,"path_per_floor":["M","?","?","?","$","R","E","R","T","?","?","R","M","M","R","B",null,"M","?","?","M","M"],"character_chosen":"DEFECT","items_purchased":["Chill"],"campfire_rested":1,"item_purchase_floors":[5],"current_hp_per_floor":[69,51,48,73,73,73,33,55,55,55,55,55,62,75,75,27,75,40,40,40,36,0],"gold":498,"neow_bonus":"REMOVE_CARD","is_prod":false,"is_daily":false,"chose_seed":false,"campfire_upgraded":3,"win_rate":0,"timestamp":1567688457,"path_taken":["M","?","?","?","$","R","E","R","T","?","?","R","M","?","R","BOSS","M","?","?","M","M"],"build_version":"2019-07-17","purchased_purges":0,"victory":false,"max_hp_per_floor":[75,75,75,75,75,75,75,75,75,75,75,75,75,75,75,75,75,75,75,75,75,75],"card_choices":[{"not_picked":["Gash","Barrage"],"picked":"Beam Cell","floor":1},{"not_picked":["Skim","Reinforced Body"],"picked":"Self Repair","floor":7},{"not_picked":["Sweeping Beam","Reinforced Body"],"picked":"Self Repair","floor":13},{"not_picked":["Lockon","Rebound"],"picked":"Gash","floor":14},{"not_picked":["Hyperbeam","Multi-Cast"],"picked":"Fission","floor":16},{"not_picked":["Leap","Barrage"],"picked":"Coolheaded","floor":18},{"not_picked":["Reprogram","Blizzard"],"picked":"Self Repair","floor":21}],"player_experience":292722,"relics_obtained":[{"floor":7,"key":"Oddly Smooth Stone"},{"floor":9,"key":"Bag of Marbles"}],"event_choices":[{"damage_healed":0,"gold_gain":0,"player_choice":"Take Damage","damage_taken":18,"relics_obtained":["Golden Idol"],"max_hp_gain":0,"max_hp_loss":0,"event_name":"Golden Idol","floor":2,"gold_loss":0},{"damage_healed":0,"gold_gain":0,"player_choice":"Success","damage_taken":3,"relics_obtained":["Blue Candle"],"max_hp_gain":0,"max_hp_loss":0,"event_name":"Scrap Ooze","floor":3,"gold_loss":0},{"damage_healed":25,"gold_gain":0,"player_choice":"Banana","damage_taken":0,"max_hp_gain":0,"max_hp_loss":0,"event_name":"Big Fish","floor":4,"gold_loss":0},{"damage_healed":0,"gold_gain":0,"cards_transformed":["Strike_B"],"player_choice":"Change","damage_taken":0,"max_hp_gain":0,"max_hp_loss":0,"event_name":"Living Wall","floor":10,"gold_loss":0,"cards_obtained":["Aggregate"]},{"damage_healed":0,"gold_gain":175,"player_choice":"AGREE","damage_taken":0,"max_hp_gain":0,"max_hp_loss":0,"event_name":"Liars Game","floor":11,"gold_loss":0,"cards_obtained":["Doubt"]},{"damage_healed":0,"gold_gain":0,"player_choice":"Ignored","damage_taken":0,"max_hp_gain":0,"max_hp_loss":0,"event_name":"Vampires","floor":19,"gold_loss":0},{"cards_removed":["Doubt"],"damage_healed":0,"gold_gain":0,"player_choice":"Took Card","damage_taken":0,"max_hp_gain":0,"max_hp_loss":0,"event_name":"NoteForYourself","floor":20,"gold_loss":0,"cards_obtained":["Strike_B"]}],"is_beta":false,"boss_relics":[{"not_picked":["Ectoplasm","Philosopher\u0027s Stone"],"picked":"Cursed Key"}],"items_purged_floors":[],"is_endless":false,"potions_floor_spawned":[7,14,18],"killed_by":"Snake Plant","ascension_level":0}