{"gold_per_floor":[111,111,61,75,0,33,33,51,105,119,157,175,175,189,189,314,314,328,328,344,344,168,168,188,188,188,212,232,147,72,88,88,211,211,234,129,149,149,169,169,0,0,24,47,172,172,190,190],"floor_reached":48,"playtime":2032,"items_purged":["Strike_R","Strike_R"],"score":750,"play_id":"433d0b36-d533-45fd-819d-32453cc05cf8","local_time":"20190518173143","is_ascension_mode":true,"campfire_choices":[{"data":"Bash","floor":7,"key":"SMITH"},{"data":"Flame Barrier","floor":15,"key":"SMITH"},{"data":"Limit Break","floor":23,"key":"SMITH"},{"floor":25,"key":"REST"},{"floor":32,"key":"REST"},{"floor":40,"key":"REST"},{"data":"True Grit","floor":42,"key":"SMITH"},{"data":"Shrug It Off","floor":46,"key":"SMITH"}],"neow_cost":"NONE","seed_source_timestamp":155948139600,"circlet_count":0,"master_deck":["AscendersBane","Defend_R","Defend_R","Defend_R","Defend_R","Bash+1","Sword Boomerang","Inflame+1","Twin Strike","Rampage","Shrug It Off+1","Immolate","Heavy Blade","Flame Barrier+1","Limit Break+1","True Grit+1","Battle Trance","Whirlwind+1","Headbutt+1","Heavy Blade+1"],"relics":["Black Blood","NeowsBlessing","Golden Idol","Oddly Smooth Stone","Art of War","Strawberry","Busted Crown","Molten Egg 2","Regal Pillow","Red Mask","Bag of Preparation","Nunchaku"],"potions_floor_usage":[10,16,24,33,33,39,47],"damage_taken":[{"damage":0,"enemies":"Small Slimes","floor":1,"turns":1},{"damage":0,"enemies":"Jaw Worm","floor":4,"turns":1},{"damage":0,"enemies":"Lagavulin","floor":6,"turns":1},{"damage":0,"enemies":"Cultist","floor":8,"turns":3},{"damage":6,"enemies":"3 Louse","floor":10,"turns":4},{"damage":24,"enemies":"3 Sentries","floor":11,"turns":8},{"damage":7,"enemies":"Looter","floor":12,"turns":3},{"damage":0,"enemies":"Large Slime","floor":14,"turns":3},{"damage":21,"enemies":"The Guardian","floor":16,"turns":10},{"damage":12,"enemies":"2 Thieves","floor":18,"turns":3},{"damage":14,"enemies":"Shell Parasite","floor":20,"turns":4},{"damage":18,"enemies":"Chosen and Byrds","floor":24,"turns":5},{"damage":19,"enemies":"3 Cultists","floor":27,"turns":6},{"damage":13,"enemies":"Centurion and Healer","floor":28,"turns":6},{"damage":15,"enemies":"Sentry and Sphere","floor":31,"turns":4},{"damage":50,"enemies":"Champ","floor":33,"turns":10},{"damage":19,"enemies":"3 Shapes","floor":35,"turns":4},{"damage":15,"enemies":"Orb Walker","floor":37,"turns":3},{"damage":18,"enemies":"Maw","floor":39,"turns":7},{"damage":50,"enemies":"Writhing Mass","floor":44,"turns":5},{"damage":0,"enemies":"Mind Bloom Boss Battle","floor":45,"turns":5},{"damage":28,"enemies":"4 Shapes","floor":47,"turns":4},{"damage":44,"enemies":"Transient","floor":48,"turns":4}],"seed_played":"-4159939262762894931","potions_obtained":[{"floor":6,"key":"EntropicBrew"},{"floor":24,"key":"Ancient Potion"},{"floor":27,"key":"Swift Potion"},{"floor":37,"key":"Weak Potion"},{"floor":39,"key":"Ancient Potion"},{"floor":45,"key":"Weak Potion"}],"is_trial":false,"path_per_floor":["M","?","?","M","$","E","R","M","T","M","E","M","?","M","R","B",null,"M","?","M","?","$","R","M","R","T","M","M","?","?","M","R","B",null,"M","$","M","?","M","R","?","R","T","M","?","R","M","M"],"character_chosen":"IRONCLAD","items_purchased":["Limit Break","Battle Trance","Whirlwind+1"],"campfire_rested":3,"item_purchase_floors":[22,36,36],"current_hp_per_floor":[78,58,58,64,64,70,70,76,76,76,65,64,64,70,70,55,79,73,73,65,48,48,48,36,63,63,50,43,43,43,34,76,32,77,68,68,63,63,55,92,92,92,92,52,62,62,44,0],"gold":190,"neow_bonus":"THREE_ENEMY_KILL","is_prod":false,"is_daily":false,"chose_seed":false,"campfire_upgraded":5,"win_rate":0,"timestamp":1558215103,"path_taken":["M","?","?","M","$","E","R","M","T","M","E","M","?","?","R","BOSS","M","?","?","?","$","R","M","R","T","M","M","?","?","M","R","BOSS","M","$","M","?","?","R","?","R","T","M","?","R","M","M"],"build_version":"2019-01-23","purchased_purges":2,"victory":false,"max_hp_per_floor":[80,80,80,80,80,80,80,80,80,80,87,87,87,87,87,87,87,87,87,87,92,92,92,92,92,92,92,92,92,92,92,92,92,92,92,92,92,92,92,92,92,92,92,92,92,92,92,92],"card_choices":[{"not_picked":["Flex","Heavy Blade"],"picked":"Sword Boomerang","floor":1},{"not_picked":["Warcry","Reckless Charge"],"picked":"Inflame","floor":4},{"not_picked":["Pommel Strike","Perfected Strike"],"picked":"Twin Strike","floor":6},{"not_picked":["Searing Blow","Intimidate"],"picked":"Rampage","floor":8},{"not_picked":["Anger","Warcry"],"picked":"Shrug It Off","floor":10},{"not_picked":["Clash","Twin Strike"],"picked":"Immolate","floor":11},{"not_picked":["Clash","Pummel"],"picked":"Heavy Blade","floor":12},{"not_picked":["Rupture","Rage"],"picked":"Flame Barrier","floor":14},{"not_picked":["Armaments"],"picked":"SKIP","floor":18},{"not_picked":["Clothesline"],"picked":"SKIP","floor":20},{"not_picked":["Feel No Pain"],"picked":"SKIP","floor":24},{"not_picked":["Shockwave"],"picked":"SKIP","floor":27},{"not_picked":["Clash+1"],"picked":"SKIP","floor":28},{"not_picked":["Flex"],"picked":"SKIP","floor":31},{"not_picked":[],"picked":"True Grit","floor":35},{"not_picked":["Bloodletting"],"picked":"SKIP","floor":37},{"not_picked":["Seeing Red"],"picked":"SKIP","floor":39},{"not_picked":[],"picked":"Headbutt+1","floor":44},{"not_picked":[],"picked":"Heavy Blade+1","floor":45},{"not_picked":["Rupture+1"],"picked":"SKIP","floor":47}],"player_experience":305760,"relics_obtained":[{"floor":6,"key":"Oddly Smooth Stone"},{"floor":9,"key":"Art of War"},{"floor":11,"key":"Strawberry"},{"floor":26,"key":"Molten Egg 2"},{"floor":43,"key":"Bag of Preparation"},{"floor":45,"key":"Nunchaku"}],"event_choices":[{"damage_healed":0,"gold_gain":0,"player_choice":"Take Damage","damage_taken":20,"relics_obtained":["Golden Idol"],"max_hp_gain":0,"max_hp_loss":0,"event_name":"Golden Idol","floor":2,"gold_loss":0},{"cards_removed":["Strike_R"],"damage_healed":0,"gold_gain":0,"player_choice":"Card Removal","damage_taken":0,"max_hp_gain":0,"max_hp_loss":0,"event_name":"The Cleric","floor":3,"gold_loss":50},{"damage_healed":0,"gold_gain":0,"player_choice":"Grow","damage_taken":0,"max_hp_gain":0,"max_hp_loss":0,"event_name":"Living Wall","floor":13,"gold_loss":0,"cards_upgraded":["Inflame"]},{"cards_removed":["Strike_R"],"damage_healed":0,"gold_gain":0,"player_choice":"Purged","damage_taken":0,"max_hp_gain":0,"max_hp_loss":0,"event_name":"Purifier","floor":19,"gold_loss":0},{"damage_healed":0,"gold_gain":0,"player_choice":"Shed Blood","damage_taken":22,"max_hp_gain":5,"max_hp_loss":0,"event_name":"Forgotten Altar","floor":21,"gold_loss":0},{"damage_healed":0,"gold_gain":0,"player_choice":"Obtained Relic","damage_taken":0,"relics_obtained":["Regal Pillow"],"max_hp_gain":0,"max_hp_loss":0,"event_name":"Addict","floor":29,"gold_loss":85},{"cards_removed":["Strike_R"],"damage_healed":0,"gold_gain":0,"player_choice":"Gave Gold","damage_taken":0,"max_hp_gain":0,"max_hp_loss":0,"event_name":"Beggar","floor":30,"gold_loss":75},{"damage_healed":0,"gold_gain":0,"player_choice":"Ignored","damage_taken":0,"max_hp_gain":0,"max_hp_loss":0,"event_name":"SecretPortal","floor":38,"gold_loss":0},{"damage_healed":0,"gold_gain":0,"player_choice":"Paid","damage_taken":0,"relics_obtained":["Red Mask"],"max_hp_gain":0,"max_hp_loss":0,"event_name":"Tomb of Lord Red Mask","floor":41,"gold_loss":169},{"damage_healed":0,"gold_gain":0,"player_choice":"Fight","damage_taken":0,"max_hp_gain":0,"max_hp_loss":0,"event_name":"MindBloom","floor":45,"gold_loss":0}],"is_beta":false,"boss_relics":[{"not_picked":["Runic Pyramid","Calling Bell"],"picked":"Busted Crown"},{"not_picked":["Tiny House","Orrery"],"picked":"Black Blood"}],"items_purged_floors":[5,22],"is_endless":false,"potions_floor_spawned":[6,10,14,24,27,37,39,45],"killed_by":"Transient","ascension_level":12}