{"gold_per_floor":[111,128,148,158,4,30,4,4,4,4,4,33,33,33,33,133,133,144,155,80,98,114,114,114,114,164,164,263,263,21,39,39,39],"floor_reached":33,"playtime":1312,"items_purged":["Rupture+1"],"score":253,"play_id":"a54f704f-21c5-449f-ad6a-35da1120ee43","local_time":"20190901005240","is_ascension_mode":false,"campfire_choices":[{"data":"Rampage","floor":8,"key":"SMITH"},{"data":"Warcry","floor":10,"key":"SMITH"},{"data":"Heavy Blade","floor":13,"key":"SMITH"},{"data":"Bash","floor":15,"key":"SMITH"},{"data":"Battle Trance","floor":23,"key":"SMITH"},{"data":"Rage","floor":25,"key":"SMITH"},{"data":"Immolate","floor":29,"key":"SMITH"},{"data":"Seeing Red","floor":32,"key":"SMITH"}],"neow_cost":"NONE","seed_source_timestamp":1560285953477593,"circlet_count":0,"master_deck":["Strike_R","Strike_R","Strike_R","Defend_R","Defend_R","Defend_R","Bash+1","Heavy Blade+1","Rampage+1","Warcry+1","Thunderclap","Iron Wave","Headbutt","Flex+1","Immolate+1","Ghostly Armor+1","Sword Boomerang+1","Rage+1","Dropkick","Battle Trance+1","Seeing Red+1"],"relics":["Burning Blood","Orichalcum","Meat on the Bone","Mummified Hand","Ancient Tea Set","Astrolabe","Bag of Preparation","Blood Vial","Shuriken"],"potions_floor_usage":[16,16,22,33,33],"damage_taken":[{"damage":1,"enemies":"Cultist","floor":1,"turns":3},{"damage":1,"enemies":"2 Louse","floor":2,"turns":2},{"damage":0,"enemies":"Small Slimes","floor":3,"turns":3},{"damage":16,"enemies":"Blue Slaver","floor":4,"turns":5},{"damage":25,"enemies":"3 Sentries","floor":6,"turns":7},{"damage":9,"enemies":"Gremlin Nob","floor":12,"turns":4},{"damage":31,"enemies":"Hexaghost","floor":16,"turns":9},{"damage":4,"enemies":"Chosen","floor":18,"turns":4},{"damage":17,"enemies":"Shell Parasite","floor":19,"turns":5},{"damage":2,"enemies":"Snecko","floor":21,"turns":4},{"damage":18,"enemies":"Snake Plant","floor":22,"turns":5},{"damage":4,"enemies":"Chosen and Byrds","floor":31,"turns":4},{"damage":72,"enemies":"Champ","floor":33,"turns":7}],"seed_played":"3287350179173939518","potions_obtained":[{"floor":1,"key":"AttackPotion"},{"floor":2,"key":"SkillPotion"},{"floor":4,"key":"Poison Potion"},{"floor":18,"key":"Poison Potion"},{"floor":19,"key":"PowerPotion"}],"is_trial":false,"path_per_floor":["M","M","M","M","$","E","$","R","T","R","?","E","R","?","R","B",null,"M","M","$","M","M","R","$","R","T","?","?","R","$","M","R","B"],"character_chosen":"IRONCLAD","items_purchased":["Orichalcum","Headbutt","Shuriken"],"campfire_rested":0,"item_purchase_floors":[5,7,30],"current_hp_per_floor":[80,80,80,70,70,51,51,51,51,51,51,48,48,48,48,35,80,80,69,69,73,61,61,61,61,61,61,61,61,61,65,65,0],"gold":39,"neow_bonus":"THREE_CARDS","is_prod":false,"is_daily":false,"chose_seed":false,"campfire_upgraded":8,"win_rate":0,"timestamp":1567291960,"path_taken":["M","M","?","M","$","E","$","R","T","R","?","E","R","?","R","BOSS","M","?","$","M","M","R","$","R","T","?","?","R","?","M","R","BOSS"],"build_version":"2019-07-17","purchased_purges":1,"victory":false,"max_hp_per_floor":[80,80,80,80,80,80,80,80,80,80,80,80,80,80,80,80,80,80,80,80,80,80,80,80,80,80,80,80,80,80,80,80,80],"card_choices":[{"not_picked":["Twin Strike","Searing Blow"],"picked":"Heavy Blade","floor":0},{"not_picked":["Body Slam","Hemokinesis"],"picked":"Rampage","floor":1},{"not_picked":["Searing Blow","Rupture","Entrench"],"picked":"SKIP","floor":2},{"not_picked":["Headbutt","Anger"],"picked":"Warcry","floor":3},{"not_picked":["Sever Soul","Twin Strike"],"picked":"Thunderclap","floor":4},{"not_picked":["Dual Wield","Body Slam"],"picked":"Iron Wave","floor":6},{"not_picked":["Brutality","Heavy Blade"],"picked":"Flex","floor":12},{"not_picked":["Impervious","Barricade"],"picked":"Immolate","floor":16},{"not_picked":["Ghostly Armor","Havoc"],"picked":"Rage","floor":18},{"not_picked":["Body Slam","Rupture","Pommel Strike"],"picked":"SKIP","floor":19},{"not_picked":["Clash","Second Wind"],"picked":"Dropkick","floor":21},{"not_picked":["Disarm","Shrug It Off+1"],"picked":"Battle Trance","floor":22},{"not_picked":["Headbutt","Spot Weakness"],"picked":"Seeing Red","floor":31}],"player_experience":114401,"relics_obtained":[{"floor":6,"key":"Meat on the Bone"},{"floor":9,"key":"Mummified Hand"},{"floor":12,"key":"Ancient Tea Set"},{"floor":26,"key":"Bag of Preparation"}],"event_choices":[{"damage_healed":0,"gold_gain":0,"player_choice":"Ignored","damage_taken":0,"max_hp_gain":0,"max_hp_loss":0,"event_name":"Liars Game","floor":11,"gold_loss":0},{"damage_healed":0,"gold_gain":0,"player_choice":"Upgraded","damage_taken":0,"max_hp_gain":0,"max_hp_loss":0,"event_name":"Upgrade Shrine","floor":14,"gold_loss":0,"cards_upgraded":["Flex"]},{"damage_healed":0,"gold_gain":0,"player_choice":"Opened","damage_taken":0,"relics_obtained":["Blood Vial"],"max_hp_gain":0,"max_hp_loss":0,"event_name":"The Mausoleum","floor":27,"gold_loss":0},{"damage_healed":0,"gold_gain":99,"player_choice":"Stole From Cult","damage_taken":0,"max_hp_gain":0,"max_hp_loss":0,"event_name":"Nest","floor":28,"gold_loss":0}],"is_beta":false,"boss_relics":[{"not_picked":["Calling Bell","Runic Cube"],"picked":"Astrolabe"}],"items_purged_floors":[20],"is_endless":false,"potions_floor_spawned":[1,2,4,18,19],"killed_by":"Champ","ascension_level":0}