{"gold_per_floor":[109,128,78,95,115,115,7,36,63,83,97,97,114,126,126,223,223,238,60,60,72,90,90,23,23,47,47,65,65,65,65,65,65],"floor_reached":33,"playtime":1075,"items_purged":["Strike_R","Strike_R"],"score":386,"play_id":"d6ca28e3-4131-4bae-81b6-857259612c50","local_time":"20190415013836","is_ascension_mode":true,"campfire_choices":[{"data":"Inflame","floor":6,"key":"SMITH"},{"data":"Spot Weakness","floor":15,"key":"SMITH"},{"data":"Flex","floor":23,"key":"SMITH"},{"data":"Immolate","floor":25,"key":"SMITH"},{"data":"Sword Boomerang","floor":27,"key":"SMITH"},{"floor":32,"key":"REST"}],"neow_cost":"PERCENT_DAMAGE","seed_source_timestamp":15667254032800,"circlet_count":0,"master_deck":["Strike_R","Strike_R","Defend_R","Defend_R","Defend_R","Defend_R","Bash+1","Pommel Strike","Cleave","Inflame+1","Sword Boomerang+1","Spot Weakness+1","Rage","Reaper","Flex+1","Rage","Headbutt","Impervious","Twin Strike","Carnage","Immolate+1","Writhe","Decay"],"relics":["Burning Blood","Potion Belt","Bag of Marbles","Philosopher\u0027s Stone","Anchor","Centennial Puzzle"],"potions_floor_usage":[8,16,22,28],"damage_taken":[{"damage":5,"enemies":"Small Slimes","floor":1,"turns":6},{"damage":7,"enemies":"Jaw Worm","floor":2,"turns":3},{"damage":1,"enemies":"Cultist","floor":4,"turns":3},{"damage":12,"enemies":"Looter","floor":5,"turns":3},{"damage":40,"enemies":"Lagavulin","floor":8,"turns":6},{"damage":7,"enemies":"Blue Slaver","floor":10,"turns":2},{"damage":8,"enemies":"3 Louse","floor":11,"turns":2},{"damage":11,"enemies":"Looter","floor":13,"turns":2},{"damage":10,"enemies":"Blue Slaver","floor":14,"turns":2},{"damage":37,"enemies":"Slime Boss","floor":16,"turns":7},{"damage":37,"enemies":"2 Thieves","floor":18,"turns":4},{"damage":19,"enemies":"Shell Parasite","floor":21,"turns":5},{"damage":5,"enemies":"Centurion and Healer","floor":22,"turns":5},{"damage":11,"enemies":"Snake Plant","floor":28,"turns":2},{"damage":97,"enemies":"Automaton","floor":33,"turns":8}],"seed_played":"-6499561376706842772","potions_obtained":[{"floor":2,"key":"Regen Potion"},{"floor":4,"key":"FairyPotion"},{"floor":8,"key":"Fire Potion"},{"floor":14,"key":"BloodPotion"},{"floor":21,"key":"Strength Potion"}],"is_trial":false,"path_per_floor":["M","M","?","M","M","R","$","E","T","M","M","?","M","M","R","B",null,"M","$","?","M","M","R","$","R","T","R","M","?","?","?","R","B"],"character_chosen":"IRONCLAD","items_purchased":["Spot Weakness","Carnage","Immolate"],"campfire_rested":1,"item_purchase_floors":[7,19,24],"current_hp_per_floor":[68,67,67,72,66,66,66,41,41,40,68,68,63,59,59,54,86,55,55,46,33,34,34,34,34,34,34,38,38,38,38,66,0],"gold":65,"neow_bonus":"TWENTY_PERCENT_HP_BONUS","is_prod":false,"is_daily":false,"chose_seed":false,"campfire_upgraded":5,"win_rate":0,"timestamp":1555306716,"path_taken":["M","M","?","M","M","R","$","E","T","M","M","?","M","M","R","BOSS","M","$","?","M","?","R","$","R","T","R","M","?","?","?","R","BOSS"],"build_version":"2019-01-23","purchased_purges":2,"victory":false,"max_hp_per_floor":[96,96,96,96,96,96,96,96,96,96,96,96,96,96,96,96,96,96,96,96,96,96,96,96,96,96,96,96,96,96,96,96,96],"card_choices":[{"not_picked":["Headbutt","True Grit"],"picked":"Pommel Strike","floor":1},{"not_picked":["Pommel Strike","Perfected Strike"],"picked":"Cleave","floor":2},{"not_picked":["Heavy Blade","Cleave"],"picked":"Inflame","floor":4},{"not_picked":["Flex","Entrench"],"picked":"Sword Boomerang","floor":5},{"not_picked":["True Grit","Perfected Strike"],"picked":"Rage","floor":8},{"not_picked":["Blood for Blood","Wild Strike"],"picked":"Reaper","floor":10},{"not_picked":["Perfected Strike","Warcry"],"picked":"Flex","floor":11},{"not_picked":["Clothesline","Armaments"],"picked":"Rage","floor":13},{"not_picked":["Warcry","Rupture"],"picked":"Headbutt","floor":14},{"not_picked":["Bludgeon","Berserk"],"picked":"Impervious","floor":16},{"not_picked":["Sword Boomerang+1","Sentinel"],"picked":"Twin Strike","floor":18},{"not_picked":["Reckless Charge","Infernal Blade","Perfected Strike+1"],"picked":"SKIP","floor":21},{"not_picked":["Searing Blow","Feel No Pain","Thunderclap+1"],"picked":"SKIP","floor":22},{"not_picked":["Dual Wield+1","Feel No Pain","Body Slam"],"picked":"SKIP","floor":28}],"player_experience":137787,"relics_obtained":[{"floor":8,"key":"Potion Belt"},{"floor":9,"key":"Bag of Marbles"},{"floor":26,"key":"Anchor"}],"event_choices":[{"cards_removed":["Strike_R"],"damage_healed":0,"gold_gain":0,"player_choice":"Card Removal","damage_taken":0,"max_hp_gain":0,"max_hp_loss":0,"event_name":"The Cleric","floor":3,"gold_loss":50},{"damage_healed":0,"gold_gain":0,"player_choice":"Grow","damage_taken":0,"max_hp_gain":0,"max_hp_loss":0,"event_name":"Living Wall","floor":12,"gold_loss":0,"cards_upgraded":["Bash"]},{"damage_healed":0,"gold_gain":0,"player_choice":"Damaged","damage_taken":9,"max_hp_gain":0,"max_hp_loss":0,"event_name":"Wheel of Change","floor":20,"gold_loss":0},{"damage_healed":0,"gold_gain":0,"player_choice":"Opened","damage_taken":0,"relics_obtained":["Centennial Puzzle"],"max_hp_gain":0,"max_hp_loss":0,"event_name":"The Mausoleum","floor":29,"gold_loss":0,"cards_obtained":["Writhe"]},{"damage_healed":0,"gold_gain":0,"player_choice":"Smashed Altar","damage_taken":0,"max_hp_gain":0,"max_hp_loss":0,"event_name":"Forgotten Altar","floor":30,"gold_loss":0,"cards_obtained":["Decay"]},{"damage_healed":0,"gold_gain":0,"player_choice":"Ignored","damage_taken":0,"max_hp_gain":0,"max_hp_loss":0,"event_name":"Vampires","floor":31,"gold_loss":0}],"is_beta":false,"boss_relics":[{"not_picked":["Runic Dome","Pandora\u0027s Box"],"picked":"Philosopher\u0027s Stone"}],"items_purged_floors":[7,19],"is_endless":false,"potions_floor_spawned":[2,4,8,14,21],"killed_by":"Automaton","ascension_level":9}