{"gold_per_floor":[218,218,232,242,255,255,140,158,158,158,175,209,209,220,220,320,320,335,349,349,177,177,177,207,207,232,249,265,299,174,192,192,288,288,306,406,406],"floor_reached":37,"playtime":1915,"items_purged":["Strike_B","Strike_B","Strike_B"],"score":411,"play_id":"1bf24541-8693-423e-88d9-e8ce543d45b4","local_time":"20190902010227","is_ascension_mode":false,"campfire_choices":[{"data":"White Noise","floor":6,"key":"SMITH"},{"data":"Coolheaded","floor":10,"key":"SMITH"},{"floor":13,"key":"REST"},{"data":"Dualcast","floor":15,"key":"SMITH"},{"data":"Creative AI","floor":23,"key":"SMITH"},{"floor":32,"key":"REST"}],"neow_cost":"NONE","seed_source_timestamp":1646670906072677,"circlet_count":0,"master_deck":["Defend_B","Defend_B","Defend_B","Zap+1","Dualcast+1","Defragment","Rip and Tear","White Noise+1","Coolheaded+1","Static Discharge","Leap","Steam","Cold Snap","Auto Shields","Buffer","Rip and Tear+1","Creative AI+1","Steam","Chill","Sweeping Beam","Seek"],"relics":["FrozenCore","Calipers","Blue Candle","MutagenicStrength","StoneCalendar","Oddly Smooth Stone","Boot","Empty Cage","Dead Branch"],"potions_floor_usage":[24,27,28,29,31,37,37],"damage_taken":[{"damage":10,"enemies":"Jaw Worm","floor":1,"turns":4},{"damage":6,"enemies":"Cultist","floor":3,"turns":3},{"damage":5,"enemies":"2 Louse","floor":4,"turns":3},{"damage":12,"enemies":"Exordium Wildlife","floor":5,"turns":3},{"damage":4,"enemies":"2 Fungi Beasts","floor":8,"turns":3},{"damage":0,"enemies":"Looter","floor":11,"turns":2},{"damage":20,"enemies":"3 Sentries","floor":12,"turns":7},{"damage":0,"enemies":"3 Louse","floor":14,"turns":3},{"damage":9,"enemies":"Hexaghost","floor":16,"turns":11},{"damage":0,"enemies":"Chosen","floor":18,"turns":5},{"damage":0,"enemies":"Spheric Guardian","floor":19,"turns":7},{"damage":20,"enemies":"Book of Stabbing","floor":24,"turns":7},{"damage":5,"enemies":"Snake Plant","floor":27,"turns":5},{"damage":5,"enemies":"Chosen and Byrds","floor":28,"turns":7},{"damage":27,"enemies":"Gremlin Leader","floor":29,"turns":7},{"damage":0,"enemies":"Snecko","floor":31,"turns":6},{"damage":8,"enemies":"Automaton","floor":33,"turns":15},{"damage":0,"enemies":"3 Shapes","floor":35,"turns":2},{"damage":7,"enemies":"Mind Bloom Boss Battle","floor":36,"turns":10},{"damage":68,"enemies":"2 Orb Walkers","floor":37,"turns":5}],"seed_played":"1383110955005438743","potions_obtained":[{"floor":3,"key":"Block Potion"},{"floor":5,"key":"Regen Potion"},{"floor":8,"key":"FearPotion"},{"floor":12,"key":"Block Potion"},{"floor":28,"key":"AttackPotion"},{"floor":29,"key":"Ancient Potion"},{"floor":35,"key":"Dexterity Potion"},{"floor":36,"key":"PowerPotion"}],"is_trial":false,"path_per_floor":["M","?","M","M","M","R","$","M","T","R","M","E","R","M","R","B",null,"M","M","?","$","?","R","E","?","T","M","M","E","$","M","R","B",null,"M","?","?"],"character_chosen":"DEFECT","items_purchased":["Static Discharge","Creative AI"],"campfire_rested":2,"item_purchase_floors":[7,21],"current_hp_per_floor":[65,65,59,54,42,42,42,38,38,38,38,18,40,40,40,31,75,75,75,75,75,75,75,55,55,55,50,60,33,33,33,55,47,75,75,68,0],"gold":406,"neow_bonus":"HUNDRED_GOLD","is_prod":false,"is_daily":false,"chose_seed":false,"campfire_upgraded":4,"win_rate":0,"timestamp":1567378947,"path_taken":["M","?","M","M","M","R","$","?","T","R","M","E","R","M","R","BOSS","M","M","?","$","?","R","E","?","T","M","M","E","?","M","R","BOSS","M","?","?"],"build_version":"2019-07-17","purchased_purges":3,"victory":false,"max_hp_per_floor":[75,75,75,75,75,75,75,75,75,75,75,75,75,75,75,75,75,75,75,75,75,75,75,75,75,75,75,75,75,75,75,75,75,75,75,75,75],"card_choices":[{"not_picked":["Rebound","Conserve Battery"],"picked":"Defragment","floor":1},{"not_picked":["Aggregate","Heatsinks"],"picked":"Rip and Tear","floor":3},{"not_picked":["Steam","Reinforced Body"],"picked":"White Noise","floor":4},{"not_picked":["Blizzard","Skim"],"picked":"Coolheaded","floor":5},{"not_picked":["Compile Driver","Multi-Cast"],"picked":"Leap","floor":8},{"not_picked":["Lockon","Melter"],"picked":"Steam","floor":11},{"not_picked":["Gash","Melter"],"picked":"Cold Snap","floor":12},{"not_picked":["Conserve Battery","Turbo"],"picked":"Auto Shields","floor":14},{"not_picked":["Hyperbeam","Rainbow"],"picked":"Buffer","floor":16},{"not_picked":["Scrape","Rebound","Go for the Eyes"],"picked":"SKIP","floor":18},{"not_picked":["Sweeping Beam+1","Darkness"],"picked":"Rip and Tear+1","floor":19},{"not_picked":["Stack","Conserve Battery","Redo"],"picked":"SKIP","floor":24},{"not_picked":["Rebound","Ball Lightning"],"picked":"Steam","floor":27},{"not_picked":["Rebound","Go for the Eyes","Steam"],"picked":"SKIP","floor":28},{"not_picked":["Steam","Fission"],"picked":"Chill","floor":29},{"not_picked":["Streamline","Cold Snap"],"picked":"Sweeping Beam","floor":31},{"not_picked":["All For One","Meteor Strike"],"picked":"Seek","floor":33},{"not_picked":["Turbo","Stack","Loop"],"picked":"SKIP","floor":35}],"player_experience":131464,"relics_obtained":[{"floor":9,"key":"Calipers"},{"floor":12,"key":"Blue Candle"},{"floor":24,"key":"StoneCalendar"},{"floor":26,"key":"Oddly Smooth Stone"},{"floor":29,"key":"Boot"},{"floor":36,"key":"Dead Branch"}],"event_choices":[{"damage_healed":0,"gold_gain":0,"player_choice":"Upgraded","damage_taken":0,"max_hp_gain":0,"max_hp_loss":0,"event_name":"Upgrade Shrine","floor":2,"gold_loss":0,"cards_upgraded":["Zap"]},{"damage_healed":0,"gold_gain":0,"player_choice":"Ignored","damage_taken":0,"max_hp_gain":0,"max_hp_loss":0,"event_name":"Ghosts","floor":20,"gold_loss":0},{"damage_healed":0,"gold_gain":0,"player_choice":"Inject Mutagens","damage_taken":0,"relics_obtained":["MutagenicStrength"],"max_hp_gain":0,"max_hp_loss":0,"event_name":"Drug Dealer","floor":22,"gold_loss":0},{"damage_healed":0,"gold_gain":0,"player_choice":"Ignored","damage_taken":0,"max_hp_gain":0,"max_hp_loss":0,"event_name":"The Mausoleum","floor":25,"gold_loss":0},{"damage_healed":0,"gold_gain":0,"player_choice":"Fight","damage_taken":0,"max_hp_gain":0,"max_hp_loss":0,"event_name":"MindBloom","floor":36,"gold_loss":0},{"damage_healed":0,"gold_gain":0,"player_choice":"Fight","damage_taken":0,"max_hp_gain":0,"max_hp_loss":0,"event_name":"Mysterious Sphere","floor":37,"gold_loss":0}],"is_beta":false,"boss_relics":[{"not_picked":["Orrery","Astrolabe"],"picked":"FrozenCore"},{"not_picked":["Philosopher\u0027s Stone","Runic Pyramid"],"picked":"Empty Cage"}],"items_purged_floors":[7,21,30],"is_endless":false,"potions_floor_spawned":[3,5,8,12,14,19,28,29,35,36],"killed_by":"2 Orb Walkers","ascension_level":0}