{"gold_per_floor":[219,294,305,305,56,87,87,97,179,199,199,219,234,234,234,234],"floor_reached":16,"playtime":580,"items_purged":[],"score":153,"play_id":"2c4b23ac-6fd1-4a10-935b-c184a76c5482","local_time":"20190906094921","is_ascension_mode":true,"campfire_choices":[{"floor":7,"key":"REST"},{"data":"Zap","floor":11,"key":"SMITH"},{"data":"Dualcast","floor":15,"key":"SMITH"}],"neow_cost":"NONE","seed_source_timestamp":1739033369764300,"circlet_count":0,"master_deck":["AscendersBane","Strike_B","Strike_B","Strike_B","Defend_B","Defend_B","Defend_B","Defend_B","Zap+1","Dualcast+1","Redo","Undo","Gash","Undo","Loop+1","Double Energy"],"special_seed":0,"relics":["Cracked Core","Frozen Egg 2","Blood Vial","Pantograph"],"potions_floor_usage":[16],"damage_taken":[{"damage":7.0,"enemies":"Jaw Worm","floor":1.0,"turns":4.0},{"damage":0,"enemies":"Cultist","floor":3,"turns":4},{"damage":44,"enemies":"3 Sentries","floor":6,"turns":9},{"damage":0,"enemies":"Small Slimes","floor":8,"turns":3},{"damage":2,"enemies":"2 Fungi Beasts","floor":10,"turns":4},{"damage":14,"enemies":"Red Slaver","floor":12,"turns":3},{"damage":0,"enemies":"Blue Slaver","floor":13,"turns":3},{"damage":47,"enemies":"Hexaghost","floor":16,"turns":11}],"seed_played":"-1780828873255306610","potions_obtained":[{"floor":6,"key":"Swift Potion"},{"floor":10,"key":"Explosive Potion"},{"floor":12,"key":"EssenceOfSteel"}],"is_trial":false,"path_per_floor":["M","?","M","?","$","E","R","M","T","M","R","M","M","?","R","B"],"character_chosen":"DEFECT","items_purchased":["Frozen Egg 2"],"campfire_rested":1,"item_purchase_floors":[5],"current_hp_per_floor":[61,50,50,50,50,6,28,30,30,30,30,18,20,20,20,0],"gold":234,"neow_bonus":"HUNDRED_GOLD","is_prod":false,"is_daily":false,"chose_seed":false,"campfire_upgraded":2,"win_rate":0,"timestamp":1567788561,"path_taken":["M","?","M","?","$","E","R","?","T","M","R","M","M","?","R","BOSS"],"build_version":"2019-07-17","purchased_purges":0,"victory":false,"max_hp_per_floor":[75,75,75,75,75,75,75,75,75,75,75,75,75,75,75,75],"card_choices":[{"not_picked":["Barrage","Stack"],"picked":"Redo","floor":1.0},{"not_picked":["Double Energy","Ball Lightning"],"picked":"Undo","floor":3},{"not_picked":["Hologram","Beam Cell"],"picked":"Gash","floor":6},{"not_picked":["Rip and Tear","Steam"],"picked":"Undo","floor":8},{"not_picked":["Ball Lightning","Sweeping Beam"],"picked":"Loop+1","floor":10},{"not_picked":["Sunder","Cold Snap","Reinforced Body"],"picked":"SKIP","floor":12},{"not_picked":["Rip and Tear","Hologram"],"picked":"Double Energy","floor":13}],"player_experience":267073,"relics_obtained":[{"floor":6,"key":"Blood Vial"},{"floor":9,"key":"Pantograph"}],"event_choices":[{"damage_healed":0.0,"max_hp_gain":0.0,"max_hp_loss":0.0,"gold_gain":75.0,"event_name":"World of Goop","player_choice":"Gather Gold","floor":2.0,"gold_loss":0.0,"damage_taken":11.0},{"cards_removed":["Strike_B"],"damage_healed":0,"gold_gain":0,"player_choice":"Purged","damage_taken":0,"max_hp_gain":0,"max_hp_loss":0,"event_name":"Purifier","floor":4,"gold_loss":0},{"damage_healed":0,"gold_gain":0,"player_choice":"Searched \u00271\u0027 times","damage_taken":0,"max_hp_gain":0,"max_hp_loss":0,"event_name":"Dead Adventurer","floor":14,"gold_loss":0}],"is_beta":false,"boss_relics":[],"items_purged_floors":[],"is_endless":false,"potions_floor_spawned":[6,10,12],"killed_by":"Hexaghost","ascension_level":10}