{"gold_per_floor":[218,74,124,124,124,154,1,26,26,26,37,2,14,29,29,133,183,201,201,141,141,141],"floor_reached":22,"playtime":936,"items_purged":["Strike_B"],"score":310,"play_id":"f9e65f0a-d532-447b-8599-99b548f6a469","local_time":"20190906161059","is_ascension_mode":true,"campfire_choices":[{"floor":10,"key":"REST"},{"floor":15,"key":"REST"}],"neow_cost":"NONE","seed_source_timestamp":1761590313777500,"circlet_count":0,"master_deck":["AscendersBane","Strike_B","Strike_B","Strike_B","Defend_B+1","Defend_B","Defend_B","Defend_B","Zap","Dualcast","Consume+1","Capacitor","Redo","Loop","FTL","Go for the Eyes","Ball Lightning","Redo","Biased Cognition","Coolheaded","Cold Snap","Coolheaded"],"relics":["Cracked Core","PreservedInsect","Pen Nib","Unceasing Top","The Courier","Nloth\u0027s Gift"],"potions_floor_usage":[8,16,17,22,22],"damage_taken":[{"damage":1,"enemies":"Cultist","floor":1,"turns":4},{"damage":35,"enemies":"3 Sentries","floor":6,"turns":7},{"damage":26,"enemies":"Gremlin Nob","floor":8,"turns":4},{"damage":7,"enemies":"Jaw Worm","floor":11,"turns":3},{"damage":0,"enemies":"Small Slimes","floor":13,"turns":3},{"damage":22,"enemies":"Blue Slaver","floor":14,"turns":4},{"damage":44,"enemies":"Hexaghost","floor":16,"turns":7},{"damage":22,"enemies":"Chosen","floor":18,"turns":7},{"damage":24,"enemies":"2 Thieves","floor":20,"turns":4},{"damage":10,"enemies":"Shelled Parasite and Fungi","floor":22,"turns":8}],"seed_played":"6679370972524489430","potions_obtained":[{"floor":1,"key":"FearPotion"},{"floor":6,"key":"Block Potion"},{"floor":11,"key":"Fire Potion"},{"floor":13,"key":"EssenceOfSteel"},{"floor":17,"key":"Fruit Juice"}],"is_trial":false,"path_per_floor":["M","$","T","?","?","E","$","E","T","R","M","?","M","M","R","B",null,"M","?","M","?","M"],"character_chosen":"DEFECT","items_purchased":["Capacitor","Loop","FTL"],"campfire_rested":2,"item_purchase_floors":[2,7,7],"current_hp_per_floor":[67,67,67,67,72,37,37,11,11,35,28,48,48,26,50,6,72,50,32,8,8,0],"gold":141,"neow_bonus":"HUNDRED_GOLD","is_prod":false,"is_daily":false,"chose_seed":false,"campfire_upgraded":0,"win_rate":0,"timestamp":1567811459,"path_taken":["M","$","?","?","?","E","?","E","T","R","?","?","M","M","R","BOSS","M","?","M","?","?"],"build_version":"2019-07-17","purchased_purges":1,"victory":false,"max_hp_per_floor":[75,75,75,75,80,80,80,80,80,80,80,80,80,80,80,80,90,90,95,95,95,95],"card_choices":[{"not_picked":["Chaos","Sweeping Beam"],"picked":"Consume","floor":1},{"not_picked":["Double Energy","Stack"],"picked":"Redo","floor":6},{"not_picked":["Buffer","Compile Driver","Sweeping Beam"],"picked":"SKIP","floor":8},{"not_picked":["Chaos","Loop"],"picked":"Go for the Eyes","floor":11},{"not_picked":["Tempest","Stack"],"picked":"Ball Lightning","floor":13},{"not_picked":["Chaos","Hyperbeam"],"picked":"Redo","floor":14},{"not_picked":["Buffer","Reboot"],"picked":"Biased Cognition","floor":16},{"not_picked":["Leap","Skim"],"picked":"Coolheaded","floor":17},{"not_picked":["Streamline+1","Compile Driver"],"picked":"Cold Snap","floor":18},{"not_picked":["Steam Power","Barrage"],"picked":"Coolheaded","floor":20}],"player_experience":273890,"relics_obtained":[{"floor":3,"key":"PreservedInsect"},{"floor":6,"key":"Pen Nib"},{"floor":8,"key":"Unceasing Top"},{"floor":9,"key":"The Courier"}],"event_choices":[{"damage_healed":0,"gold_gain":0,"player_choice":"Grow","damage_taken":0,"max_hp_gain":0,"max_hp_loss":0,"event_name":"Living Wall","floor":4,"gold_loss":0,"cards_upgraded":["Consume"]},{"damage_healed":0,"gold_gain":0,"player_choice":"Donut","damage_taken":0,"max_hp_gain":5,"max_hp_loss":0,"event_name":"Big Fish","floor":5,"gold_loss":0},{"damage_healed":20,"gold_gain":0,"player_choice":"Healed","damage_taken":0,"max_hp_gain":0,"max_hp_loss":0,"event_name":"The Cleric","floor":12,"gold_loss":35},{"damage_healed":0,"gold_gain":0,"player_choice":"Shed Blood","damage_taken":23,"max_hp_gain":5,"max_hp_loss":0,"event_name":"Forgotten Altar","floor":19,"gold_loss":0},{"damage_healed":0,"gold_gain":0,"player_choice":"Traded Relic","damage_taken":0,"relics_obtained":["Nloth\u0027s Gift"],"max_hp_gain":0,"max_hp_loss":0,"event_name":"N\u0027loth","floor":21,"relics_lost":["Tiny House"],"gold_loss":0}],"is_beta":false,"boss_relics":[{"not_picked":["Ectoplasm","Snecko Eye"],"picked":"Tiny House"}],"items_purged_floors":[2],"is_endless":false,"potions_floor_spawned":[1,6,11,13],"killed_by":"Shelled Parasite and Fungi","ascension_level":10}