{"gold_per_floor":[116,134,134,153,78,78,107,123,123,23,37,49,49,78,78,183,183,202,202,216,234,234,261,280,155,155,155,155,155,169,188,188,284,284,301,313,150,165,176,176,205,205,205,239,239,239,0,0,0,0,0,0,0,29,29],"floor_reached":56,"playtime":6792,"items_purged":["Strike_B","Defend_B","Strike_B"],"score":1253,"play_id":"44ae0286-ba68-465c-8d3d-8e85a4b8c896","local_time":"20190707151523","is_ascension_mode":true,"campfire_choices":[{"data":"Dualcast","floor":6,"key":"SMITH"},{"floor":13,"key":"REST"},{"data":"Conserve Battery","floor":15,"key":"SMITH"},{"floor":32,"key":"REST"},{"data":"Creative AI","floor":40,"key":"SMITH"},{"data":"Machine Learning","floor":42,"key":"SMITH"},{"floor":45,"key":"REST"},{"floor":49,"key":"RECALL"},{"data":"Force Field","floor":52,"key":"SMITH"}],"neow_cost":"NONE","seed_source_timestamp":1296545064667140,"circlet_count":0,"master_deck":["Strike_B","Defend_B","Defend_B","Defend_B","Zap+1","Dualcast+1","Chill","Undo+1","Rebound","Capacitor","Conserve Battery+1","Ball Lightning","Creative AI+1","Defragment+1","Cold Snap+1","Force Field+1","Defragment+1","Machine Learning+1","Redo+1","Master of Strategy","Barrage+1"],"special_seed":0,"relics":["Cracked Core","Pocketwatch","Mummified Hand","Inserter","Orichalcum","Kunai","Calipers","Nuclear Battery","Happy Flower","Pantograph","Pen Nib","Red Mask","Bag of Preparation"],"potions_floor_usage":[18,33,41,44,50],"damage_taken":[{"damage":3,"enemies":"Jaw Worm","floor":1,"turns":4},{"damage":1,"enemies":"2 Louse","floor":2,"turns":3},{"damage":0,"enemies":"Small Slimes","floor":4,"turns":2},{"damage":12,"enemies":"3 Sentries","floor":7,"turns":8},{"damage":0,"enemies":"3 Louse","floor":8,"turns":3},{"damage":4,"enemies":"Looter","floor":11,"turns":3},{"damage":1,"enemies":"Large Slime","floor":12,"turns":8},{"damage":9,"enemies":"Gremlin Nob","floor":14,"turns":4},{"damage":33,"enemies":"Slime Boss","floor":16,"turns":11},{"damage":11,"enemies":"Shell Parasite","floor":18,"turns":6},{"damage":4,"enemies":"Spheric Guardian","floor":20,"turns":5},{"damage":18,"enemies":"3 Cultists","floor":21,"turns":5},{"damage":26,"enemies":"Gremlin Leader","floor":23,"turns":7},{"damage":0,"enemies":"Sentry and Sphere","floor":24,"turns":6},{"damage":0,"enemies":"Centurion and Healer","floor":30,"turns":8},{"damage":0,"enemies":"Snake Plant","floor":31,"turns":4},{"damage":18,"enemies":"Automaton","floor":33,"turns":7},{"damage":3,"enemies":"3 Darklings","floor":35,"turns":5},{"damage":1,"enemies":"3 Shapes","floor":36,"turns":7},{"damage":12,"enemies":"Sphere and 2 Shapes","floor":38,"turns":4},{"damage":5,"enemies":"4 Shapes","floor":39,"turns":5},{"damage":7,"enemies":"Nemesis","floor":41,"turns":9},{"damage":18,"enemies":"Reptomancer","floor":44,"turns":5},{"damage":51,"enemies":"Time Eater","floor":50,"turns":9},{"damage":23,"enemies":"Shield and Spear","floor":54,"turns":9},{"damage":62,"enemies":"The Heart","floor":55,"turns":10}],"seed_played":"6048090499132914063","potions_obtained":[{"floor":0,"key":"Dexterity Potion"},{"floor":0,"key":"FearPotion"},{"floor":0,"key":"SpeedPotion"},{"floor":1,"key":"PowerPotion"},{"floor":20,"key":"Energy Potion"},{"floor":29,"key":"Energy Potion"},{"floor":35,"key":"Regen Potion"},{"floor":41,"key":"PowerPotion"}],"is_trial":false,"path_per_floor":["M","M","?","M","$","R","E","M","T","$","M","M","R","E","R","B",null,"M","?","M","M","?","E","M","$","T","?","T","?","M","M","R","B",null,"M","M","$","M","M","R","E","R","T","E","R","?","?","?","R","B",null,"R","$","E","B",null],"character_chosen":"DEFECT","items_purchased":["Master of Strategy"],"campfire_rested":3,"item_purchase_floors":[37],"current_hp_per_floor":[72,71,56,56,56,56,44,44,44,44,40,39,61,52,52,19,75,64,64,60,42,42,16,16,16,16,16,16,16,16,16,38,20,75,72,71,71,59,54,54,62,62,62,44,66,66,66,66,66,20,71,71,71,48,9],"gold":29,"neow_bonus":"THREE_SMALL_POTIONS","is_prod":false,"is_daily":false,"chose_seed":false,"campfire_upgraded":5,"win_rate":0,"timestamp":1562537723,"path_taken":["M","M","?","M","$","R","E","M","T","$","M","M","R","E","R","BOSS","M","?","M","M","?","E","M","$","T","?","?","?","M","M","R","BOSS","M","M","$","M","?","R","E","R","T","E","R","?","?","?","R","BOSS","R","$","E","BOSS"],"build_version":"2019-07-05","purchased_purges":3,"victory":true,"max_hp_per_floor":[75,75,75,75,75,75,75,75,75,75,75,75,75,75,75,75,75,75,75,75,75,75,75,75,75,75,75,75,75,75,75,75,75,75,75,75,75,75,75,75,75,75,75,75,75,75,75,71,71,71,71,71,71,71,71],"card_choices":[{"not_picked":["Coolheaded","Redo"],"picked":"Chill","floor":1},{"not_picked":["Go for the Eyes","Barrage"],"picked":"Undo","floor":2},{"not_picked":["Steam","Stack"],"picked":"Rebound","floor":4},{"not_picked":["Rip and Tear","Streamline"],"picked":"Capacitor","floor":7},{"not_picked":["Consume","Redo"],"picked":"Conserve Battery","floor":8},{"not_picked":["Undo","Heatsinks","Streamline"],"picked":"SKIP","floor":11},{"not_picked":["Chill","Reprogram"],"picked":"Ball Lightning","floor":12},{"not_picked":["Skim","Rebound","Streamline"],"picked":"SKIP","floor":14},{"not_picked":["All For One","Multi-Cast"],"picked":"Creative AI","floor":16},{"not_picked":["Recycle","Leap"],"picked":"Defragment+1","floor":18},{"not_picked":["Streamline","Go for the Eyes+1","Compile Driver"],"picked":"SKIP","floor":20},{"not_picked":["Double Energy","Beam Cell","Redo"],"picked":"SKIP","floor":21},{"not_picked":["Go for the Eyes+1","Beam Cell"],"picked":"Cold Snap+1","floor":23},{"not_picked":["Melter","Gash"],"picked":"Force Field","floor":24},{"not_picked":["Compile Driver+1","Reboot","Heatsinks"],"picked":"SKIP","floor":30},{"not_picked":["Coolheaded","BootSequence"],"picked":"Defragment+1","floor":31},{"not_picked":["Electrodynamics","Reboot"],"picked":"Machine Learning","floor":33},{"not_picked":["Loop+1","Aggregate"],"picked":"Redo+1","floor":35},{"not_picked":["Streamline+1","Compile Driver","Barrage"],"picked":"SKIP","floor":36},{"not_picked":["Heatsinks","Sweeping Beam+1","Steam"],"picked":"SKIP","floor":38},{"not_picked":["Steam Power","Turbo","Heatsinks"],"picked":"SKIP","floor":39},{"not_picked":["Steam","Force Field","Barrage"],"picked":"SKIP","floor":41},{"not_picked":["Steam","Hologram+1","Ball Lightning"],"picked":"SKIP","floor":44},{"not_picked":["Cold Snap+1","Streamline+1"],"picked":"Barrage+1","floor":54}],"player_experience":93164,"relics_obtained":[{"floor":7,"key":"Pocketwatch"},{"floor":14,"key":"Mummified Hand"},{"floor":23,"key":"Orichalcum"},{"floor":26,"key":"Kunai"},{"floor":28,"key":"Calipers"},{"floor":41,"key":"Happy Flower"},{"floor":43,"key":"Pantograph"},{"floor":44,"key":"Pen Nib"},{"floor":54,"key":"Bag of Preparation"}],"event_choices":[{"damage_healed":0,"gold_gain":0,"player_choice":"Entered Light","damage_taken":15,"max_hp_gain":0,"max_hp_loss":0,"event_name":"Shining Light","floor":3,"gold_loss":0,"cards_upgraded":["Undo","Zap"]},{"damage_healed":0,"gold_gain":0,"player_choice":"Ignored","damage_taken":0,"max_hp_gain":0,"max_hp_loss":0,"event_name":"Vampires","floor":19,"gold_loss":0},{"damage_healed":0,"gold_gain":0,"player_choice":"Ignored","damage_taken":0,"max_hp_gain":0,"max_hp_loss":0,"event_name":"Ghosts","floor":22,"gold_loss":0},{"damage_healed":0,"gold_gain":0,"player_choice":"Ignored","damage_taken":0,"max_hp_gain":0,"max_hp_loss":0,"event_name":"The Mausoleum","floor":27,"gold_loss":0},{"damage_healed":0,"gold_gain":0,"player_choice":"Got Potions","damage_taken":0,"max_hp_gain":0,"max_hp_loss":0,"event_name":"Lab","floor":29,"gold_loss":0},{"cards_removed":["Strike_B"],"damage_healed":0,"gold_gain":0,"player_choice":"Removed Attack","damage_taken":0,"max_hp_gain":0,"max_hp_loss":0,"event_name":"Falling","floor":46,"gold_loss":0},{"damage_healed":0,"gold_gain":0,"player_choice":"Paid","damage_taken":0,"relics_obtained":["Red Mask"],"max_hp_gain":0,"max_hp_loss":0,"event_name":"Tomb of Lord Red Mask","floor":47,"gold_loss":239},{"damage_healed":0,"gold_gain":0,"player_choice":"Max HP","damage_taken":0,"max_hp_gain":0,"max_hp_loss":4,"event_name":"Winding Halls","floor":48,"gold_loss":0}],"is_beta":false,"boss_relics":[{"not_picked":["Runic Dome","Fusion Hammer"],"picked":"Inserter"},{"not_picked":["Runic Pyramid","Orrery"],"picked":"Nuclear Battery"}],"items_purged_floors":[5,10,25],"is_endless":false,"potions_floor_spawned":[1,4,12,20,23,30,35,39,41],"ascension_level":2}