{"gold_per_floor":[115,115,129,141,159,190,190,27,57,68,18,18,35,51,51,148,148,160,160,75,75,0,27,27,37,63,81,81,96,96,109,109,214,214,227,227,245,111,129,129,147,162,185,198,73,73,73,93,93,93],"floor_reached":51,"playtime":3299,"items_purged":["Strike_G","Strike_G","Strike_G"],"score":648,"play_id":"fcf2dfa9-b4c6-459c-9ef6-5bef56a127f2","local_time":"20190907153653","is_ascension_mode":false,"campfire_choices":[{"data":"Cloak And Dagger","floor":7,"key":"SMITH"},{"data":"Apotheosis","floor":12,"key":"SMITH"},{"data":"Cloak And Dagger","floor":15,"key":"SMITH"},{"data":"Infinite Blades","floor":24,"key":"SMITH"},{"floor":30,"key":"REST"},{"data":"Sucker Punch","floor":32,"key":"SMITH"},{"data":"A Thousand Cuts","floor":40,"key":"SMITH"},{"data":"Blur","floor":47,"key":"SMITH"},{"floor":49,"key":"REST"}],"neow_cost":"NONE","seed_source_timestamp":2129751654407946,"circlet_count":0,"master_deck":["Strike_G","Strike_G","Defend_G","Defend_G","Defend_G","Defend_G","Defend_G","Survivor","Neutralize+1","Infinite Blades+1","Crippling Poison","Dagger Throw","Cloak And Dagger+1","Apotheosis+1","Cloak And Dagger+1","Acrobatics","A Thousand Cuts+1","Sucker Punch+1","Backflip","PiercingWail","PiercingWail","Deflect+1","Malaise","Blur+1","Backflip+1","Accuracy+1"],"relics":["Ring of the Serpent","Boot","Bag of Marbles","Tiny Chest","Singing Bowl","Enchiridion","Torii","Centennial Puzzle","Vajra","Sozu","Ancient Tea Set"],"potions_floor_usage":[16,16,27,27,27,33,33,50,50],"damage_taken":[{"damage":0,"enemies":"2 Louse","floor":1,"turns":3},{"damage":0,"enemies":"Small Slimes","floor":3,"turns":3},{"damage":0,"enemies":"Cultist","floor":4,"turns":3},{"damage":8,"enemies":"2 Fungi Beasts","floor":5,"turns":4},{"damage":21,"enemies":"Gremlin Nob","floor":6,"turns":5},{"damage":0,"enemies":"Large Slime","floor":10,"turns":4},{"damage":3,"enemies":"Gremlin Gang","floor":13,"turns":3},{"damage":0,"enemies":"3 Louse","floor":14,"turns":3},{"damage":4,"enemies":"The Guardian","floor":16,"turns":12},{"damage":8,"enemies":"Shell Parasite","floor":18,"turns":7},{"damage":5,"enemies":"Book of Stabbing","floor":23,"turns":8},{"damage":2,"enemies":"Spheric Guardian","floor":25,"turns":5},{"damage":1,"enemies":"Chosen and Byrds","floor":27,"turns":4},{"damage":1,"enemies":"Snake Plant","floor":29,"turns":4},{"damage":3,"enemies":"Centurion and Healer","floor":31,"turns":9},{"damage":29,"enemies":"Collector","floor":33,"turns":11},{"damage":0,"enemies":"Orb Walker","floor":35,"turns":5},{"damage":1,"enemies":"3 Shapes","floor":37,"turns":3},{"damage":1,"enemies":"Spire Growth","floor":39,"turns":6},{"damage":0,"enemies":"3 Darklings","floor":41,"turns":5},{"damage":2,"enemies":"Jaw Worm Horde","floor":42,"turns":5},{"damage":1,"enemies":"Sphere and 2 Shapes","floor":44,"turns":5},{"damage":0,"enemies":"4 Shapes","floor":48,"turns":5},{"damage":15,"enemies":"Awakened One","floor":50,"turns":20}],"seed_played":"-8680125240163188195","potions_obtained":[{"floor":4,"key":"Block Potion"},{"floor":13,"key":"Poison Potion"},{"floor":14,"key":"SkillPotion"},{"floor":23,"key":"SteroidPotion"},{"floor":25,"key":"EntropicBrew"},{"floor":27,"key":"Strength Potion"},{"floor":33,"key":"Dexterity Potion"}],"is_trial":false,"path_per_floor":["M","?","M","M","M","E","R","$","T","M","?","R","M","M","R","B",null,"M","?","?","?","$","E","R","M","T","M","?","M","R","M","R","B",null,"M","?","M","$","M","R","M","M","T","M","$","?","R","M","R","B",null],"character_chosen":"THE_SILENT","items_purchased":["Apotheosis","Blur"],"campfire_rested":2,"item_purchase_floors":[8,38],"current_hp_per_floor":[70,70,70,70,62,41,41,41,41,41,41,41,38,38,38,34,70,62,46,46,46,46,43,43,41,41,40,40,39,60,57,57,28,72,74,74,75,75,74,74,74,74,74,75,75,77,77,79,84,69],"gold":93,"neow_bonus":"RANDOM_COMMON_RELIC","is_prod":false,"is_daily":false,"chose_seed":false,"campfire_upgraded":7,"win_rate":0,"timestamp":1567863413,"path_taken":["M","?","M","M","M","E","R","$","T","M","?","R","?","M","R","BOSS","M","?","?","?","$","E","R","?","T","M","?","?","R","M","R","BOSS","M","?","M","$","M","R","M","M","T","?","$","?","R","M","R","BOSS"],"build_version":"2019-07-17","purchased_purges":3,"victory":true,"max_hp_per_floor":[70,70,70,70,70,70,70,70,70,70,70,70,70,70,70,70,70,70,70,70,70,70,72,72,72,72,72,72,72,72,72,72,72,72,74,74,76,76,76,76,76,78,78,80,80,82,82,84,84,84],"card_choices":[{"not_picked":["Dodge and Roll","Backflip"],"picked":"Infinite Blades","floor":1},{"not_picked":["Bane","Heel Hook"],"picked":"Crippling Poison","floor":3},{"not_picked":["Finisher","Terror"],"picked":"Dagger Throw","floor":4},{"not_picked":["Underhanded Strike","Dagger Spray"],"picked":"Cloak And Dagger","floor":5},{"not_picked":["Phantasmal Killer","Prepared","Tactician"],"picked":"SKIP","floor":6},{"not_picked":["Poisoned Stab","Blade Dance","Heel Hook"],"picked":"SKIP","floor":10},{"not_picked":["Outmaneuver","Dagger Throw"],"picked":"Cloak And Dagger","floor":13},{"not_picked":["Dagger Throw","Bouncing Flask"],"picked":"Acrobatics","floor":14},{"not_picked":["Tools of the Trade","Glass Knife"],"picked":"A Thousand Cuts","floor":16},{"not_picked":["Catalyst","Heel Hook"],"picked":"Sucker Punch","floor":18},{"not_picked":["Setup","Dagger Spray","Sucker Punch"],"picked":"Singing Bowl","floor":23},{"not_picked":["Poisoned Stab+1","Skewer"],"picked":"Backflip","floor":25},{"not_picked":["Catalyst","Choke"],"picked":"PiercingWail","floor":27},{"not_picked":["Malaise","Dagger Throw"],"picked":"PiercingWail","floor":29},{"not_picked":["Flying Knee","Dodge and Roll+1"],"picked":"Deflect+1","floor":31},{"not_picked":["Unload","A Thousand Cuts"],"picked":"Malaise","floor":33},{"not_picked":["Sucker Punch+1","Cloak And Dagger","Tactician+1"],"picked":"Singing Bowl","floor":35},{"not_picked":["Quick Slash+1","Blade Dance","Deflect+1"],"picked":"Singing Bowl","floor":37},{"not_picked":["Crippling Poison+1","Poisoned Stab+1"],"picked":"Backflip+1","floor":39},{"not_picked":["Crippling Poison+1","Sucker Punch+1"],"picked":"Accuracy+1","floor":41},{"not_picked":["Deflect","Crippling Poison","Cloak And Dagger"],"picked":"Singing Bowl","floor":42},{"not_picked":["Deadly Poison+1","Distraction","Terror+1"],"picked":"Singing Bowl","floor":44},{"not_picked":["Enlightenment","Mayhem","Panacea"],"picked":"Singing Bowl","floor":46},{"not_picked":["Flechettes","Outmaneuver+1","Slice"],"picked":"Singing Bowl","floor":48}],"player_experience":171917,"relics_obtained":[{"floor":6,"key":"Bag of Marbles"},{"floor":9,"key":"Tiny Chest"},{"floor":19,"key":"Enchiridion"},{"floor":23,"key":"Centennial Puzzle"},{"floor":26,"key":"Vajra"},{"floor":43,"key":"Ancient Tea Set"}],"event_choices":[{"damage_healed":0,"gold_gain":0,"player_choice":"Grow","damage_taken":0,"max_hp_gain":0,"max_hp_loss":0,"event_name":"Living Wall","floor":2,"gold_loss":0,"cards_upgraded":["Neutralize"]},{"damage_healed":0,"gold_gain":0,"player_choice":"Paid Gold","damage_taken":0,"relics_obtained":["Singing Bowl"],"max_hp_gain":0,"max_hp_loss":0,"event_name":"WeMeetAgain","floor":11,"gold_loss":50},{"damage_healed":0,"gold_gain":0,"player_choice":"Obtained Book","damage_taken":16,"max_hp_gain":0,"max_hp_loss":0,"event_name":"Cursed Tome","floor":19,"gold_loss":0},{"damage_healed":0,"gold_gain":0,"player_choice":"Obtained Relic","damage_taken":0,"relics_obtained":["Torii"],"max_hp_gain":0,"max_hp_loss":0,"event_name":"Addict","floor":20,"gold_loss":85},{"damage_healed":0,"gold_gain":0,"player_choice":"Ignored","damage_taken":0,"max_hp_gain":0,"max_hp_loss":0,"event_name":"N\u0027loth","floor":21,"gold_loss":0},{"damage_healed":0,"gold_gain":0,"player_choice":"Bought 0 Potions","damage_taken":0,"max_hp_gain":0,"max_hp_loss":0,"event_name":"The Woman in Blue","floor":28,"gold_loss":0},{"damage_healed":0,"gold_gain":0,"player_choice":"Ignored","damage_taken":0,"max_hp_gain":0,"max_hp_loss":0,"event_name":"NoteForYourself","floor":36,"gold_loss":0},{"damage_healed":0,"gold_gain":0,"player_choice":"Memory 1","damage_taken":0,"max_hp_gain":0,"max_hp_loss":0,"event_name":"SensoryStone","floor":46,"gold_loss":0}],"is_beta":false,"boss_relics":[{"not_picked":["Empty Cage","Calling Bell"],"picked":"Ring of the Serpent"},{"not_picked":["Runic Dome","Snecko Eye"],"picked":"Sozu"}],"items_purged_floors":[22,38,45],"is_endless":false,"potions_floor_spawned":[4,13,14,23,25,27,33,35,39,41,48],"ascension_level":0}