{"gold_per_floor":[112,123,133,149,149,190,190,190,216,284,299,349,1,19,19,113,113,132,152,152,152,175,175,209,134,159,203,203],"floor_reached":28,"playtime":2194,"items_purged":["Injury"],"score":620,"play_id":"958435a1-c148-4dab-b83d-02957b20b154","local_time":"20190801205735","is_ascension_mode":true,"campfire_choices":[{"floor":7,"key":"REST"},{"floor":15,"key":"REST"},{"floor":23,"key":"REST"}],"neow_cost":"NONE","seed_source_timestamp":417095038584600,"circlet_count":0,"master_deck":["AscendersBane","Strike_B","Strike_B","Defend_B","Defend_B","Defend_B","Defend_B","Zap","Dualcast","Cold Snap+1","Coolheaded","Streamline","Gash","Leap","Defragment","Coolheaded","Cold Snap+1","Electrodynamics","Capacitor","Double Energy+1","Sweeping Beam","Biased Cognition","Defragment"],"relics":["Cracked Core","Golden Idol","Happy Flower","Anchor","Cables","DataDisk","Philosopher\u0027s Stone","Enchiridion","Mummified Hand","Whetstone","Bronze Scales","PreservedInsect"],"potions_floor_usage":[6,8,16,19,28],"damage_taken":[{"damage":2,"enemies":"Jaw Worm","floor":1,"turns":4},{"damage":5,"enemies":"2 Louse","floor":2,"turns":3},{"damage":2,"enemies":"Cultist","floor":3,"turns":4},{"damage":5,"enemies":"3 Louse","floor":4,"turns":4},{"damage":29,"enemies":"Lagavulin","floor":6,"turns":7},{"damage":30,"enemies":"Gremlin Nob","floor":8,"turns":4},{"damage":7,"enemies":"Exordium Thugs","floor":11,"turns":3},{"damage":0,"enemies":"Gremlin Gang","floor":14,"turns":6},{"damage":0,"enemies":"The Guardian","floor":16,"turns":13},{"damage":0,"enemies":"Shell Parasite","floor":18,"turns":6},{"damage":6,"enemies":"2 Thieves","floor":19,"turns":4},{"damage":15,"enemies":"Centurion and Healer","floor":22,"turns":6},{"damage":22,"enemies":"Gremlin Leader","floor":24,"turns":5},{"damage":15,"enemies":"Book of Stabbing","floor":27,"turns":5},{"damage":20,"enemies":"Cultist and Chosen","floor":28,"turns":3}],"seed_played":"2893948259632747108","potions_obtained":[{"floor":1,"key":"SmokeBomb"},{"floor":3,"key":"Poison Potion"},{"floor":14,"key":"AttackPotion"},{"floor":18,"key":"SpeedPotion"},{"floor":27,"key":"Block Potion"}],"is_trial":false,"path_per_floor":["M","M","M","M","?","E","R","E","T","T","M","?","$","M","R","B",null,"M","M","?","T","M","R","E","?","T","E","M"],"character_chosen":"DEFECT","items_purchased":["DataDisk","Defragment","Coolheaded"],"campfire_rested":3,"item_purchase_floors":[13,13,13],"current_hp_per_floor":[62,57,55,50,50,21,42,12,12,12,5,5,5,5,26,26,60,60,54,33,33,18,39,17,17,17,2,0],"gold":203,"neow_bonus":"REMOVE_CARD","is_prod":false,"is_daily":false,"chose_seed":false,"campfire_upgraded":0,"win_rate":0,"timestamp":1564718255,"path_taken":["M","M","M","M","?","E","R","E","T","?","M","?","$","?","R","BOSS","M","M","?","?","?","R","E","?","T","E","M"],"build_version":"2019-07-17","purchased_purges":1,"victory":false,"max_hp_per_floor":[71,71,71,71,71,71,71,71,71,71,71,71,71,71,71,71,71,71,71,71,71,71,71,71,71,71,71,71],"card_choices":[{"not_picked":["Chaos","Conserve Battery"],"picked":"Cold Snap","floor":1},{"not_picked":["Redo","Stack"],"picked":"Coolheaded","floor":2},{"not_picked":["Scrape","Steam Power","Fusion"],"picked":"SKIP","floor":3},{"not_picked":["Lockon","Tempest"],"picked":"Streamline","floor":4},{"not_picked":["Streamline","Loop"],"picked":"Gash","floor":6},{"not_picked":["Coolheaded","Scrape"],"picked":"Leap","floor":11},{"not_picked":["Conserve Battery","Barrage"],"picked":"Cold Snap","floor":14},{"not_picked":["Fission","All For One"],"picked":"Electrodynamics","floor":16},{"not_picked":["FTL","Gash"],"picked":"Capacitor","floor":18},{"not_picked":["Beam Cell","Conserve Battery"],"picked":"Double Energy+1","floor":19},{"not_picked":["Force Field","Redo"],"picked":"Sweeping Beam","floor":22},{"not_picked":["Steam Power","Static Discharge"],"picked":"Biased Cognition","floor":24},{"not_picked":["Reprogram","Heatsinks"],"picked":"Defragment","floor":27}],"player_experience":595620,"relics_obtained":[{"floor":6,"key":"Happy Flower"},{"floor":9,"key":"Anchor"},{"floor":10,"key":"Cables"},{"floor":20,"key":"Enchiridion"},{"floor":21,"key":"Mummified Hand"},{"floor":24,"key":"Whetstone"},{"floor":26,"key":"Bronze Scales"},{"floor":27,"key":"PreservedInsect"}],"event_choices":[{"damage_healed":0,"gold_gain":0,"player_choice":"Take Wound","damage_taken":0,"relics_obtained":["Golden Idol"],"max_hp_gain":0,"max_hp_loss":0,"event_name":"Golden Idol","floor":5,"gold_loss":0,"cards_obtained":["Injury"]},{"damage_healed":0,"gold_gain":50,"player_choice":"Pray","damage_taken":0,"max_hp_gain":0,"max_hp_loss":0,"event_name":"Golden Shrine","floor":12,"gold_loss":0},{"damage_healed":0,"gold_gain":0,"player_choice":"Obtained Book","damage_taken":21,"max_hp_gain":0,"max_hp_loss":0,"event_name":"Cursed Tome","floor":20,"gold_loss":0},{"cards_removed":["Strike_B"],"damage_healed":0,"gold_gain":0,"player_choice":"Gave Gold","damage_taken":0,"max_hp_gain":0,"max_hp_loss":0,"event_name":"Beggar","floor":25,"gold_loss":75}],"is_beta":false,"boss_relics":[{"not_picked":["Runic Dome","Pandora\u0027s Box"],"picked":"Philosopher\u0027s Stone"}],"items_purged_floors":[13],"is_endless":false,"potions_floor_spawned":[1,3,4,8,14,18,27],"killed_by":"Cultist and Chosen","ascension_level":19}