{"gold_per_floor":[115,134,134,134,147,147,174,174,174,192,208,57,88,101,101,202,202,219,22,33,43,61,61,78,78,78,97,117,42,42,55,55,155,155,173,31,41,41,41,41,54,54,77,94,94,107,124,0,0,0],"floor_reached":50,"playtime":2785,"items_purged":["Strike_B","Strike_B"],"score":554,"play_id":"c39375d8-f505-4b8d-b7ab-d670e108bb55","local_time":"20190411183619","is_ascension_mode":true,"campfire_choices":[{"data":"Hello World","floor":6,"key":"SMITH"},{"data":"Dualcast","floor":8,"key":"SMITH"},{"floor":15,"key":"REST"},{"floor":23,"key":"REST"},{"data":"Machine Learning","floor":30,"key":"SMITH"},{"floor":32,"key":"REST"},{"data":"Defragment","floor":40,"key":"SMITH"},{"data":"Buffer","floor":42,"key":"SMITH"},{"data":"Glacier","floor":45,"key":"SMITH"},{"floor":49,"key":"REST"}],"neow_cost":"NONE","seed_source_timestamp":3141138008200,"circlet_count":0,"master_deck":["Strike_B","Defend_B","Defend_B","Defend_B","Defend_B","Zap","Dualcast+1","Skim","Hello World+1","Glacier+1","Beam Cell","FTL","Conserve Battery","Auto Shields","Static Discharge","Ball Lightning","Hologram+1","Rainbow+1","Machine Learning+1","Cold Snap+1","Coolheaded+1","Tempest+1","Reinforced Body+1","Ball Lightning","Streamline","Leap+1","Chill+1","Amplify+1","Steam Power+1","Defragment+1","Darkness+1","Leap+1","Writhe","Buffer+1","Sweeping Beam","Beam Cell+1","Seek+1","Turbo+1"],"relics":["Cracked Core","Lantern","Shuriken","Centennial Puzzle","Toxic Egg 2","Sozu","Vajra","DataDisk","Nuclear Battery","Bag of Preparation"],"potions_floor_usage":[13,16,22,33,33],"damage_taken":[{"damage":2,"enemies":"Jaw Worm","floor":1,"turns":3},{"damage":1,"enemies":"2 Louse","floor":2,"turns":2},{"damage":0,"enemies":"Cultist","floor":5,"turns":3},{"damage":14,"enemies":"Lagavulin","floor":7,"turns":8},{"damage":0,"enemies":"2 Fungi Beasts","floor":10,"turns":3},{"damage":14,"enemies":"Exordium Thugs","floor":11,"turns":4},{"damage":7,"enemies":"Gremlin Nob","floor":13,"turns":3},{"damage":3,"enemies":"Blue Slaver","floor":14,"turns":3},{"damage":13,"enemies":"Hexaghost","floor":16,"turns":8},{"damage":5,"enemies":"Chosen","floor":18,"turns":4},{"damage":24,"enemies":"3 Byrds","floor":20,"turns":4},{"damage":22,"enemies":"Shelled Parasite and Fungi","floor":21,"turns":5},{"damage":0,"enemies":"Cultist and Chosen","floor":22,"turns":4},{"damage":9,"enemies":"Centurion and Healer","floor":24,"turns":5},{"damage":0,"enemies":"Snecko","floor":27,"turns":5},{"damage":3,"enemies":"Chosen and Byrds","floor":28,"turns":4},{"damage":11,"enemies":"Snake Plant","floor":31,"turns":3},{"damage":38,"enemies":"Champ","floor":33,"turns":8},{"damage":9,"enemies":"3 Shapes","floor":35,"turns":4},{"damage":8,"enemies":"Orb Walker","floor":37,"turns":2},{"damage":0,"enemies":"Maw","floor":41,"turns":6},{"damage":0,"enemies":"4 Shapes","floor":44,"turns":5},{"damage":0,"enemies":"3 Darklings","floor":46,"turns":6},{"damage":19,"enemies":"Sphere and 2 Shapes","floor":47,"turns":4},{"damage":83,"enemies":"Time Eater","floor":50,"turns":10}],"seed_played":"8136265192888145161","potions_obtained":[{"floor":5,"key":"Energy Potion"},{"floor":11,"key":"AttackPotion"},{"floor":13,"key":"SkillPotion"},{"floor":14,"key":"SteroidPotion"},{"floor":16,"key":"FearPotion"}],"is_trial":false,"path_per_floor":["M","M","?","?","M","R","E","R","T","M","M","$","E","M","R","B",null,"M","$","M","M","M","R","M","?","T","M","M","$","R","M","R","B",null,"M","$","M","?","$","R","M","R","T","M","R","M","M","$","R","B"],"character_chosen":"DEFECT","items_purchased":["Auto Shields","Static Discharge","Ball Lightning","Vajra","Coolheaded+1","Defragment","Darkness+1","Turbo+1"],"campfire_rested":4,"item_purchase_floors":[12,12,12,19,19,36,36,48],"current_hp_per_floor":[73,72,72,72,72,72,58,58,58,58,44,44,37,34,56,43,75,70,70,46,24,24,46,37,37,37,37,34,34,34,23,45,7,75,66,66,58,75,75,75,75,75,75,75,75,75,56,56,75,0],"gold":0,"neow_bonus":"RANDOM_COMMON_RELIC","is_prod":false,"is_daily":false,"chose_seed":false,"campfire_upgraded":6,"win_rate":0,"timestamp":1555022179,"path_taken":["M","M","?","?","M","R","E","R","T","M","M","$","E","?","R","BOSS","M","$","M","M","M","R","M","?","T","M","M","?","R","M","R","BOSS","M","$","M","?","$","R","M","R","T","M","R","M","M","$","R","BOSS"],"build_version":"2019-01-23","purchased_purges":2,"victory":false,"max_hp_per_floor":[75,75,75,75,75,75,75,75,75,75,75,75,75,75,75,75,75,75,75,75,75,75,75,75,75,75,75,75,75,75,75,75,75,75,75,75,75,75,75,75,75,75,75,75,75,75,75,75,75,75],"card_choices":[{"not_picked":["Go for the Eyes","Lockon"],"picked":"Skim","floor":1},{"not_picked":["Capacitor","Conserve Battery"],"picked":"Hello World","floor":2},{"not_picked":["Turbo","Steam"],"picked":"Glacier","floor":5},{"not_picked":["Recycle","Rebound"],"picked":"Beam Cell","floor":7},{"not_picked":["Stack","Recycle"],"picked":"FTL","floor":10},{"not_picked":["Barrage","Lockon"],"picked":"Conserve Battery","floor":11},{"not_picked":["Recycle","Barrage"],"picked":"Hologram","floor":13},{"not_picked":["Turbo+1","Chaos+1"],"picked":"Rainbow+1","floor":14},{"not_picked":["Buffer","Amplify+1"],"picked":"Machine Learning","floor":16},{"not_picked":["Turbo+1","Heatsinks"],"picked":"Cold Snap+1","floor":18},{"not_picked":["Gash","Force Field+1"],"picked":"Tempest+1","floor":20},{"not_picked":["Skim+1","Chill+1"],"picked":"Reinforced Body+1","floor":21},{"not_picked":["Turbo+1","Barrage"],"picked":"Ball Lightning","floor":22},{"not_picked":["Rebound+1","FTL"],"picked":"Streamline","floor":24},{"not_picked":["Sunder+1","Barrage","Streamline+1"],"picked":"SKIP","floor":27},{"not_picked":["Redo+1","Beam Cell+1"],"picked":"Leap+1","floor":28},{"not_picked":["Capacitor","Force Field+1"],"picked":"Chill+1","floor":31},{"not_picked":["Machine Learning","Reboot+1"],"picked":"Amplify+1","floor":33},{"not_picked":["Darkness+1","Gash"],"picked":"Steam Power+1","floor":35},{"not_picked":["Beam Cell","Conserve Battery+1"],"picked":"Leap+1","floor":37},{"not_picked":["Coolheaded+1","Barrage"],"picked":"Buffer","floor":41},{"not_picked":["Conserve Battery+1","Barrage"],"picked":"Sweeping Beam","floor":44},{"not_picked":["Ball Lightning","Conserve Battery+1"],"picked":"Beam Cell+1","floor":46},{"not_picked":["Reprogram+1","Compile Driver"],"picked":"Seek+1","floor":47}],"player_experience":102373,"relics_obtained":[{"floor":7,"key":"Shuriken"},{"floor":9,"key":"Centennial Puzzle"},{"floor":13,"key":"Toxic Egg 2"},{"floor":26,"key":"DataDisk"},{"floor":43,"key":"Bag of Preparation"}],"event_choices":[{"damage_healed":0,"gold_gain":0,"player_choice":"Ignored","damage_taken":0,"max_hp_gain":0,"max_hp_loss":0,"event_name":"Liars Game","floor":3,"gold_loss":0},{"cards_removed":["Strike_B"],"damage_healed":0,"gold_gain":0,"player_choice":"Offered Basic","damage_taken":0,"max_hp_gain":0,"max_hp_loss":0,"event_name":"Bonfire Elementals","floor":4,"gold_loss":0},{"damage_healed":0,"gold_gain":0,"player_choice":"Got Potions","damage_taken":0,"max_hp_gain":0,"max_hp_loss":0,"event_name":"Lab","floor":25,"gold_loss":0},{"damage_healed":19,"gold_gain":0,"player_choice":"Writhe","damage_taken":0,"max_hp_gain":0,"max_hp_loss":0,"event_name":"Winding Halls","floor":38,"gold_loss":0,"cards_obtained":["Writhe"]}],"is_beta":false,"boss_relics":[{"not_picked":["Tiny House","Lizard Tail"],"picked":"Sozu"},{"not_picked":["Velvet Choker","Coffee Dripper"],"picked":"Nuclear Battery"}],"items_purged_floors":[29,48],"is_endless":false,"potions_floor_spawned":[5,11,13,14,16,20,21,31,33,35,44,47],"killed_by":"Time Eater","ascension_level":3}