{"gold_per_floor":[110,123,123,141,158,193,193,193,193,203,231,231,250,281,281,381,381,401,421,346,306,316,316,316,335,361,378,378,378,378],"floor_reached":30,"playtime":1821,"items_purged":[],"score":265,"play_id":"20f7038d-29bd-4aad-820a-aef7b389d0f9","local_time":"20190319143041","is_ascension_mode":true,"campfire_choices":[{"floor":8,"key":"REST"},{"data":"Perfected Strike","floor":15,"key":"SMITH"},{"floor":23,"key":"REST"},{"floor":28,"key":"REST"}],"neow_cost":"NONE","seed_source_timestamp":2691498227800,"circlet_count":0,"master_deck":["Strike_R","Strike_R","Strike_R","Strike_R","Strike_R","Defend_R","Defend_R","Defend_R","Defend_R","Bash","Perfected Strike+1","Iron Wave","Shrug It Off","Pommel Strike","Infernal Blade","Thunderclap","Warcry","Spot Weakness","Barricade+1","Perfected Strike+1","Ghostly Armor","Dual Wield","Rampage","Shrug It Off+1"],"relics":["Burning Blood","Orichalcum","Blood Vial","Paper Frog","Juzu Bracelet","Ancient Tea Set","PreservedInsect","White Beast Statue","Nilry\u0027s Codex","Oddly Smooth Stone"],"potions_floor_usage":[11,16,27,27,30],"damage_taken":[{"damage":1,"enemies":"Jaw Worm","floor":1,"turns":6},{"damage":0,"enemies":"Small Slimes","floor":2,"turns":3},{"damage":0,"enemies":"2 Louse","floor":4,"turns":2},{"damage":12,"enemies":"Large Slime","floor":5,"turns":8},{"damage":19,"enemies":"Gremlin Nob","floor":6,"turns":4},{"damage":7,"enemies":"Blue Slaver","floor":10,"turns":4},{"damage":8,"enemies":"Lagavulin","floor":11,"turns":5},{"damage":3,"enemies":"Red Slaver","floor":13,"turns":3},{"damage":16,"enemies":"3 Sentries","floor":14,"turns":7},{"damage":12,"enemies":"Slime Boss","floor":16,"turns":8},{"damage":18,"enemies":"Spheric Guardian","floor":18,"turns":4},{"damage":12,"enemies":"Shell Parasite","floor":19,"turns":6},{"damage":40,"enemies":"Shelled Parasite and Fungi","floor":22,"turns":8},{"damage":20,"enemies":"Snake Plant","floor":25,"turns":5},{"damage":45,"enemies":"Chosen and Byrds","floor":27,"turns":8},{"damage":43,"enemies":"Book of Stabbing","floor":30,"turns":5}],"seed_played":"-987033650428495209","potions_obtained":[{"floor":2,"key":"Dexterity Potion"},{"floor":5,"key":"Weak Potion"},{"floor":14,"key":"Fire Potion"},{"floor":18,"key":"EntropicBrew"},{"floor":19,"key":"FearPotion"},{"floor":25,"key":"Regen Potion"},{"floor":27,"key":"Poison Potion"}],"is_trial":false,"path_per_floor":["M","M","?","M","M","E","?","R","T","M","E","?","M","E","R","B",null,"M","M","?","?","M","R","?","M","T","M","R","?","E"],"character_chosen":"IRONCLAD","items_purchased":[],"campfire_rested":3,"item_purchase_floors":[],"current_hp_per_floor":[80,80,85,85,79,66,54,79,79,80,80,80,85,75,75,71,85,73,69,69,69,37,62,46,34,34,12,37,37,0],"gold":378,"neow_bonus":"RANDOM_COMMON_RELIC","is_prod":false,"is_daily":false,"chose_seed":false,"campfire_upgraded":1,"win_rate":0,"timestamp":1553020241,"path_taken":["M","M","?","M","M","E","?","R","T","M","E","?","M","E","R","BOSS","M","M","?","?","M","R","?","M","T","M","R","?","E"],"build_version":"2019-01-23","purchased_purges":0,"victory":false,"max_hp_per_floor":[80,80,85,85,85,85,85,85,85,85,85,85,85,85,85,85,85,85,85,85,85,85,85,85,85,85,85,85,85,85],"card_choices":[{"not_picked":["Dual Wield","Clash"],"picked":"Perfected Strike","floor":1},{"not_picked":["Disarm","Body Slam"],"picked":"Iron Wave","floor":2},{"not_picked":["Seeing Red","Body Slam"],"picked":"Shrug It Off","floor":4},{"not_picked":["Heavy Blade","Warcry"],"picked":"Pommel Strike","floor":5},{"not_picked":["Iron Wave","Feel No Pain"],"picked":"Infernal Blade","floor":6},{"not_picked":["Body Slam","Searing Blow"],"picked":"Thunderclap","floor":10},{"not_picked":["Power Through","Hemokinesis"],"picked":"Body Slam","floor":11},{"not_picked":["Body Slam","Corruption"],"picked":"Warcry","floor":13},{"not_picked":["Bloodletting","Intimidate"],"picked":"Spot Weakness","floor":14},{"not_picked":["Dark Embrace","Bludgeon"],"picked":"Barricade","floor":16},{"not_picked":["True Grit","Flex"],"picked":"Perfected Strike+1","floor":18},{"not_picked":["Clothesline","Heavy Blade+1"],"picked":"Ghostly Armor","floor":19},{"not_picked":["Burning Pact","Power Through"],"picked":"Dual Wield","floor":22},{"not_picked":["Headbutt","True Grit+1"],"picked":"Rampage","floor":25},{"not_picked":["Thunderclap","Rupture"],"picked":"Shrug It Off+1","floor":27}],"player_experience":48888,"relics_obtained":[{"floor":6,"key":"Blood Vial"},{"floor":9,"key":"Juzu Bracelet"},{"floor":11,"key":"Ancient Tea Set"},{"floor":14,"key":"PreservedInsect"},{"floor":24,"key":"Nilry\u0027s Codex"},{"floor":26,"key":"Oddly Smooth Stone"}],"event_choices":[{"damage_healed":0,"gold_gain":0,"player_choice":"Donut","damage_taken":0,"max_hp_gain":5,"max_hp_loss":0,"event_name":"Big Fish","floor":3,"gold_loss":0},{"damage_healed":0,"gold_gain":0,"player_choice":"Success","damage_taken":12,"relics_obtained":["Paper Frog"],"max_hp_gain":0,"max_hp_loss":0,"event_name":"Scrap Ooze","floor":7,"gold_loss":0},{"damage_healed":0,"gold_gain":0,"player_choice":"Ignored","damage_taken":0,"max_hp_gain":0,"max_hp_loss":0,"event_name":"Golden Wing","floor":12,"gold_loss":0},{"cards_removed":["Body Slam"],"damage_healed":0,"gold_gain":0,"player_choice":"Gave Gold","damage_taken":0,"max_hp_gain":0,"max_hp_loss":0,"event_name":"Beggar","floor":20,"gold_loss":75},{"damage_healed":0,"gold_gain":0,"player_choice":"Upgrade","damage_taken":0,"max_hp_gain":0,"max_hp_loss":0,"event_name":"Designer","floor":21,"gold_loss":40,"cards_upgraded":["Barricade"]},{"damage_healed":0,"gold_gain":0,"player_choice":"Obtained Book","damage_taken":16,"max_hp_gain":0,"max_hp_loss":0,"event_name":"Cursed Tome","floor":24,"gold_loss":0},{"damage_healed":0,"gold_gain":0,"player_choice":"Ignored","damage_taken":0,"max_hp_gain":0,"max_hp_loss":0,"event_name":"N\u0027loth","floor":29,"gold_loss":0}],"is_beta":false,"boss_relics":[{"not_picked":["Runic Dome","Cursed Key"],"picked":"White Beast Statue"}],"items_purged_floors":[],"is_endless":false,"potions_floor_spawned":[2,5,14,18,19,22,25,27],"killed_by":"Book of Stabbing","ascension_level":1}