{"gold_per_floor":[214,69,69,88,164,164,196,196,196,196,212,227,227,237,237,336,336,346,91,91,104,115,115,144,144,223,242,242,255,273,284,284,388,388,408,408,408,428,428,428,439,439,439,451,451],"floor_reached":45,"playtime":2111,"items_purged":[],"score":699,"play_id":"1efb8897-fb8d-43d3-9b38-16dfb4c206b3","local_time":"20190518113424","is_ascension_mode":true,"campfire_choices":[{"data":"Bash","floor":6,"key":"SMITH"},{"data":"Perfected Strike","floor":8,"key":"SMITH"},{"data":"Cleave","floor":10,"key":"SMITH"},{"floor":15,"key":"REST"},{"data":"True Grit","floor":23,"key":"SMITH"},{"data":"RitualDagger","floor":25,"key":"SMITH"},{"floor":32,"key":"REST"},{"floor":40,"key":"REST"},{"floor":42,"key":"REST"}],"neow_cost":"NONE","seed_source_timestamp":2661306143200,"circlet_count":0,"master_deck":["AscendersBane","Strike_R","Strike_R","Strike_R","Strike_R+1","Strike_R","Defend_R","Defend_R","Defend_R+1","Defend_R","Bash+1","Cleave+1","Headbutt","Perfected Strike+1","True Grit+1","Twin Strike","Immolate","RitualDagger+1","Battle Trance","Metallicize+1","Iron Wave+1","Thinking Ahead"],"relics":["Burning Blood","Pen Nib","Ornamental Fan","Boot","Oddly Smooth Stone","Mark of Pain","Shuriken","Anchor","The Courier","Torii"],"potions_floor_usage":[24,29,30,31,33,44],"damage_taken":[{"damage":2,"enemies":"2 Louse","floor":1,"turns":3},{"damage":0,"enemies":"Jaw Worm","floor":4,"turns":3},{"damage":38,"enemies":"Lagavulin","floor":7,"turns":7},{"damage":12,"enemies":"Small Slimes","floor":11,"turns":2},{"damage":2,"enemies":"Looter","floor":12,"turns":3},{"damage":1,"enemies":"3 Louse","floor":14,"turns":2},{"damage":24,"enemies":"Slime Boss","floor":16,"turns":8},{"damage":6,"enemies":"3 Byrds","floor":18,"turns":4},{"damage":1,"enemies":"Spheric Guardian","floor":21,"turns":3},{"damage":19,"enemies":"Snecko","floor":22,"turns":4},{"damage":21,"enemies":"Gremlin Leader","floor":24,"turns":4},{"damage":14,"enemies":"Cultist and Chosen","floor":27,"turns":6},{"damage":20,"enemies":"Snake Plant","floor":29,"turns":3},{"damage":15,"enemies":"Shelled Parasite and Fungi","floor":30,"turns":3},{"damage":14,"enemies":"Centurion and Healer","floor":31,"turns":4},{"damage":59,"enemies":"Collector","floor":33,"turns":8},{"damage":16,"enemies":"3 Darklings","floor":35,"turns":4},{"damage":19,"enemies":"3 Shapes","floor":38,"turns":5},{"damage":48,"enemies":"Writhing Mass","floor":41,"turns":7},{"damage":34,"enemies":"Transient","floor":44,"turns":5},{"damage":18,"enemies":"3 Darklings","floor":45,"turns":2}],"seed_played":"8060812804031186317","potions_obtained":[{"floor":12,"key":"Block Potion"},{"floor":14,"key":"SneckoOil"},{"floor":16,"key":"FearPotion"},{"floor":29,"key":"Dexterity Potion"},{"floor":30,"key":"BloodPotion"},{"floor":31,"key":"SpeedPotion"},{"floor":41,"key":"EssenceOfSteel"}],"is_trial":false,"path_per_floor":["M","$","?","M","T","R","E","R","T","R","M","M","?","M","R","B",null,"M","$","?","M","M","R","E","R","T","M","?","M","M","M","R","B",null,"M","?","?","M","?","R","M","R","T","M","M"],"character_chosen":"IRONCLAD","items_purchased":["Pen Nib","Shuriken"],"campfire_rested":4,"item_purchase_floors":[2,19],"current_hp_per_floor":[76,76,60,66,66,66,34,34,34,34,28,32,32,37,61,43,71,71,71,65,70,57,57,42,42,42,34,60,46,37,37,61,8,62,52,52,52,39,39,61,19,41,41,13,0],"gold":451,"neow_bonus":"HUNDRED_GOLD","is_prod":false,"is_daily":false,"chose_seed":false,"campfire_upgraded":5,"win_rate":0,"timestamp":1558193664,"path_taken":["M","$","?","M","?","R","E","R","T","R","M","?","?","M","R","BOSS","M","$","?","M","M","R","E","R","T","M","?","M","M","M","R","BOSS","M","?","?","M","?","R","M","R","T","M","M"],"build_version":"2019-01-23","purchased_purges":0,"victory":false,"max_hp_per_floor":[80,80,80,80,80,80,80,80,80,80,80,80,80,80,80,80,80,80,80,80,80,80,80,80,80,80,80,80,80,80,80,80,80,80,80,76,76,76,76,76,76,76,76,76,76],"card_choices":[{"not_picked":["Sword Boomerang","True Grit"],"picked":"Cleave","floor":1},{"not_picked":["Sword Boomerang","Thunderclap"],"picked":"Headbutt","floor":4},{"not_picked":["Cleave","Wild Strike"],"picked":"Perfected Strike","floor":7},{"not_picked":["Combust","Anger","Fire Breathing"],"picked":"SKIP","floor":11},{"not_picked":["Feel No Pain","Headbutt"],"picked":"True Grit","floor":12},{"not_picked":["True Grit","Havoc"],"picked":"Twin Strike","floor":14},{"not_picked":["Bludgeon","Juggernaut"],"picked":"Immolate","floor":16},{"not_picked":["Sword Boomerang","Thunderclap","Warcry"],"picked":"SKIP","floor":18},{"not_picked":["Sentinel","Warcry","Shockwave"],"picked":"SKIP","floor":21},{"not_picked":["Anger","Warcry","Body Slam+1"],"picked":"SKIP","floor":22},{"not_picked":["Armaments","Cleave","Infernal Blade"],"picked":"SKIP","floor":24},{"not_picked":["Warcry+1","Carnage"],"picked":"Battle Trance","floor":27},{"not_picked":["True Grit+1","Flex","Reckless Charge"],"picked":"SKIP","floor":29},{"not_picked":["Shockwave","Warcry","Cleave"],"picked":"SKIP","floor":30},{"not_picked":["Combust","Barricade"],"picked":"Metallicize+1","floor":31},{"not_picked":["Body Slam","Intimidate","Havoc"],"picked":"SKIP","floor":35},{"not_picked":["Pummel","Twin Strike"],"picked":"Iron Wave+1","floor":38},{"not_picked":["Madness","Mind Blast"],"picked":"Thinking Ahead","floor":39},{"not_picked":["Flex","Corruption+1","Dropkick"],"picked":"SKIP","floor":41},{"not_picked":["Body Slam","Whirlwind","Seeing Red"],"picked":"SKIP","floor":44}],"player_experience":300468,"relics_obtained":[{"floor":5,"key":"Ornamental Fan"},{"floor":7,"key":"Boot"},{"floor":9,"key":"Oddly Smooth Stone"},{"floor":24,"key":"Anchor"},{"floor":26,"key":"The Courier"},{"floor":43,"key":"Torii"}],"event_choices":[{"damage_healed":0,"gold_gain":0,"player_choice":"Entered Light","damage_taken":16,"max_hp_gain":0,"max_hp_loss":0,"event_name":"Shining Light","floor":3,"gold_loss":0,"cards_upgraded":["Defend_R","Strike_R"]},{"damage_healed":0,"gold_gain":0,"player_choice":"Ignored","damage_taken":0,"max_hp_gain":0,"max_hp_loss":0,"event_name":"Liars Game","floor":13,"gold_loss":0},{"damage_healed":0,"gold_gain":0,"player_choice":"Joined the Cult","damage_taken":6,"max_hp_gain":0,"max_hp_loss":0,"event_name":"Nest","floor":20,"gold_loss":0,"cards_obtained":["RitualDagger"]},{"damage_healed":26,"gold_gain":0,"player_choice":"Heal","damage_taken":0,"max_hp_gain":0,"max_hp_loss":0,"event_name":"The Library","floor":28,"gold_loss":0},{"damage_healed":0,"gold_gain":0,"player_choice":"Max HP","damage_taken":0,"max_hp_gain":0,"max_hp_loss":4,"event_name":"Winding Halls","floor":36,"gold_loss":0},{"damage_healed":0,"gold_gain":0,"player_choice":"Ignored","damage_taken":0,"max_hp_gain":0,"max_hp_loss":0,"event_name":"Mysterious Sphere","floor":37,"gold_loss":0},{"damage_healed":0,"gold_gain":0,"player_choice":"Memory 1","damage_taken":0,"max_hp_gain":0,"max_hp_loss":0,"event_name":"SensoryStone","floor":39,"gold_loss":0}],"is_beta":false,"boss_relics":[{"not_picked":["Black Star","Ectoplasm"],"picked":"Mark of Pain"},{"not_picked":["Snecko Eye","Velvet Choker","Astrolabe"]}],"items_purged_floors":[],"is_endless":false,"potions_floor_spawned":[12,14,16,21,22,29,30,31,41],"killed_by":"3 Darklings","ascension_level":12}