{"gold_per_floor":[219,239,2,18,34,63,238,62,112,127,127,127,127,157,157,157],"floor_reached":16,"playtime":556,"items_purged":[],"score":135,"play_id":"7edfb158-f99c-4039-a7cd-349a01c6a945","local_time":"20190902081831","is_ascension_mode":true,"campfire_choices":[{"floor":13,"key":"REST"},{"data":"Double Energy","floor":15,"key":"SMITH"}],"neow_cost":"NONE","seed_source_timestamp":1388028251320700,"circlet_count":0,"master_deck":["Strike_B+1","Strike_B","Strike_B","Strike_B","Defend_B","Defend_B","Defend_B","Defend_B","Zap","Dualcast","Coolheaded","Conserve Battery","Ball Lightning","Melter","Go for the Eyes","Double Energy+1","Doubt","Meteor Strike+1","Defragment","Genetic Algorithm","Injury"],"relics":["Cracked Core","Runic Capacitor","Darkstone Periapt","Regal Pillow","Golden Idol"],"potions_floor_usage":[10,16,16],"damage_taken":[{"damage":1,"enemies":"Cultist","floor":1,"turns":3},{"damage":0,"enemies":"2 Louse","floor":2,"turns":4},{"damage":2,"enemies":"Small Slimes","floor":4,"turns":3},{"damage":5,"enemies":"2 Fungi Beasts","floor":5,"turns":3},{"damage":18,"enemies":"3 Sentries","floor":6,"turns":6},{"damage":6,"enemies":"Blue Slaver","floor":10,"turns":4},{"damage":75,"enemies":"Slime Boss","floor":16,"turns":9}],"seed_played":"4656878541435314468","potions_obtained":[{"floor":4,"key":"Weak Potion"},{"floor":5,"key":"SkillPotion"},{"floor":6,"key":"Explosive Potion"}],"is_trial":false,"path_per_floor":["M","M","$","M","M","E","?","$","T","M","?","?","R","?","R","B"],"character_chosen":"DEFECT","items_purchased":["Runic Capacitor","Ball Lightning","Meteor Strike","Defragment"],"campfire_rested":1,"item_purchase_floors":[3,3,8,8],"current_hp_per_floor":[67,67,67,65,60,42,48,48,48,42,26,32,73,73,73,0],"gold":157,"neow_bonus":"HUNDRED_GOLD","is_prod":false,"is_daily":false,"chose_seed":false,"campfire_upgraded":1,"win_rate":0,"timestamp":1567437511,"path_taken":["M","M","$","?","M","E","?","$","T","M","?","?","R","?","R","BOSS"],"build_version":"2019-07-17","purchased_purges":0,"victory":false,"max_hp_per_floor":[75,75,75,75,75,75,81,81,81,81,81,87,87,87,87,87],"card_choices":[{"not_picked":["Compile Driver","Redo"],"picked":"Coolheaded","floor":1},{"not_picked":["Undo","Storm"],"picked":"Conserve Battery","floor":2},{"not_picked":["Blizzard","Conserve Battery"],"picked":"Melter","floor":4},{"not_picked":["Compile Driver","Reinforced Body"],"picked":"Go for the Eyes","floor":5},{"not_picked":["Reprogram","Redo"],"picked":"Double Energy","floor":6},{"not_picked":["Compile Driver","Buffer"],"picked":"Genetic Algorithm","floor":10}],"player_experience":250201,"relics_obtained":[{"floor":6,"key":"Darkstone Periapt"},{"floor":9,"key":"Regal Pillow"}],"event_choices":[{"damage_healed":0,"gold_gain":175,"player_choice":"AGREE","damage_taken":0,"max_hp_gain":0,"max_hp_loss":0,"event_name":"Liars Game","floor":7,"gold_loss":0,"cards_obtained":["Doubt"]},{"damage_healed":0,"gold_gain":0,"player_choice":"Entered Light","damage_taken":16,"max_hp_gain":0,"max_hp_loss":0,"event_name":"Shining Light","floor":11,"gold_loss":0,"cards_upgraded":["Strike_B","Meteor Strike"]},{"damage_healed":0,"gold_gain":0,"player_choice":"Take Wound","damage_taken":0,"relics_obtained":["Golden Idol"],"max_hp_gain":0,"max_hp_loss":0,"event_name":"Golden Idol","floor":12,"gold_loss":0,"cards_obtained":["Injury"]},{"damage_healed":0,"gold_gain":30,"player_choice":"Searched \u00271\u0027 times","damage_taken":0,"max_hp_gain":0,"max_hp_loss":0,"event_name":"Dead Adventurer","floor":14,"gold_loss":0}],"is_beta":false,"boss_relics":[],"items_purged_floors":[],"is_endless":false,"potions_floor_spawned":[4,5,6],"killed_by":"Slime Boss","ascension_level":7}