{"gold_per_floor":[112,112,72,88,107,133,133,147,226,226,240,251,276,292,292,370,370,389,29,45,45,61,61,61],"floor_reached":24,"playtime":857,"items_purged":[],"score":357,"play_id":"d557b785-87aa-4a6e-a06b-039471a1f761","local_time":"20190608102459","is_ascension_mode":true,"campfire_choices":[{"data":"Bash","floor":7,"key":"SMITH"},{"data":"True Grit","floor":10,"key":"SMITH"},{"floor":15,"key":"REST"},{"data":"Uppercut","floor":23,"key":"SMITH"}],"neow_cost":"NONE","seed_source_timestamp":1609343272100,"circlet_count":0,"master_deck":["AscendersBane","Strike_R","Strike_R","Strike_R","Strike_R","Defend_R","Defend_R","Defend_R","Defend_R","Bash+1","Panacea","True Grit+1","Clothesline","Metallicize","Iron Wave","Headbutt","Uppercut+1","Thunderclap","Shrug It Off","Anger","Power Through","Shrug It Off","Twin Strike","Flex","Pommel Strike","Pommel Strike"],"relics":["Burning Blood","Incense Burner","Gremlin Horn","Pen Nib","Black Star","Thread and Needle","Enchiridion"],"potions_floor_usage":[6,12,16,20,22,24],"damage_taken":[{"damage":25,"enemies":"Jaw Worm","floor":1,"turns":5},{"damage":3,"enemies":"Cultist","floor":4,"turns":4},{"damage":0,"enemies":"2 Louse","floor":5,"turns":3},{"damage":26,"enemies":"Lagavulin","floor":6,"turns":9},{"damage":8,"enemies":"Looter","floor":8,"turns":3},{"damage":7,"enemies":"2 Fungi Beasts","floor":11,"turns":3},{"damage":10,"enemies":"Large Slime","floor":12,"turns":5},{"damage":19,"enemies":"Gremlin Nob","floor":13,"turns":5},{"damage":4,"enemies":"Blue Slaver","floor":14,"turns":4},{"damage":33,"enemies":"The Guardian","floor":16,"turns":16},{"damage":14,"enemies":"Shell Parasite","floor":18,"turns":9},{"damage":2,"enemies":"Spheric Guardian","floor":20,"turns":4},{"damage":17,"enemies":"Centurion and Healer","floor":22,"turns":7},{"damage":42,"enemies":"Slavers","floor":24,"turns":5}],"seed_played":"-6772009257537039808","potions_obtained":[{"floor":1,"key":"Block Potion"},{"floor":6,"key":"BloodPotion"},{"floor":8,"key":"SkillPotion"},{"floor":14,"key":"BloodPotion"},{"floor":16,"key":"Fire Potion"},{"floor":20,"key":"EssenceOfSteel"}],"is_trial":false,"path_per_floor":["M","?","$","M","M","E","R","M","T","R","M","M","E","M","R","B",null,"M","$","M","?","M","R","E"],"character_chosen":"IRONCLAD","items_purchased":["Metallicize","Twin Strike","Flex","Thread and Needle"],"campfire_rested":1,"item_purchase_floors":[3,19,19,19],"current_hp_per_floor":[49,49,49,52,58,38,38,36,36,36,35,31,18,20,42,22,62,54,54,58,42,38,38,0],"gold":61,"neow_bonus":"RANDOM_COLORLESS","is_prod":false,"is_daily":false,"chose_seed":false,"campfire_upgraded":3,"win_rate":0,"timestamp":1560003899,"path_taken":["M","?","$","M","?","E","R","M","T","R","M","?","E","M","R","BOSS","M","$","M","?","M","R","E"],"build_version":"2019-01-23","purchased_purges":0,"victory":false,"max_hp_per_floor":[75,75,75,75,75,75,75,75,75,75,75,75,75,75,75,75,75,75,75,75,75,75,75,75],"card_choices":[{"not_picked":["Warcry","Body Slam"],"picked":"True Grit","floor":1},{"not_picked":["Feel No Pain","Flex"],"picked":"Iron Wave","floor":4},{"not_picked":["Perfected Strike","Evolve"],"picked":"Headbutt","floor":5},{"not_picked":["Power Through","Barricade"],"picked":"Uppercut","floor":6},{"not_picked":["Bloodletting","Wild Strike"],"picked":"Thunderclap","floor":8},{"not_picked":["Sword Boomerang","Intimidate"],"picked":"Shrug It Off","floor":11},{"not_picked":["Reckless Charge","Rupture"],"picked":"Anger","floor":12},{"not_picked":["Clash","True Grit"],"picked":"Power Through","floor":13},{"not_picked":["Wild Strike","Bloodletting"],"picked":"Shrug It Off","floor":14},{"not_picked":["Heavy Blade","Clash","Warcry"],"picked":"SKIP","floor":18},{"not_picked":["Seeing Red","Heavy Blade+1"],"picked":"Pommel Strike","floor":20},{"not_picked":["Perfected Strike","Infernal Blade"],"picked":"Pommel Strike","floor":22}],"player_experience":389195,"relics_obtained":[{"floor":6,"key":"Incense Burner"},{"floor":9,"key":"Gremlin Horn"},{"floor":13,"key":"Pen Nib"},{"floor":21,"key":"Enchiridion"}],"event_choices":[{"damage_healed":0,"gold_gain":0,"cards_transformed":["Strike_R"],"player_choice":"Transformed","damage_taken":0,"max_hp_gain":0,"max_hp_loss":0,"event_name":"Transmorgrifier","floor":2,"gold_loss":0,"cards_obtained":["Clothesline"]},{"damage_healed":0,"gold_gain":0,"player_choice":"Obtained Book","damage_taken":16,"max_hp_gain":0,"max_hp_loss":0,"event_name":"Cursed Tome","floor":21,"gold_loss":0}],"is_beta":false,"boss_relics":[{"not_picked":["Runic Pyramid","Runic Dome"],"picked":"Black Star"}],"items_purged_floors":[],"is_endless":false,"potions_floor_spawned":[1,6,8,11,14,16,20],"killed_by":"Slavers","ascension_level":14}