{"gold_per_floor":[112,129,24,40,40,40,73,93,93,107,107],"floor_reached":11,"playtime":842,"items_purged":[],"score":150,"play_id":"ed50c943-7cdf-4466-bee0-f6c648298af4","local_time":"20190831001039","is_ascension_mode":true,"campfire_choices":[{"data":"Neutralize","floor":6,"key":"SMITH"}],"neow_cost":"CURSE","seed_source_timestamp":1351086786660500,"circlet_count":0,"master_deck":["AscendersBane","Strike_G","Strike_G","Strike_G","Strike_G","Strike_G","Defend_G","Defend_G","Defend_G","Defend_G","Defend_G","Survivor","Neutralize+1","Writhe","Dagger Throw","Underhanded Strike","Poisoned Stab","Well Laid Plans","Dagger Spray","PiercingWail"],"relics":["Ring of the Snake","WingedGreaves","The Courier","Matryoshka"],"potions_floor_usage":[7,8,11],"damage_taken":[{"damage":5,"enemies":"Cultist","floor":1,"turns":6},{"damage":12,"enemies":"2 Louse","floor":2,"turns":5},{"damage":0,"enemies":"Small Slimes","floor":4,"turns":3},{"damage":12,"enemies":"Lagavulin","floor":7,"turns":9},{"damage":0,"enemies":"2 Fungi Beasts","floor":8,"turns":2},{"damage":14,"enemies":"Large Slime","floor":10,"turns":6},{"damage":32,"enemies":"Gremlin Nob","floor":11,"turns":3}],"seed_played":"-2852314754674713360","potions_obtained":[{"floor":5,"key":"Block Potion"},{"floor":8,"key":"Fire Potion"}],"is_trial":false,"path_per_floor":["M","M","$","M","?","R","E","M","T","M","E"],"character_chosen":"THE_SILENT","items_purchased":["Poisoned Stab","Explosive Potion"],"campfire_rested":0,"item_purchase_floors":[3,3],"current_hp_per_floor":[54,42,42,42,42,42,30,30,30,16,0],"gold":107,"neow_bonus":"ONE_RARE_RELIC","is_prod":false,"is_daily":false,"chose_seed":false,"campfire_upgraded":1,"win_rate":0,"timestamp":1567235439,"path_taken":["M","M","$","M","?","R","E","M","T","?","E"],"build_version":"2019-07-17","purchased_purges":0,"victory":false,"max_hp_per_floor":[66,66,66,66,66,66,66,66,66,66,66],"card_choices":[{"not_picked":["Dodge and Roll","Outmaneuver"],"picked":"Dagger Throw","floor":1},{"not_picked":["Dodge and Roll","Acrobatics"],"picked":"Underhanded Strike","floor":2},{"not_picked":["Quick Slash","All Out Attack"],"picked":"Well Laid Plans","floor":4},{"not_picked":["Slice","All Out Attack","Storm of Steel"],"picked":"SKIP","floor":7},{"not_picked":["Acrobatics","Prepared"],"picked":"Dagger Spray","floor":8},{"not_picked":["Accuracy","Terror"],"picked":"PiercingWail","floor":10}],"player_experience":623537,"relics_obtained":[{"floor":7,"key":"The Courier"},{"floor":9,"key":"Matryoshka"}],"event_choices":[{"damage_healed":0,"gold_gain":0,"player_choice":"Got Potions","damage_taken":0,"max_hp_gain":0,"max_hp_loss":0,"event_name":"Lab","floor":5,"gold_loss":0}],"is_beta":false,"boss_relics":[],"items_purged_floors":[],"is_endless":false,"potions_floor_spawned":[8],"killed_by":"Gremlin Nob","ascension_level":20}