{"gold_per_floor":[114,114,289,44,56,56,85,85,85,102,134,134,152,164,164,241,241,254,9,9,9,209,209,227,258,258,271,271,282,282,301,301,376,376,392,411,411,76,89,89,89],"floor_reached":41,"playtime":1077,"items_purged":["Doubt","Strike_R","Strike_R"],"score":758,"play_id":"9e7a5088-03cb-46cd-abaa-9bd4360f8aa2","local_time":"20190609195413","is_ascension_mode":true,"campfire_choices":[{"data":"Bash","floor":6.0,"key":"SMITH"},{"data":"Pommel Strike","floor":8,"key":"SMITH"},{"data":"Iron Wave","floor":12,"key":"SMITH"},{"data":"Armaments","floor":15,"key":"SMITH"},{"data":"Metallicize","floor":23,"key":"SMITH"},{"data":"Feed","floor":28,"key":"SMITH"},{"floor":30,"key":"REST"},{"data":"True Grit","floor":32,"key":"SMITH"},{"data":"Whirlwind","floor":40,"key":"SMITH"}],"neow_cost":"NONE","seed_source_timestamp":0,"circlet_count":0,"master_deck":["AscendersBane","Strike_R","Strike_R","Strike_R","Defend_R","Defend_R","Defend_R","Bash+1","Iron Wave+1","Shrug It Off","Pommel Strike+1","Infernal Blade","Spot Weakness","Limit Break","Armaments+1","Metallicize+1","Feed+1","Iron Wave+1","Whirlwind+1","Rampage","Thunderclap","Carnage","True Grit+1","Ghostly Armor+1"],"special_seed":0,"relics":["Burning Blood","NeowsBlessing","Pen Nib","Pantograph","Blue Candle","Centennial Puzzle","Mark of Pain","Happy Flower","Strawberry","Red Skull","Black Star","Chemical X"],"potions_floor_usage":[16,33,41],"damage_taken":[{"damage":0.0,"enemies":"2 Louse","floor":1.0,"turns":1.0},{"damage":0.0,"enemies":"Small Slimes","floor":5.0,"turns":1.0},{"damage":0.0,"enemies":"Gremlin Nob","floor":7.0,"turns":1.0},{"damage":2,"enemies":"Jaw Worm","floor":10,"turns":3},{"damage":25,"enemies":"Lagavulin","floor":11,"turns":5},{"damage":25,"enemies":"Gremlin Gang","floor":13,"turns":6},{"damage":1,"enemies":"Blue Slaver","floor":14,"turns":3},{"damage":24,"enemies":"Hexaghost","floor":16,"turns":8},{"damage":6,"enemies":"Shell Parasite","floor":18,"turns":6},{"damage":12,"enemies":"2 Thieves","floor":24,"turns":4},{"damage":37,"enemies":"Book of Stabbing","floor":25,"turns":5},{"damage":7,"enemies":"Chosen and Byrds","floor":27,"turns":4},{"damage":32,"enemies":"Snake Plant","floor":29,"turns":4},{"damage":20,"enemies":"3 Cultists","floor":31,"turns":4},{"damage":44,"enemies":"Automaton","floor":33,"turns":7},{"damage":33,"enemies":"3 Darklings","floor":35,"turns":8},{"damage":0,"enemies":"Orb Walker","floor":36,"turns":4},{"damage":0,"enemies":"Jaw Worm Horde","floor":39,"turns":1},{"damage":73,"enemies":"Nemesis","floor":41,"turns":7}],"seed_played":"507829470739029738","potions_obtained":[{"floor":7.0,"key":"BloodPotion"},{"floor":10,"key":"PowerPotion"},{"floor":24,"key":"SpeedPotion"},{"floor":39,"key":"Strength Potion"}],"is_trial":false,"path_per_floor":["M","?","?","$","M","R","E","R","T","M","E","R","M","M","R","B",null,"M","$","?","?","?","R","M","E","T","M","R","M","R","M","R","B",null,"M","M","?","$","M","R","E"],"character_chosen":"IRONCLAD","items_purchased":["Shrug It Off","Pen Nib","Happy Flower","Chemical X"],"campfire_rested":1,"item_purchase_floors":[4,4,19,38],"current_hp_per_floor":[74,79,79,79,80,80,80,80,80,80,61,61,42,47,47,54,74,74,74,74,74,74,74,71,47,47,49,49,23,50,36,36,23,76,49,55,55,55,61,61,0],"gold":89,"neow_bonus":"THREE_ENEMY_KILL","is_prod":false,"is_daily":false,"chose_seed":false,"campfire_upgraded":8,"win_rate":0,"timestamp":1560124453,"path_taken":["M","?","?","?","?","R","E","R","T","M","E","R","M","M","R","BOSS","M","$","?","?","?","R","?","E","T","M","R","M","R","M","R","BOSS","M","M","?","$","M","R","E"],"build_version":"2019-01-23","purchased_purges":3,"victory":false,"max_hp_per_floor":[75,80,80,80,80,80,80,80,80,80,80,80,80,80,80,80,80,80,80,80,80,80,80,83,90,90,93,93,93,93,93,93,93,93,93,93,93,93,93,93,93],"card_choices":[{"not_picked":["Armaments","True Grit"],"picked":"Iron Wave","floor":1.0},{"not_picked":["Havoc","Headbutt"],"picked":"Pommel Strike","floor":5.0},{"not_picked":["Burning Pact","Heavy Blade"],"picked":"Infernal Blade","floor":7.0},{"not_picked":["Burning Pact","Perfected Strike"],"picked":"Spot Weakness","floor":10},{"not_picked":["True Grit","Perfected Strike"],"picked":"Limit Break","floor":11},{"not_picked":["Clash","Warcry"],"picked":"Armaments","floor":13},{"not_picked":["Headbutt","Hemokinesis"],"picked":"Metallicize","floor":14},{"not_picked":["Offering","Brutality"],"picked":"Feed","floor":16},{"not_picked":["Dual Wield","Hemokinesis"],"picked":"Iron Wave+1","floor":18},{"not_picked":["Carnage","Sever Soul"],"picked":"Whirlwind","floor":24},{"not_picked":["Headbutt","Pommel Strike+1"],"picked":"Rampage","floor":25},{"not_picked":["Entrench","Rupture"],"picked":"Thunderclap","floor":27},{"not_picked":["Infernal Blade","Clash+1"],"picked":"Carnage","floor":29},{"not_picked":["Thunderclap","Pommel Strike"],"picked":"True Grit","floor":31},{"not_picked":["Clash","Sword Boomerang"],"picked":"Ghostly Armor+1","floor":35},{"not_picked":["Pommel Strike","Blood for Blood+1","Cleave"],"picked":"SKIP","floor":36},{"not_picked":["Metallicize","Clash+1","Infernal Blade+1"],"picked":"SKIP","floor":39}],"player_experience":392915,"relics_obtained":[{"floor":7.0,"key":"Pantograph"},{"floor":9,"key":"Blue Candle"},{"floor":11,"key":"Centennial Puzzle"},{"floor":25,"key":"Strawberry"},{"floor":26,"key":"Red Skull"}],"event_choices":[{"damage_healed":0.0,"max_hp_gain":5.0,"max_hp_loss":0.0,"gold_gain":0.0,"event_name":"Big Fish","player_choice":"Donut","floor":2.0,"gold_loss":0.0,"damage_taken":0.0},{"damage_healed":0.0,"max_hp_gain":0.0,"max_hp_loss":0.0,"gold_gain":175.0,"event_name":"Liars Game","player_choice":"AGREE","floor":3.0,"gold_loss":0.0,"damage_taken":0.0,"cards_obtained":["Doubt"]},{"damage_healed":0,"gold_gain":0,"player_choice":"Ignored","damage_taken":0,"max_hp_gain":0,"max_hp_loss":0,"event_name":"Ghosts","floor":20,"gold_loss":0},{"damage_healed":0,"gold_gain":0,"player_choice":"Ignored","damage_taken":0,"max_hp_gain":0,"max_hp_loss":0,"event_name":"Vampires","floor":21,"gold_loss":0},{"damage_healed":0,"gold_gain":200,"player_choice":"Gold","damage_taken":0,"max_hp_gain":0,"max_hp_loss":0,"event_name":"Wheel of Change","floor":22,"gold_loss":0},{"cards_removed":["Defend_R"],"damage_healed":0,"gold_gain":0,"player_choice":"Removed Skill","damage_taken":0,"max_hp_gain":0,"max_hp_loss":0,"event_name":"Falling","floor":37,"gold_loss":0}],"is_beta":false,"boss_relics":[{"not_picked":["Empty Cage","Velvet Choker"],"picked":"Mark of Pain"},{"not_picked":["Runic Cube","Coffee Dripper"],"picked":"Black Star"}],"items_purged_floors":[4,19,38],"is_endless":false,"potions_floor_spawned":[7,10,24,27,29,39],"killed_by":"Nemesis","ascension_level":14}