{"gold_per_floor":[109,58,58,58,58,87,87,113,186,220,233,233,245,256,256,356,406,375,385,103,113,13,13,13],"floor_reached":24,"playtime":1089,"items_purged":["Strike_R","Strike_R"],"score":409,"play_id":"bb8ba999-a837-42e3-b141-2f3650469e54","local_time":"20190515180406","is_ascension_mode":true,"campfire_choices":[{"data":"Rampage","floor":7,"key":"SMITH"},{"data":"True Grit","floor":12,"key":"SMITH"},{"data":"Decay","floor":15,"key":"PURGE"},{"data":"Rage","floor":23,"key":"SMITH"}],"neow_cost":"NONE","seed_source_timestamp":3689682611100,"circlet_count":0,"master_deck":["AscendersBane","Strike_R+1","Strike_R","Strike_R","Defend_R","Defend_R","Defend_R","Defend_R","Bash","Rage+1","Shrug It Off","Rampage+1","True Grit+1","Headbutt"],"relics":["Burning Blood","NeowsBlessing","Art of War","Bag of Preparation","Kunai","Peace Pipe","Tiny House","MealTicket"],"potions_floor_usage":[14,16,18,21,21],"damage_taken":[{"damage":0,"enemies":"Small Slimes","floor":1,"turns":1},{"damage":0,"enemies":"3 Sentries","floor":6,"turns":2},{"damage":0,"enemies":"Gremlin Nob","floor":8,"turns":1},{"damage":44,"enemies":"Lagavulin","floor":10,"turns":7},{"damage":4,"enemies":"Cultist","floor":11,"turns":4},{"damage":0,"enemies":"2 Louse","floor":13,"turns":3},{"damage":10,"enemies":"Gremlin Gang","floor":14,"turns":6},{"damage":14,"enemies":"The Guardian","floor":16,"turns":10},{"damage":31,"enemies":"2 Thieves","floor":18,"turns":5},{"damage":20,"enemies":"Spheric Guardian","floor":19,"turns":5},{"damage":18,"enemies":"Snake Plant","floor":21,"turns":7},{"damage":61,"enemies":"Cultist and Chosen","floor":24,"turns":8}],"seed_played":"4654953615910246368","potions_obtained":[{"floor":1,"key":"Energy Potion"},{"floor":10,"key":"SteroidPotion"},{"floor":14,"key":"FearPotion"},{"floor":17,"key":"Swift Potion"},{"floor":18,"key":"SkillPotion"}],"is_trial":false,"path_per_floor":["M","$","?","?","$","E","R","E","T","E","M","R","M","M","R","B",null,"M","M","$","M","$","R","M"],"character_chosen":"IRONCLAD","items_purchased":["Shrug It Off","MealTicket"],"campfire_rested":0,"item_purchase_floors":[2,20],"current_hp_per_floor":[78,78,83,83,83,85,85,85,85,47,49,49,55,51,51,43,80,55,41,41,29,44,44,0],"gold":13,"neow_bonus":"THREE_ENEMY_KILL","is_prod":false,"is_daily":false,"chose_seed":false,"campfire_upgraded":3,"win_rate":0,"timestamp":1557957846,"path_taken":["M","$","?","?","$","E","R","E","T","E","M","R","M","M","R","BOSS","M","?","$","M","$","R","M"],"build_version":"2019-01-23","purchased_purges":2,"victory":false,"max_hp_per_floor":[80,80,85,85,85,85,85,85,85,85,85,85,85,85,85,85,90,90,90,90,90,90,90,90],"card_choices":[{"not_picked":["Dropkick","Thunderclap"],"picked":"Rage","floor":1},{"not_picked":["Twin Strike","Perfected Strike"],"picked":"Rampage","floor":6},{"not_picked":["Perfected Strike","Anger","Reckless Charge"],"picked":"SKIP","floor":8},{"not_picked":["Uppercut","Body Slam","Whirlwind"],"picked":"SKIP","floor":10},{"not_picked":["Intimidate","Wild Strike"],"picked":"True Grit","floor":11},{"not_picked":["Intimidate","Reckless Charge","Iron Wave"],"picked":"SKIP","floor":13},{"not_picked":["Iron Wave","Clothesline"],"picked":"Headbutt","floor":14},{"not_picked":["Flex","Dual Wield","Body Slam"],"picked":"SKIP","floor":18},{"not_picked":["Fire Breathing+1","Wild Strike","Iron Wave"],"picked":"SKIP","floor":19},{"not_picked":["Thunderclap","Feel No Pain","Iron Wave"],"picked":"SKIP","floor":21}],"player_experience":281254,"relics_obtained":[{"floor":6,"key":"Art of War"},{"floor":8,"key":"Bag of Preparation"},{"floor":9,"key":"Kunai"},{"floor":10,"key":"Peace Pipe"}],"event_choices":[{"damage_healed":0,"gold_gain":0,"player_choice":"Donut","damage_taken":0,"max_hp_gain":5,"max_hp_loss":0,"event_name":"Big Fish","floor":3,"gold_loss":0},{"damage_healed":0,"gold_gain":0,"player_choice":"Cursed","damage_taken":0,"max_hp_gain":0,"max_hp_loss":0,"event_name":"Wheel of Change","floor":4,"gold_loss":0,"cards_obtained":["Decay"]}],"is_beta":false,"boss_relics":[{"not_picked":["Eternal Feather","Calling Bell"],"picked":"Tiny House"}],"items_purged_floors":[20,22],"is_endless":false,"potions_floor_spawned":[1,10,14,18],"killed_by":"Cultist and Chosen","ascension_level":11}