{"gold_per_floor":[109,129,143,124,49,49,64,64,64,76,93,126,126,126,126,228,228,246,4,14,14,29,29,29,54,77,89,101,114,134,144,144,144],"floor_reached":33,"playtime":19480,"items_purged":["Strike_R","Strike_R"],"score":413,"play_id":"1f0ea17a-17dd-4cde-9712-d7b195faef16","local_time":"20190505164222","is_ascension_mode":true,"campfire_choices":[{"data":"Bash","floor":6,"key":"SMITH"},{"data":"Flame Barrier","floor":8,"key":"SMITH"},{"floor":15,"key":"REST"},{"data":"Bludgeon","floor":23,"key":"SMITH"},{"floor":32,"key":"REST"}],"neow_cost":"NONE","seed_source_timestamp":226432824400,"circlet_count":0,"master_deck":["AscendersBane","Strike_R+1","Strike_R+1","Defend_R+1","Defend_R+1","Defend_R+1","Bash+1","Flame Barrier+1","Armaments","Iron Wave","Dropkick+1","True Grit+1","Pommel Strike","Offering","Bludgeon+1","Sentinel+1","Parasite","Flame Barrier","Whirlwind","Infernal Blade+1"],"relics":["Burning Blood","Blood Vial","Gremlin Horn","Orichalcum","Cursed Key","Question Card","Bag of Preparation"],"potions_floor_usage":[16,16,25,33],"damage_taken":[{"damage":6,"enemies":"Jaw Worm","floor":1,"turns":5},{"damage":2,"enemies":"2 Louse","floor":2,"turns":3},{"damage":3,"enemies":"Small Slimes","floor":3,"turns":5},{"damage":23,"enemies":"Exordium Thugs","floor":4,"turns":4},{"damage":15,"enemies":"Exordium Wildlife","floor":7,"turns":7},{"damage":0,"enemies":"2 Fungi Beasts","floor":10,"turns":5},{"damage":11,"enemies":"Exordium Thugs","floor":11,"turns":5},{"damage":28,"enemies":"3 Sentries","floor":12,"turns":11},{"damage":25,"enemies":"The Guardian","floor":16,"turns":15},{"damage":17,"enemies":"2 Thieves","floor":18,"turns":4},{"damage":0,"enemies":"Shell Parasite","floor":20,"turns":2},{"damage":12,"enemies":"Cultist and Chosen","floor":22,"turns":4},{"damage":11,"enemies":"Book of Stabbing","floor":25,"turns":3},{"damage":9,"enemies":"Centurion and Healer","floor":27,"turns":5},{"damage":15,"enemies":"Snake Plant","floor":28,"turns":3},{"damage":22,"enemies":"3 Cultists","floor":29,"turns":7},{"damage":13,"enemies":"Shelled Parasite and Fungi","floor":30,"turns":5},{"damage":13,"enemies":"Snecko","floor":31,"turns":4},{"damage":64,"enemies":"Champ","floor":33,"turns":8}],"seed_played":"-5140597807149739787","potions_obtained":[{"floor":1,"key":"EssenceOfSteel"},{"floor":2,"key":"Weak Potion"},{"floor":7,"key":"Block Potion"},{"floor":18,"key":"Dexterity Potion"},{"floor":30,"key":"Ancient Potion"},{"floor":31,"key":"SkillPotion"}],"is_trial":false,"path_per_floor":["M","M","M","M","$","R","M","R","T","M","M","E","?","?","R","B",null,"M","$","M","?","M","R","?","E","T","M","M","M","M","M","R","B"],"character_chosen":"IRONCLAD","items_purchased":["Bludgeon"],"campfire_rested":2,"item_purchase_floors":[19],"current_hp_per_floor":[74,80,80,63,63,63,56,56,56,64,61,41,34,18,42,25,66,57,57,65,65,61,61,61,58,58,57,50,36,31,26,50,0],"gold":144,"neow_bonus":"RANDOM_COMMON_RELIC","is_prod":false,"is_daily":false,"chose_seed":false,"campfire_upgraded":3,"win_rate":0,"timestamp":1557088942,"path_taken":["M","M","M","M","$","R","M","R","T","M","M","E","?","?","R","BOSS","M","$","M","?","M","R","?","E","T","M","M","?","M","M","R","BOSS"],"build_version":"2019-01-23","purchased_purges":2,"victory":false,"max_hp_per_floor":[80,80,80,80,80,80,80,80,80,80,80,80,80,80,80,80,80,80,80,80,80,80,80,80,80,80,80,80,80,80,80,80,80],"card_choices":[{"not_picked":["Wild Strike","Second Wind"],"picked":"Flame Barrier","floor":1},{"not_picked":["Metallicize","Body Slam"],"picked":"Armaments","floor":2},{"not_picked":["Disarm","Heavy Blade","Dual Wield"],"picked":"SKIP","floor":3},{"not_picked":["Reckless Charge","Combust","Warcry"],"picked":"SKIP","floor":4},{"not_picked":["Warcry","Combust"],"picked":"Iron Wave","floor":7},{"not_picked":["Perfected Strike","Iron Wave"],"picked":"Dropkick","floor":10},{"not_picked":["Iron Wave","Dual Wield"],"picked":"True Grit","floor":11},{"not_picked":["Anger","Intimidate"],"picked":"Pommel Strike","floor":12},{"not_picked":["Impervious","Brutality"],"picked":"Offering","floor":16},{"not_picked":["Intimidate","Clash","Burning Pact"],"picked":"SKIP","floor":18},{"not_picked":["Clash","Flex+1","Feel No Pain"],"picked":"SKIP","floor":20},{"not_picked":["True Grit+1","Rupture","Entrench"],"picked":"SKIP","floor":22},{"not_picked":["Perfected Strike","Hemokinesis"],"picked":"Sentinel+1","floor":25},{"not_picked":["True Grit","Flex","Sword Boomerang+1"],"picked":"Flame Barrier","floor":27},{"not_picked":["Bludgeon","Intimidate","Thunderclap+1","Power Through"],"picked":"SKIP","floor":28},{"not_picked":["Warcry+1","Fire Breathing","True Grit","Bloodletting"],"picked":"SKIP","floor":29},{"not_picked":["Intimidate","Cleave","Bloodletting"],"picked":"Whirlwind","floor":30},{"not_picked":["Pommel Strike","Dual Wield","Warcry"],"picked":"Infernal Blade+1","floor":31}],"player_experience":181288,"relics_obtained":[{"floor":9,"key":"Gremlin Horn"},{"floor":12,"key":"Orichalcum"},{"floor":25,"key":"Question Card"},{"floor":26,"key":"Bag of Preparation"}],"event_choices":[{"cards_removed":["Strike_R"],"damage_healed":0,"gold_gain":0,"player_choice":"Card Removal","damage_taken":7,"max_hp_gain":0,"max_hp_loss":0,"event_name":"Golden Wing","floor":13,"gold_loss":0},{"damage_healed":0,"gold_gain":0,"player_choice":"Entered Light","damage_taken":16,"max_hp_gain":0,"max_hp_loss":0,"event_name":"Shining Light","floor":14,"gold_loss":0,"cards_upgraded":["True Grit","Dropkick"]},{"damage_healed":0,"gold_gain":0,"player_choice":"Simplicity","damage_taken":0,"max_hp_gain":0,"max_hp_loss":0,"event_name":"Back to Basics","floor":21,"gold_loss":0,"cards_upgraded":["Strike_R","Strike_R","Defend_R","Defend_R","Defend_R","Defend_R"]},{"cards_removed":["Defend_R"],"damage_healed":0,"gold_gain":0,"player_choice":"Offered Basic","damage_taken":0,"max_hp_gain":0,"max_hp_loss":0,"event_name":"Bonfire Elementals","floor":24,"gold_loss":0}],"is_beta":false,"boss_relics":[{"not_picked":["Black Blood","White Beast Statue"],"picked":"Cursed Key"}],"items_purged_floors":[5,19],"is_endless":false,"potions_floor_spawned":[1,2,7,11,18,30,31],"killed_by":"Champ","ascension_level":10}