{"gold_per_floor":[113,61,61,77,91,116,116,127,127,127,146,181,181,231,231,302,302,302,227,177,117,117,117,117,117,117,117,117,117,117],"floor_reached":30,"playtime":705,"items_purged":[],"score":456,"play_id":"f95886c6-d527-41e7-a045-2b016d13d360","local_time":"20190706124751","is_ascension_mode":true,"campfire_choices":[{"data":"Searing Blow","floor":7,"key":"SMITH"},{"data":"Searing Blow+1","floor":10,"key":"SMITH"},{"floor":13,"key":"REST"},{"data":"Searing Blow+2","floor":15,"key":"SMITH"},{"floor":23,"key":"REST"},{"data":"Searing Blow+4","floor":25,"key":"SMITH"},{"data":"Searing Blow+5","floor":28,"key":"SMITH"}],"neow_cost":"NONE","seed_source_timestamp":7552739386400,"circlet_count":0,"master_deck":["AscendersBane","Strike_R","Strike_R","Strike_R","Strike_R","Defend_R","Defend_R","Defend_R","Defend_R","Bash","Armaments","Clothesline","Searing Blow+6","Flame Barrier","Pommel Strike","Battle Trance","Double Tap","Iron Wave","Headbutt","Iron Wave","Rage"],"relics":["Burning Blood","NeowsBlessing","Nunchaku","Calipers","Champion Belt","Oddly Smooth Stone","Ectoplasm","Bag of Preparation","MutagenicStrength"],"potions_floor_usage":[6,6,16,24],"damage_taken":[{"damage":0,"enemies":"Cultist","floor":1,"turns":1},{"damage":0,"enemies":"Jaw Worm","floor":4,"turns":1},{"damage":0,"enemies":"Small Slimes","floor":5,"turns":1},{"damage":32,"enemies":"Gremlin Nob","floor":6,"turns":4},{"damage":8,"enemies":"Blue Slaver","floor":8,"turns":5},{"damage":15,"enemies":"Looter","floor":11,"turns":4},{"damage":28,"enemies":"3 Sentries","floor":12,"turns":10},{"damage":17,"enemies":"Slime Boss","floor":16,"turns":9},{"damage":10,"enemies":"Shell Parasite","floor":18,"turns":7},{"damage":6,"enemies":"2 Thieves","floor":21,"turns":4},{"damage":46,"enemies":"Shelled Parasite and Fungi","floor":22,"turns":5},{"damage":14,"enemies":"Snake Plant","floor":24,"turns":3},{"damage":2,"enemies":"Centurion and Healer","floor":27,"turns":4},{"damage":39,"enemies":"Gremlin Leader","floor":30,"turns":4}],"seed_played":"4318921711473915767","potions_obtained":[{"floor":4,"key":"Strength Potion"},{"floor":5,"key":"Explosive Potion"},{"floor":6,"key":"Energy Potion"},{"floor":22,"key":"SteroidPotion"}],"is_trial":false,"path_per_floor":["M","$","?","M","M","E","R","M","T","R","M","E","R","T","R","B",null,"M","?","?","M","M","R","M","R","T","M","R","?","E"],"character_chosen":"IRONCLAD","items_purchased":["Clothesline"],"campfire_rested":2,"item_purchase_floors":[2],"current_hp_per_floor":[74,74,70,75,75,49,49,47,47,47,38,16,38,38,38,27,63,59,59,59,59,19,41,33,33,33,37,37,37,0],"gold":117,"neow_bonus":"THREE_ENEMY_KILL","is_prod":false,"is_daily":false,"chose_seed":false,"campfire_upgraded":5,"win_rate":0,"timestamp":1562431671,"path_taken":["M","$","?","M","?","E","R","M","T","R","M","E","R","?","R","BOSS","M","?","?","M","?","R","M","R","T","M","R","?","E"],"build_version":"2019-07-05","purchased_purges":0,"victory":false,"max_hp_per_floor":[75,75,75,75,75,75,75,75,75,75,75,75,75,75,75,75,75,75,75,75,75,75,75,75,75,75,75,75,75,75],"card_choices":[{"not_picked":["Heavy Blade","Perfected Strike"],"picked":"Armaments","floor":1},{"not_picked":["Wild Strike","Warcry"],"picked":"Searing Blow","floor":4},{"not_picked":["Anger","Rupture","Wild Strike"],"picked":"SKIP","floor":5},{"not_picked":["Flex","Perfected Strike"],"picked":"Flame Barrier","floor":6},{"not_picked":["Warcry","Twin Strike"],"picked":"Pommel Strike","floor":8},{"not_picked":["Bloodletting","Clothesline","Second Wind"],"picked":"SKIP","floor":11},{"not_picked":["Exhume","Infernal Blade"],"picked":"Battle Trance","floor":12},{"not_picked":["Brutality","Impervious"],"picked":"Double Tap","floor":16},{"not_picked":["Anger","Second Wind"],"picked":"Iron Wave","floor":18},{"not_picked":["Searing Blow","Sword Boomerang"],"picked":"Headbutt","floor":21},{"not_picked":["Pummel","Carnage","Combust"],"picked":"SKIP","floor":22},{"not_picked":["Armaments","Wild Strike"],"picked":"Iron Wave","floor":24},{"not_picked":["Sword Boomerang","Clothesline"],"picked":"Rage","floor":27}],"player_experience":421040,"relics_obtained":[{"floor":6,"key":"Nunchaku"},{"floor":9,"key":"Calipers"},{"floor":12,"key":"Champion Belt"},{"floor":14,"key":"Oddly Smooth Stone"},{"floor":26,"key":"Bag of Preparation"}],"event_choices":[{"damage_healed":0,"gold_gain":0,"player_choice":"Bought 0 Potions","damage_taken":0,"max_hp_gain":0,"max_hp_loss":0,"event_name":"The Woman in Blue","floor":3,"gold_loss":0},{"cards_removed":["Strike_R"],"damage_healed":0,"gold_gain":0,"player_choice":"Gave Gold","damage_taken":0,"max_hp_gain":0,"max_hp_loss":0,"event_name":"Beggar","floor":19,"gold_loss":75},{"damage_healed":0,"gold_gain":0,"player_choice":"Upgrade","damage_taken":0,"max_hp_gain":0,"max_hp_loss":0,"event_name":"Designer","floor":20,"gold_loss":50,"cards_upgraded":["Searing Blow"]},{"damage_healed":0,"gold_gain":0,"player_choice":"Inject Mutagens","damage_taken":0,"relics_obtained":["MutagenicStrength"],"max_hp_gain":0,"max_hp_loss":0,"event_name":"Drug Dealer","floor":29,"gold_loss":0}],"is_beta":false,"boss_relics":[{"not_picked":["Velvet Choker","Astrolabe"],"picked":"Ectoplasm"}],"items_purged_floors":[],"is_endless":false,"potions_floor_spawned":[4,5,6,22],"killed_by":"Gremlin Leader","ascension_level":18}