{"gold_per_floor":[118,135,150,162,162,192,192,212,212,227,227,189,205,205,205,325,325,346,370,370,14,38,38,38,38,65,79,117,137,151,166,166,166],"floor_reached":33,"playtime":2884,"items_purged":[],"score":273,"play_id":"7f866958-a34f-4729-ba9c-c6cd67b4d2ef","local_time":"20190308152609","is_ascension_mode":false,"campfire_choices":[{"data":"Crippling Poison","floor":7,"key":"SMITH"},{"floor":11,"key":"REST"},{"floor":15,"key":"REST"},{"floor":23,"key":"REST"},{"floor":32,"key":"REST"}],"neow_cost":"NONE","seed_source_timestamp":3181635490800,"circlet_count":0,"master_deck":["Defend_G","Defend_G","Defend_G","Defend_G","Defend_G","Strike_G","Strike_G","Strike_G","Survivor","Neutralize","Dash","Heel Hook","Crippling Poison+1","Caltrops","Footwork","Leg Sweep","Backflip","Deflect","Die Die Die","Underhanded Strike+1","Dagger Throw","RitualDagger","Caltrops","Dagger Throw","Leg Sweep","Blade Dance+1","Masterful Stab","Well Laid Plans","Quick Slash","Venomology","Flying Knee","Blur","Infinite Blades+1"],"relics":["Ring of the Snake","Darkstone Periapt","Dodecahedron","Golden Idol","HoveringKite","Blood Vial","Happy Flower","Bottled Flame"],"potions_floor_usage":[6,6,16,28,29,30,31,33,33],"damage_taken":[{"damage":1,"enemies":"2 Louse","floor":1,"turns":4},{"damage":1,"enemies":"Cultist","floor":2,"turns":3},{"damage":0,"enemies":"Small Slimes","floor":3,"turns":3},{"damage":8,"enemies":"3 Louse","floor":4,"turns":5},{"damage":13,"enemies":"3 Sentries","floor":6,"turns":5},{"damage":4,"enemies":"Blue Slaver","floor":8,"turns":4},{"damage":5,"enemies":"Exordium Wildlife","floor":10,"turns":4},{"damage":0,"enemies":"2 Fungi Beasts","floor":13,"turns":3},{"damage":49,"enemies":"Hexaghost","floor":16,"turns":16},{"damage":14,"enemies":"Chosen","floor":18,"turns":6},{"damage":19,"enemies":"Spheric Guardian","floor":19,"turns":7},{"damage":9,"enemies":"Snake Plant","floor":22,"turns":4},{"damage":18,"enemies":"3 Cultists","floor":27,"turns":4},{"damage":20,"enemies":"Slavers","floor":28,"turns":6},{"damage":10,"enemies":"Chosen and Byrds","floor":29,"turns":7},{"damage":1,"enemies":"Centurion and Healer","floor":30,"turns":8},{"damage":32,"enemies":"Snake Plant","floor":31,"turns":5},{"damage":39,"enemies":"Automaton","floor":33,"turns":7}],"seed_played":"-5278894878133684074","potions_obtained":[{"floor":2,"key":"Explosive Potion"},{"floor":3,"key":"PowerPotion"},{"floor":4,"key":"Explosive Potion"},{"floor":10,"key":"Block Potion"},{"floor":19,"key":"GhostInAJar"},{"floor":22,"key":"Strength Potion"},{"floor":28,"key":"Ancient Potion"},{"floor":29,"key":"FearPotion"},{"floor":30,"key":"Regen Potion"}],"is_trial":false,"path_per_floor":["M","M","M","M","?","E","R","M","T","M","R","?","M","?","R","B",null,"M","M","?","$","M","R","?","?","T","M","E","M","M","M","R","B"],"character_chosen":"THE_SILENT","items_purchased":["Blood Vial","Caltrops","Dagger Throw","Leg Sweep","Deflect"],"campfire_rested":4,"item_purchase_floors":[21,21,21,21,21],"current_hp_per_floor":[76,75,75,67,67,54,54,50,50,45,68,68,68,49,72,23,77,63,44,38,38,31,54,54,54,54,38,20,12,13,10,33,0],"gold":166,"neow_bonus":"TEN_PERCENT_HP_BONUS","is_prod":false,"is_daily":false,"chose_seed":false,"campfire_upgraded":1,"win_rate":0.0,"timestamp":1552076769,"path_taken":["M","M","M","M","?","E","R","?","T","M","R","?","M","?","R","BOSS","M","M","?","$","M","R","?","?","T","M","E","M","?","M","R","BOSS"],"build_version":"2019-01-23","purchased_purges":0,"victory":false,"max_hp_per_floor":[77,77,77,77,77,77,77,77,77,77,77,77,77,77,77,77,77,77,77,77,77,77,77,77,77,77,77,77,77,77,77,77,77],"card_choices":[{"not_picked":["Dodge and Roll","Reflex"],"picked":"Dash","floor":1},{"not_picked":["Deflect","Leg Sweep"],"picked":"Heel Hook","floor":2},{"not_picked":["Underhanded Strike","Riddle With Holes"],"picked":"Crippling Poison","floor":3},{"not_picked":["Reflex","Escape Plan"],"picked":"Caltrops","floor":4},{"not_picked":["Blade Dance","Underhanded Strike"],"picked":"Footwork","floor":6},{"not_picked":["Prepared","Finisher"],"picked":"Leg Sweep","floor":8},{"not_picked":["Prepared","Slice"],"picked":"Backflip","floor":10},{"not_picked":["Leg Sweep","Crippling Poison"],"picked":"Deflect","floor":13},{"not_picked":["Unload","Night Terror"],"picked":"Die Die Die","floor":16},{"not_picked":["Prepared","Blade Dance"],"picked":"Underhanded Strike+1","floor":18},{"not_picked":["Deflect","Acrobatics"],"picked":"Dagger Throw","floor":19},{"not_picked":["Dodge and Roll","Backflip"],"picked":"Blade Dance+1","floor":22},{"not_picked":["Acrobatics+1","Crippling Poison"],"picked":"Quick Slash","floor":27},{"not_picked":["Backflip","Leg Sweep"],"picked":"Venomology","floor":28},{"not_picked":["Expertise","Heel Hook"],"picked":"Flying Knee","floor":29},{"not_picked":["Poisoned Stab","Flying Knee"],"picked":"Blur","floor":30},{"not_picked":["Heel Hook","Poisoned Stab"],"picked":"Infinite Blades+1","floor":31}],"player_experience":2839,"relics_obtained":[{"floor":6,"key":"Darkstone Periapt"},{"floor":9,"key":"Dodecahedron"},{"floor":26,"key":"Happy Flower"},{"floor":28,"key":"Bottled Flame"}],"event_choices":[{"cards_removed":["Strike_G"],"damage_healed":0,"gold_gain":0,"player_choice":"Purged","damage_taken":0,"max_hp_gain":0,"max_hp_loss":0,"event_name":"Purifier","floor":5,"gold_loss":0},{"damage_healed":0,"gold_gain":0,"player_choice":"Left Gold","damage_taken":0,"max_hp_gain":0,"max_hp_loss":0,"event_name":"World of Goop","floor":12,"gold_loss":38},{"damage_healed":0,"gold_gain":0,"player_choice":"Take Damage","damage_taken":19,"relics_obtained":["Golden Idol"],"max_hp_gain":0,"max_hp_loss":0,"event_name":"Golden Idol","floor":14,"gold_loss":0},{"damage_healed":0,"gold_gain":0,"player_choice":"Joined the Cult","damage_taken":6,"max_hp_gain":0,"max_hp_loss":0,"event_name":"Nest","floor":20,"gold_loss":0,"cards_obtained":["RitualDagger"]},{"damage_healed":0,"gold_gain":0,"player_choice":"Ignored","damage_taken":0,"max_hp_gain":0,"max_hp_loss":0,"event_name":"Ghosts","floor":24,"gold_loss":0},{"damage_healed":0,"gold_gain":0,"cards_transformed":["Strike_G","Deflect"],"player_choice":"Became Test Subject","damage_taken":0,"max_hp_gain":0,"max_hp_loss":0,"event_name":"Drug Dealer","floor":25,"gold_loss":0,"cards_obtained":["Masterful Stab","Well Laid Plans"]}],"is_beta":false,"boss_relics":[{"not_picked":["Ring of the Serpent","Fusion Hammer"],"picked":"HoveringKite"}],"items_purged_floors":[],"is_endless":false,"potions_floor_spawned":[2,3,4,10,19,22,28,29,30],"killed_by":"Automaton","ascension_level":0}