{"gold_per_floor":[113,113,37,37,3,32,63,75,164,176,200,222,266,278,290,302],"floor_reached":16,"playtime":586,"items_purged":[],"score":173,"play_id":"7de2a758-64cb-4c08-8bf2-fd226f67bdab","local_time":"20190517185837","is_ascension_mode":true,"campfire_choices":[{"floor":10,"key":"REST"},{"floor":15,"key":"REST"}],"neow_cost":"NONE","seed_source_timestamp":8071319666500,"circlet_count":0,"master_deck":["AscendersBane","Strike_R","Strike_R","Strike_R","Strike_R","Defend_R","Defend_R","Defend_R","Defend_R","Bash","Sever Soul","Iron Wave","Carnage","Reaper","Uppercut","True Grit","Flame Barrier+1","Flame Barrier"],"relics":["Burning Blood","Incense Burner","MawBank","Question Card","Magic Flower"],"potions_floor_usage":[13,16],"damage_taken":[{"damage":0,"enemies":"2 Louse","floor":1,"turns":2},{"damage":51,"enemies":"Lagavulin","floor":6,"turns":8},{"damage":4,"enemies":"Small Slimes","floor":7,"turns":3},{"damage":6,"enemies":"Cultist","floor":11,"turns":3},{"damage":7,"enemies":"Looter","floor":12,"turns":3},{"damage":54,"enemies":"Gremlin Nob","floor":13,"turns":6},{"damage":51,"enemies":"Hexaghost","floor":16,"turns":14}],"seed_played":"-7664052443346179389","potions_obtained":[{"floor":1,"key":"SpeedPotion"},{"floor":6,"key":"SpeedPotion"},{"floor":12,"key":"BloodPotion"}],"is_trial":false,"path_per_floor":["M","?","$","?","?","E","M","$","T","R","M","M","E","?","R","B"],"character_chosen":"IRONCLAD","items_purchased":["Carnage"],"campfire_rested":2,"item_purchase_floors":[3],"current_hp_per_floor":[78,83,83,58,58,13,23,23,23,48,54,53,16,16,41,0],"gold":302,"neow_bonus":"TRANSFORM_CARD","is_prod":false,"is_daily":false,"chose_seed":false,"campfire_upgraded":0,"win_rate":0,"timestamp":1558133917,"path_taken":["M","?","$","?","?","E","M","$","T","R","M","M","E","?","R","BOSS"],"build_version":"2019-01-23","purchased_purges":0,"victory":false,"max_hp_per_floor":[80,85,85,85,85,85,85,85,85,85,85,85,85,85,85,85],"card_choices":[{"not_picked":["Power Through","Pommel Strike"],"picked":"Iron Wave","floor":1},{"not_picked":["Metallicize","Bloodletting"],"picked":"Reaper","floor":6},{"not_picked":["Metallicize","Thunderclap"],"picked":"Uppercut","floor":7},{"not_picked":["Searing Blow","Armaments","Warcry"],"picked":"True Grit","floor":11},{"not_picked":["Iron Wave","Shrug It Off","Clash"],"picked":"Flame Barrier","floor":12},{"not_picked":["Intimidate","Thunderclap","Wild Strike"],"picked":"Flame Barrier","floor":13}],"player_experience":296128,"relics_obtained":[{"floor":6,"key":"MawBank"},{"floor":9,"key":"Question Card"},{"floor":13,"key":"Magic Flower"}],"event_choices":[{"damage_healed":0,"gold_gain":0,"player_choice":"Donut","damage_taken":0,"max_hp_gain":5,"max_hp_loss":0,"event_name":"Big Fish","floor":2,"gold_loss":0},{"damage_healed":0,"gold_gain":0,"player_choice":"Success","damage_taken":25,"relics_obtained":["Incense Burner"],"max_hp_gain":0,"max_hp_loss":0,"event_name":"Scrap Ooze","floor":4,"gold_loss":0},{"damage_healed":0,"gold_gain":0,"player_choice":"Left Gold","damage_taken":0,"max_hp_gain":0,"max_hp_loss":0,"event_name":"World of Goop","floor":5,"gold_loss":34},{"damage_healed":0,"gold_gain":0,"player_choice":"Upgraded","damage_taken":0,"max_hp_gain":0,"max_hp_loss":0,"event_name":"Upgrade Shrine","floor":14,"gold_loss":0,"cards_upgraded":["Flame Barrier"]}],"is_beta":false,"boss_relics":[],"items_purged_floors":[],"is_endless":false,"potions_floor_spawned":[1,6,12],"killed_by":"Hexaghost","ascension_level":12}