{"gold_per_floor":[114,133,133,148,194,226,226,251,328,328,359,359,359,134,134,205,205,216,59,70,70,70,103,103,118,118,132,132,132,7,25,25,25],"floor_reached":33,"playtime":2251,"items_purged":["Strike_R","Strike_R","Strike_R"],"score":562,"play_id":"c6e66765-e823-4e6d-a32c-d77eeb16cc44","local_time":"20190803001625","is_ascension_mode":true,"campfire_choices":[{"data":"Bash","floor":7.0,"key":"SMITH"},{"floor":10.0,"key":"REST"},{"data":"Flame Barrier","floor":12.0,"key":"SMITH"},{"data":"Pommel Strike","floor":15.0,"key":"SMITH"},{"floor":24,"key":"REST"},{"data":"Inflame","floor":29,"key":"SMITH"},{"floor":32,"key":"REST"}],"neow_cost":"NONE","seed_source_timestamp":0,"circlet_count":0,"master_deck":["AscendersBane","Strike_R","Defend_R+1","Defend_R+1","Defend_R","Defend_R+1","Bash+1","True Grit+1","Twin Strike","Flame Barrier+1","Pommel Strike+1","Cleave","Rampage","Inflame+1","Feed","Shrug It Off","Combust","Necronomicurse","Inflame","Disarm","Intimidate","Armaments","Heavy Blade"],"special_seed":0,"relics":["Burning Blood","Pen Nib","War Paint","Happy Flower","Lantern","Bottled Lightning","Question Card","Torii","Mark of Pain","Necronomicon","Bag of Preparation","Meat on the Bone"],"potions_floor_usage":[16,16,23],"damage_taken":[{"damage":5.0,"enemies":"2 Louse","floor":1.0,"turns":4.0},{"damage":7.0,"enemies":"Jaw Worm","floor":2.0,"turns":5.0},{"damage":5.0,"enemies":"Small Slimes","floor":4.0,"turns":5.0},{"damage":14.0,"enemies":"3 Sentries","floor":6.0,"turns":14.0},{"damage":24.0,"enemies":"Gremlin Nob","floor":8.0,"turns":4.0},{"damage":10.0,"enemies":"Lagavulin","floor":11.0,"turns":6.0},{"damage":15,"enemies":"Hexaghost","floor":16,"turns":9},{"damage":2,"enemies":"3 Byrds","floor":18,"turns":5},{"damage":10,"enemies":"Chosen","floor":20,"turns":5},{"damage":37,"enemies":"Slavers","floor":23,"turns":6},{"damage":5,"enemies":"Centurion and Healer","floor":25,"turns":5},{"damage":44,"enemies":"Cultist and Chosen","floor":27,"turns":6},{"damage":15,"enemies":"Snake Plant","floor":31,"turns":4},{"damage":62,"enemies":"Automaton","floor":33,"turns":6}],"seed_played":"-7202877719013915795","potions_obtained":[{"floor":2.0,"key":"PowerPotion"},{"floor":6.0,"key":"Explosive Potion"},{"floor":23,"key":"Fruit Juice"},{"floor":25,"key":"FearPotion"}],"is_trial":false,"path_per_floor":["M","M","?","M","T","E","R","E","T","R","E","R","?","$","R","B",null,"M","$","M","?","?","E","R","M","T","M","?","R","$","M","R","B"],"character_chosen":"IRONCLAD","items_purchased":["Inflame","PowerPotion","Strength Potion","Shrug It Off"],"campfire_rested":3,"item_purchase_floors":[14,14,14,19],"current_hp_per_floor":[69,68,45,46,46,38,38,20,20,42,38,38,27,27,27,18,61,68,68,67,46,46,20,45,49,49,23,23,23,23,26,52,0],"gold":25,"neow_bonus":"RANDOM_COMMON_RELIC","is_prod":false,"is_daily":false,"chose_seed":false,"campfire_upgraded":4,"win_rate":0,"timestamp":1564816585,"path_taken":["M","M","?","M","?","E","R","E","T","R","E","R","?","$","R","BOSS","M","$","M","?","?","E","R","M","T","?","?","R","$","M","R","BOSS"],"build_version":"2019-07-17","purchased_purges":3,"victory":false,"max_hp_per_floor":[75,75,75,75,75,75,75,75,75,75,75,75,75,75,75,75,75,78,78,81,81,81,86,86,89,89,89,89,89,89,89,89,89],"card_choices":[{"not_picked":["Thunderclap","Combust"],"picked":"True Grit","floor":1.0},{"not_picked":["Disarm","Havoc"],"picked":"Twin Strike","floor":2.0},{"not_picked":["Flex","Shrug It Off"],"picked":"Flame Barrier","floor":4.0},{"not_picked":["Sword Boomerang","Body Slam"],"picked":"Pommel Strike","floor":6.0},{"not_picked":["Sever Soul","Clash"],"picked":"Cleave","floor":8.0},{"not_picked":["Clothesline","Power Through"],"picked":"Rampage","floor":11.0},{"not_picked":["Bludgeon","Demon Form","Exhume"],"picked":"Feed","floor":16},{"not_picked":["Clash+1","Perfected Strike","Dropkick","True Grit"],"picked":"SKIP","floor":18},{"not_picked":["Sword Boomerang","Rampage","Anger"],"picked":"Combust","floor":20},{"not_picked":["Inflame","Iron Wave","Thunderclap"],"picked":"Disarm","floor":23},{"not_picked":["Clash","Anger+1","True Grit"],"picked":"Intimidate","floor":25},{"not_picked":["Inflame","Cleave+1","Iron Wave"],"picked":"Armaments","floor":27},{"not_picked":["Body Slam","Cleave","Inflame"],"picked":"Heavy Blade","floor":31}],"player_experience":604219,"relics_obtained":[{"floor":5.0,"key":"War Paint"},{"floor":6.0,"key":"Happy Flower"},{"floor":8.0,"key":"Lantern"},{"floor":9.0,"key":"Bottled Lightning"},{"floor":11.0,"key":"Question Card"},{"floor":21,"key":"Necronomicon"},{"floor":23,"key":"Bag of Preparation"},{"floor":26,"key":"Meat on the Bone"}],"event_choices":[{"damage_healed":0.0,"max_hp_gain":0.0,"max_hp_loss":0.0,"gold_gain":0.0,"event_name":"Shining Light","player_choice":"Entered Light","floor":3.0,"gold_loss":0.0,"damage_taken":23.0,"cards_upgraded":["Defend_R","Defend_R"]},{"damage_healed":0.0,"max_hp_gain":0.0,"max_hp_loss":0.0,"gold_gain":0.0,"event_name":"Scrap Ooze","player_choice":"Success","floor":13.0,"gold_loss":0.0,"damage_taken":11.0,"relics_obtained":["Torii"]},{"damage_healed":0,"gold_gain":0,"player_choice":"Obtained Book","damage_taken":21,"max_hp_gain":0,"max_hp_loss":0,"event_name":"Cursed Tome","floor":21,"gold_loss":0},{"damage_healed":0,"gold_gain":0,"player_choice":"1 cards matched","damage_taken":0,"max_hp_gain":0,"max_hp_loss":0,"event_name":"Match and Keep!","floor":22,"gold_loss":0,"cards_obtained":["Inflame"]},{"cards_removed":["Strike_R"],"damage_healed":0,"gold_gain":0,"player_choice":"Purged","damage_taken":0,"max_hp_gain":0,"max_hp_loss":0,"event_name":"Purifier","floor":28,"gold_loss":0}],"is_beta":false,"boss_relics":[{"not_picked":["Black Blood","Black Star"],"picked":"Mark of Pain"}],"items_purged_floors":[14,19,30],"is_endless":false,"potions_floor_spawned":[2,6,23,25],"killed_by":"Automaton","ascension_level":20}