{"gold_per_floor":[117,131,30,56,156,156,187,205,205,205,217,237,247,17,17,17],"floor_reached":16,"playtime":534,"items_purged":["Strike_R"],"score":190,"play_id":"43019d67-1d1f-4f53-8439-3f47c109580a","local_time":"20190709172053","is_ascension_mode":true,"campfire_choices":[{"data":"Berserk","floor":6,"key":"SMITH"},{"floor":10,"key":"REST"},{"floor":15,"key":"REST"}],"neow_cost":"NONE","seed_source_timestamp":121751105600,"circlet_count":0,"master_deck":["AscendersBane","Strike_R","Strike_R","Strike_R","Strike_R","Defend_R","Defend_R","Defend_R","Defend_R","Bash","Berserk+1","Uppercut","Rampage","Clothesline","Armaments","Pommel Strike","Armaments","Flash of Steel"],"relics":["Burning Blood","Centennial Puzzle","Omamori","Nunchaku","Odd Mushroom"],"potions_floor_usage":[7,12,12,16],"damage_taken":[{"damage":13,"enemies":"Cultist","floor":1,"turns":5},{"damage":17,"enemies":"Small Slimes","floor":2,"turns":5},{"damage":43,"enemies":"3 Sentries","floor":7,"turns":9},{"damage":3,"enemies":"2 Louse","floor":8,"turns":3},{"damage":18,"enemies":"Exordium Wildlife","floor":11,"turns":4},{"damage":18,"enemies":"The Mushroom Lair","floor":12,"turns":5},{"damage":8,"enemies":"3 Louse","floor":13,"turns":3},{"damage":34,"enemies":"Hexaghost","floor":16,"turns":11}],"seed_played":"-736865849446998504","potions_obtained":[{"floor":2,"key":"Block Potion"},{"floor":8,"key":"LiquidBronze"},{"floor":11,"key":"Swift Potion"}],"is_trial":false,"path_per_floor":["M","M","$","T","?","R","E","M","T","R","M","?","M","$","R","B"],"character_chosen":"IRONCLAD","items_purchased":["Rampage","Clothesline","Flash of Steel","Weak Potion"],"campfire_rested":2,"item_purchase_floors":[3,3,14,14],"current_hp_per_floor":[61,50,50,50,50,50,13,16,16,38,26,14,12,12,34,0],"gold":17,"neow_bonus":"ONE_RANDOM_RARE_CARD","is_prod":false,"is_daily":false,"chose_seed":false,"campfire_upgraded":1,"win_rate":0,"timestamp":1562707253,"path_taken":["M","M","?","?","?","R","E","?","T","R","M","?","M","$","R","BOSS"],"build_version":"2019-07-05","purchased_purges":1,"victory":false,"max_hp_per_floor":[75,75,75,75,75,75,75,75,75,75,75,75,75,75,75,75],"card_choices":[{"not_picked":["Warcry","Rupture","Evolve"],"picked":"SKIP","floor":1},{"not_picked":["Twin Strike","Headbutt"],"picked":"Uppercut","floor":2},{"not_picked":["Clash","Combust","Flex"],"picked":"SKIP","floor":7},{"not_picked":["Reckless Charge","Second Wind","Dual Wield"],"picked":"SKIP","floor":8},{"not_picked":["Body Slam","Reckless Charge"],"picked":"Armaments","floor":11},{"not_picked":["Bludgeon","Flex"],"picked":"Pommel Strike","floor":12},{"not_picked":["Cleave","True Grit"],"picked":"Armaments","floor":13}],"player_experience":425949,"relics_obtained":[{"floor":4,"key":"Centennial Puzzle"},{"floor":7,"key":"Omamori"},{"floor":9,"key":"Nunchaku"},{"floor":12,"key":"Odd Mushroom"}],"event_choices":[{"damage_healed":0,"gold_gain":100,"player_choice":"Gold","damage_taken":0,"max_hp_gain":0,"max_hp_loss":0,"event_name":"Wheel of Change","floor":5,"gold_loss":0},{"damage_healed":0,"gold_gain":0,"player_choice":"Fought Mushrooms","damage_taken":0,"max_hp_gain":0,"max_hp_loss":0,"event_name":"Mushrooms","floor":12,"gold_loss":0}],"is_beta":false,"boss_relics":[],"items_purged_floors":[14],"is_endless":false,"potions_floor_spawned":[2,8,11],"killed_by":"Hexaghost","ascension_level":18}