{"gold_per_floor":[118,193,216,227,243,243,259,259,259,271,39,39,39,39,39,163,163,183,183,197,122,146,146,162,162,162,62,62,76,100,124,124,124],"floor_reached":33,"playtime":2096,"items_purged":["Strike_R","Strike_R"],"score":392,"play_id":"99b16773-610c-49ad-abfa-e365c3ada993","local_time":"20190514173916","is_ascension_mode":true,"campfire_choices":[{"data":"Searing Blow","floor":6,"key":"SMITH"},{"data":"Searing Blow+1","floor":8,"key":"SMITH"},{"data":"Searing Blow+2","floor":10,"key":"SMITH"},{"data":"Searing Blow+3","floor":12,"key":"SMITH"},{"data":"Searing Blow+4","floor":15,"key":"SMITH"},{"data":"Searing Blow+5","floor":23,"key":"SMITH"},{"data":"Flame Barrier","floor":28,"key":"SMITH"},{"data":"Searing Blow+6","floor":32,"key":"SMITH"}],"neow_cost":"PERCENT_DAMAGE","seed_source_timestamp":1443570574500,"circlet_count":0,"master_deck":["AscendersBane","Strike_R","Strike_R","Strike_R","Defend_R","Defend_R","Defend_R","Defend_R","Bash","Sword Boomerang","Flame Barrier+1","Searing Blow+7","Iron Wave","Shrug It Off","Cleave"],"relics":["Burning Blood","Boot","MawBank","Lee\u0027s Waffle","Golden Idol","Busted Crown","Molten Egg 2"],"potions_floor_usage":[7,16,29,33,33],"damage_taken":[{"damage":4,"enemies":"2 Louse","floor":1,"turns":3},{"damage":2,"enemies":"Jaw Worm","floor":4,"turns":3},{"damage":6,"enemies":"Cultist","floor":5,"turns":3},{"damage":40,"enemies":"Gremlin Gang","floor":7,"turns":5},{"damage":59,"enemies":"Slime Boss","floor":16,"turns":9},{"damage":5,"enemies":"Spheric Guardian","floor":18,"turns":4},{"damage":0,"enemies":"Chosen","floor":20,"turns":3},{"damage":0,"enemies":"Snecko","floor":22,"turns":4},{"damage":21,"enemies":"Snake Plant","floor":24,"turns":3},{"damage":19,"enemies":"Shelled Parasite and Fungi","floor":29,"turns":3},{"damage":0,"enemies":"Centurion and Healer","floor":30,"turns":5},{"damage":12,"enemies":"3 Cultists","floor":31,"turns":4},{"damage":82,"enemies":"Automaton","floor":33,"turns":6}],"seed_played":"-6996995863990065526","potions_obtained":[{"floor":4,"key":"SkillPotion"},{"floor":7,"key":"GamblersBrew"},{"floor":16,"key":"EssenceOfSteel"},{"floor":20,"key":"AttackPotion"},{"floor":29,"key":"AttackPotion"}],"is_trial":false,"path_per_floor":["M","?","T","M","M","R","M","R","T","R","$","R","?","?","R","B",null,"M","?","M","$","M","R","M","?","T","$","R","M","M","M","R","B"],"character_chosen":"IRONCLAD","items_purchased":["Shrug It Off","Lee\u0027s Waffle"],"campfire_rested":0,"item_purchase_floors":[11,11],"current_hp_per_floor":[69,58,58,62,62,62,28,28,28,28,103,103,78,78,78,25,84,85,85,91,91,97,97,82,82,82,82,82,69,75,69,69,0],"gold":124,"neow_bonus":"TWENTY_PERCENT_HP_BONUS","is_prod":false,"is_daily":false,"chose_seed":false,"campfire_upgraded":8,"win_rate":0,"timestamp":1557869956,"path_taken":["M","?","?","M","?","R","?","R","T","R","$","R","?","?","R","BOSS","M","?","?","?","M","R","M","?","T","?","R","M","M","M","R","BOSS"],"build_version":"2019-01-23","purchased_purges":2,"victory":false,"max_hp_per_floor":[96,96,96,96,96,96,96,96,96,96,103,103,103,103,103,103,103,103,103,103,103,103,103,103,103,103,103,103,103,103,103,103,103],"card_choices":[{"not_picked":["Thunderclap","Combust"],"picked":"Sword Boomerang","floor":1},{"not_picked":["Flex","Warcry"],"picked":"Flame Barrier","floor":4},{"not_picked":["Feel No Pain","Burning Pact"],"picked":"Searing Blow","floor":5},{"not_picked":["Carnage","Warcry"],"picked":"Iron Wave","floor":7},{"not_picked":["Burning Pact+1"],"picked":"SKIP","floor":18},{"not_picked":[],"picked":"Cleave","floor":20},{"not_picked":["Wild Strike"],"picked":"SKIP","floor":22},{"not_picked":["Perfected Strike"],"picked":"SKIP","floor":24},{"not_picked":["Perfected Strike+1"],"picked":"SKIP","floor":29},{"not_picked":["Perfected Strike+1"],"picked":"SKIP","floor":30},{"not_picked":["Carnage+1"],"picked":"SKIP","floor":31}],"player_experience":271788,"relics_obtained":[{"floor":3,"key":"Boot"},{"floor":9,"key":"MawBank"},{"floor":26,"key":"Molten Egg 2"}],"event_choices":[{"damage_healed":0,"gold_gain":75,"player_choice":"Gather Gold","damage_taken":11,"max_hp_gain":0,"max_hp_loss":0,"event_name":"World of Goop","floor":2,"gold_loss":0},{"damage_healed":0,"gold_gain":0,"player_choice":"Take Damage","damage_taken":25,"relics_obtained":["Golden Idol"],"max_hp_gain":0,"max_hp_loss":0,"event_name":"Golden Idol","floor":13,"gold_loss":0},{"damage_healed":0,"gold_gain":0,"player_choice":"Searched \u00270\u0027 times","damage_taken":0,"max_hp_gain":0,"max_hp_loss":0,"event_name":"Dead Adventurer","floor":14,"gold_loss":0},{"damage_healed":0,"gold_gain":0,"player_choice":"Bought 0 Potions","damage_taken":0,"max_hp_gain":0,"max_hp_loss":0,"event_name":"The Woman in Blue","floor":19,"gold_loss":0},{"damage_healed":0,"gold_gain":0,"player_choice":"Ignored","damage_taken":0,"max_hp_gain":0,"max_hp_loss":0,"event_name":"Vampires","floor":25,"gold_loss":0}],"is_beta":false,"boss_relics":[{"not_picked":["Calling Bell","Tiny House"],"picked":"Busted Crown"}],"items_purged_floors":[21,27],"is_endless":false,"potions_floor_spawned":[4,7,16,20,29,31],"killed_by":"Automaton","ascension_level":11}