{"gold_per_floor":[115,215,19,34,34,64,64,80,106,106,141,141,174,189,189,189],"floor_reached":16,"playtime":420,"items_purged":["Strike_R"],"score":201,"play_id":"1ef6d064-06af-41a7-abf8-345545c32308","local_time":"20190606170805","is_ascension_mode":true,"campfire_choices":[{"data":"Rampage","floor":7,"key":"SMITH"},{"data":"Armaments","floor":10,"key":"SMITH"},{"data":"Iron Wave","floor":12,"key":"SMITH"},{"data":"Twin Strike","floor":15,"key":"SMITH"}],"neow_cost":"NONE","seed_source_timestamp":1060961361200,"circlet_count":0,"master_deck":["AscendersBane","Strike_R","Strike_R","Strike_R","Strike_R","Defend_R","Defend_R","Defend_R","Defend_R","Bash+1","Dramatic Entrance","Armaments+1","Rampage+1","True Grit+1","Battle Trance+1","Thunderclap","Twin Strike+1","Iron Wave+1","Inflame+1"],"relics":["Burning Blood","War Paint","Potion Belt","Frozen Egg 2","Smiling Mask"],"potions_floor_usage":[11,16],"damage_taken":[{"damage":6,"enemies":"2 Louse","floor":1,"turns":2},{"damage":0,"enemies":"Cultist","floor":4,"turns":3},{"damage":22,"enemies":"Lagavulin","floor":6,"turns":7},{"damage":3,"enemies":"Jaw Worm","floor":8,"turns":3},{"damage":23,"enemies":"3 Sentries","floor":11,"turns":8},{"damage":14,"enemies":"Lagavulin","floor":13,"turns":7},{"damage":0,"enemies":"Large Slime","floor":14,"turns":4},{"damage":44,"enemies":"Slime Boss","floor":16,"turns":5}],"seed_played":"2651452772518381757","potions_obtained":[{"floor":6,"key":"GamblersBrew"},{"floor":8,"key":"Weak Potion"},{"floor":11,"key":"Energy Potion"}],"is_trial":false,"path_per_floor":["M","?","$","M","?","E","R","M","T","R","E","R","E","M","R","B"],"character_chosen":"IRONCLAD","items_purchased":["Rampage","True Grit"],"campfire_rested":0,"item_purchase_floors":[3,3],"current_hp_per_floor":[68,68,68,74,74,58,58,61,61,61,44,44,36,42,42,0],"gold":189,"neow_bonus":"RANDOM_COLORLESS","is_prod":false,"is_daily":false,"chose_seed":false,"campfire_upgraded":4,"win_rate":0,"timestamp":1559855285,"path_taken":["M","?","$","?","?","E","R","?","T","R","E","R","E","M","R","BOSS"],"build_version":"2019-01-23","purchased_purges":1,"victory":false,"max_hp_per_floor":[75,75,75,75,75,75,75,75,75,75,75,75,75,75,75,75],"card_choices":[{"not_picked":["Shockwave","Second Wind"],"picked":"Armaments","floor":1},{"not_picked":["Second Wind","Shockwave"],"picked":"Battle Trance","floor":4},{"not_picked":["Heavy Blade","Dual Wield"],"picked":"Thunderclap","floor":6},{"not_picked":["True Grit","Feel No Pain"],"picked":"Twin Strike","floor":8},{"not_picked":["Warcry","Burning Pact"],"picked":"Iron Wave","floor":11},{"not_picked":["Disarm","Clothesline"],"picked":"Inflame+1","floor":13},{"not_picked":["Perfected Strike","Body Slam","Anger"],"picked":"SKIP","floor":14}],"player_experience":379112,"relics_obtained":[{"floor":6,"key":"War Paint"},{"floor":9,"key":"Potion Belt"},{"floor":11,"key":"Frozen Egg 2"},{"floor":13,"key":"Smiling Mask"}],"event_choices":[{"damage_healed":0,"gold_gain":100,"player_choice":"Pray","damage_taken":0,"max_hp_gain":0,"max_hp_loss":0,"event_name":"Golden Shrine","floor":2,"gold_loss":0},{"damage_healed":0,"gold_gain":0,"player_choice":"Upgraded","damage_taken":0,"max_hp_gain":0,"max_hp_loss":0,"event_name":"Upgrade Shrine","floor":5,"gold_loss":0,"cards_upgraded":["Bash"]}],"is_beta":false,"boss_relics":[],"items_purged_floors":[3],"is_endless":false,"potions_floor_spawned":[6,8,11],"killed_by":"Slime Boss","ascension_level":14}