{"gold_per_floor":[111,111,111,122,72,72,105,105,130,142,156,156,175,46,46,145,195,212,13,13,29,29,29,44,44,44,64,81,81,6,22,22,22],"floor_reached":33,"playtime":1242,"items_purged":["Defend_R","Defend_R"],"score":383,"play_id":"8e4eb9c9-2853-4d58-957e-0ce35f88e55c","local_time":"20190416201715","is_ascension_mode":true,"campfire_choices":[{"data":"Twin Strike","floor":6,"key":"SMITH"},{"data":"Iron Wave","floor":8,"key":"SMITH"},{"data":"Armaments","floor":12,"key":"SMITH"},{"data":"Perfected Strike","floor":15,"key":"SMITH"},{"data":"Immolate","floor":23,"key":"SMITH"},{"data":"Perfected Strike","floor":25,"key":"SMITH"},{"data":"Shrug It Off","floor":29,"key":"SMITH"},{"floor":32,"key":"REST"}],"neow_cost":"NONE","seed_source_timestamp":5432167819000,"circlet_count":0,"master_deck":["Strike_R","Strike_R","Strike_R","Strike_R","Defend_R+1","Bash+1","Headbutt+1","Twin Strike+1","Iron Wave+1","Armaments+1","Perfected Strike+1","Shrug It Off+1","Immolate+1","Perfected Strike+1","Pommel Strike","True Grit","Shrug It Off","Shrug It Off","Flame Barrier+1"],"relics":["Burning Blood","Orichalcum","Omamori","Mango","PreservedInsect","Tiny House","Question Card"],"potions_floor_usage":[16,21,27,33],"damage_taken":[{"damage":0,"enemies":"Small Slimes","floor":1,"turns":3},{"damage":1,"enemies":"2 Louse","floor":4,"turns":3},{"damage":23,"enemies":"Gremlin Nob","floor":7,"turns":4},{"damage":0,"enemies":"Cultist","floor":10,"turns":2},{"damage":12,"enemies":"Blue Slaver","floor":11,"turns":3},{"damage":5,"enemies":"2 Fungi Beasts","floor":13,"turns":3},{"damage":30,"enemies":"Slime Boss","floor":16,"turns":11},{"damage":21,"enemies":"2 Thieves","floor":18,"turns":4},{"damage":8,"enemies":"Spheric Guardian","floor":21,"turns":3},{"damage":17,"enemies":"Centurion and Healer","floor":24,"turns":6},{"damage":35,"enemies":"Snake Plant","floor":27,"turns":6},{"damage":4,"enemies":"Snecko","floor":28,"turns":3},{"damage":14,"enemies":"Sentry and Sphere","floor":31,"turns":4},{"damage":49,"enemies":"Automaton","floor":33,"turns":6}],"seed_played":"-4682399877889313771","potions_obtained":[{"floor":7,"key":"Poison Potion"},{"floor":13,"key":"LiquidBronze"},{"floor":17,"key":"GamblersBrew"},{"floor":18,"key":"Dexterity Potion"}],"is_trial":false,"path_per_floor":["M","?","?","M","?","R","E","R","T","M","M","R","M","$","R","B",null,"M","$","?","M","?","R","M","R","T","M","M","R","?","M","R","B"],"character_chosen":"IRONCLAD","items_purchased":["Shrug It Off","Pommel Strike","True Grit"],"campfire_rested":1,"item_purchase_floors":[14,19,19],"current_hp_per_floor":[78,62,50,55,55,55,52,52,52,58,52,52,53,53,53,29,83,68,68,68,66,66,66,55,55,55,26,28,28,28,20,49,0],"gold":22,"neow_bonus":"RANDOM_COMMON_RELIC","is_prod":false,"is_daily":false,"chose_seed":false,"campfire_upgraded":7,"win_rate":0,"timestamp":1555460235,"path_taken":["M","?","?","M","?","R","E","R","T","M","M","R","M","$","R","BOSS","M","$","?","?","?","R","M","R","T","M","M","R","?","M","R","BOSS"],"build_version":"2019-01-23","purchased_purges":2,"victory":false,"max_hp_per_floor":[80,80,80,80,80,80,94,94,94,94,94,94,94,94,94,94,99,99,99,99,99,99,99,99,99,99,99,99,99,99,99,99,99],"card_choices":[{"not_picked":["Wild Strike","Metallicize"],"picked":"Headbutt","floor":1},{"not_picked":["Wild Strike","Body Slam"],"picked":"Twin Strike","floor":4},{"not_picked":["True Grit","Perfected Strike"],"picked":"Iron Wave","floor":7},{"not_picked":["Sword Boomerang","Fiend Fire","Corruption"],"picked":"SKIP","floor":10},{"not_picked":["Clash","Burning Pact"],"picked":"Armaments","floor":11},{"not_picked":["Flex","Body Slam"],"picked":"Perfected Strike","floor":13},{"not_picked":["Berserk","Exhume"],"picked":"Immolate","floor":16},{"not_picked":["Pummel","Clash"],"picked":"Perfected Strike","floor":17},{"not_picked":["Sentinel","Burning Pact","Sword Boomerang"],"picked":"SKIP","floor":18},{"not_picked":["Clash+1","Carnage","Armaments+1"],"picked":"SKIP","floor":21},{"not_picked":["Anger+1","Wild Strike","True Grit"],"picked":"SKIP","floor":24},{"not_picked":["Shrug It Off","Cleave","Rupture","Iron Wave"],"picked":"SKIP","floor":27},{"not_picked":["Rage","Iron Wave","Clash"],"picked":"Flame Barrier+1","floor":28},{"not_picked":["Intimidate","Armaments","Blood for Blood","Demon Form"],"picked":"SKIP","floor":31}],"player_experience":143856,"relics_obtained":[{"floor":7,"key":"Mango"},{"floor":9,"key":"PreservedInsect"},{"floor":26,"key":"Question Card"}],"event_choices":[{"damage_healed":0,"gold_gain":0,"player_choice":"Entered Light","damage_taken":16,"max_hp_gain":0,"max_hp_loss":0,"event_name":"Shining Light","floor":2,"gold_loss":0,"cards_upgraded":["Defend_R","Bash"]},{"damage_healed":0,"gold_gain":0,"player_choice":"Success","damage_taken":12,"relics_obtained":["Omamori"],"max_hp_gain":0,"max_hp_loss":0,"event_name":"Scrap Ooze","floor":3,"gold_loss":0},{"cards_removed":["Strike_R"],"damage_healed":0,"gold_gain":0,"player_choice":"Card Removal","damage_taken":0,"max_hp_gain":0,"max_hp_loss":0,"event_name":"The Cleric","floor":5,"gold_loss":50},{"damage_healed":0,"gold_gain":0,"player_choice":"Copied","damage_taken":0,"max_hp_gain":0,"max_hp_loss":0,"event_name":"Duplicator","floor":20,"gold_loss":0,"cards_obtained":["Shrug It Off"]},{"damage_healed":0,"gold_gain":0,"player_choice":"Read","damage_taken":0,"max_hp_gain":0,"max_hp_loss":0,"event_name":"The Library","floor":22,"gold_loss":0,"cards_obtained":["Shrug It Off"]},{"cards_removed":["Defend_R"],"damage_healed":0,"gold_gain":0,"player_choice":"Gave Gold","damage_taken":0,"max_hp_gain":0,"max_hp_loss":0,"event_name":"Beggar","floor":30,"gold_loss":75}],"is_beta":false,"boss_relics":[{"not_picked":["Lizard Tail","Velvet Choker"],"picked":"Tiny House"}],"items_purged_floors":[14,19],"is_endless":false,"potions_floor_spawned":[7,13,18],"killed_by":"Automaton","ascension_level":9}