{"gold_per_floor":[17,28,28,4,20,20,20,34,80,113,113,7,7,7,7,132,132,153,174,188,188,25,25,44,244,296,296,319,319,234,159,159,289,289,303,14,29,47,65,65,65,65],"floor_reached":42,"playtime":2533,"items_purged":[],"score":461,"play_id":"0ebe370d-b185-4d73-b37f-4087f22ab9b4","local_time":"20190323030437","is_ascension_mode":true,"campfire_choices":[{"data":"Beam Cell","floor":6,"key":"SMITH"},{"data":"Genetic Algorithm","floor":13,"key":"SMITH"},{"floor":15,"key":"REST"},{"floor":23,"key":"REST"},{"floor":27,"key":"REST"},{"floor":29,"key":"REST"},{"data":"Machine Learning","floor":32,"key":"SMITH"},{"floor":40,"key":"REST"}],"neow_cost":"NO_GOLD","seed_source_timestamp":3677428469500,"circlet_count":0,"master_deck":["Strike_B","Strike_B","Strike_B","Defend_B","Defend_B","Defend_B","Defend_B","Zap","Dualcast","Rebound","Cold Snap","Beam Cell+1","Auto Shields","Leap","Genetic Algorithm+1","Stack","Fission+1","Melter","Ball Lightning","Sweeping Beam","Streamline","Static Discharge","BootSequence+1","FTL+1","Genetic Algorithm+1","Machine Learning+1","Tempest+1","Leap+1","Conserve Battery","Skim","Creative AI","Beam Cell+1","Glacier+1","Capacitor","Barrage","Double Energy+1","Glacier","Coolheaded+1","Sweeping Beam+1","Barrage+1","Defragment"],"relics":["Cracked Core","Thread and Needle","Golden Idol","Ancient Tea Set","Blood Vial","Orrery","Mummified Hand","Dream Catcher","Prayer Wheel","Lizard Tail","Shuriken"],"potions_floor_usage":[16,24,24,28,38,39],"damage_taken":[{"damage":0,"enemies":"2 Louse","floor":1,"turns":2},{"damage":0,"enemies":"Small Slimes","floor":2,"turns":3},{"damage":0,"enemies":"Cultist","floor":5,"turns":3},{"damage":2,"enemies":"Large Slime","floor":8,"turns":7},{"damage":17,"enemies":"Lagavulin","floor":10,"turns":7},{"damage":10,"enemies":"The Guardian","floor":16,"turns":13},{"damage":25,"enemies":"Chosen","floor":18,"turns":5},{"damage":16,"enemies":"Shell Parasite","floor":19,"turns":7},{"damage":12,"enemies":"Snake Plant","floor":20,"turns":5},{"damage":5,"enemies":"3 Cultists","floor":24,"turns":3},{"damage":20,"enemies":"Centurion and Healer","floor":28,"turns":8},{"damage":41,"enemies":"Automaton","floor":33,"turns":12},{"damage":26,"enemies":"Orb Walker","floor":35,"turns":5},{"damage":10,"enemies":"3 Shapes","floor":37,"turns":6},{"damage":45,"enemies":"3 Darklings","floor":38,"turns":6},{"damage":21,"enemies":"Maw","floor":39,"turns":9},{"damage":66,"enemies":"Nemesis","floor":42,"turns":4}],"seed_played":"-2927768786871934581","potions_obtained":[{"floor":1,"key":"FocusPotion"},{"floor":16,"key":"SkillPotion"},{"floor":19,"key":"Explosive Potion"},{"floor":20,"key":"PowerPotion"},{"floor":33,"key":"Weak Potion"},{"floor":38,"key":"Regen Potion"}],"is_trial":false,"path_per_floor":["M","M","?","?","M","R","?","M","T","E","?","$","R","$","R","B",null,"M","M","M","?","$","R","M","?","T","R","M","R","?","?","R","B",null,"M","$","M","M","M","R","?","E"],"character_chosen":"DEFECT","items_purchased":["Genetic Algorithm","Stack","Machine Learning","Shuriken","Capacitor"],"campfire_rested":5,"item_purchase_floors":[12,12,22,36,36],"current_hp_per_floor":[75,75,57,57,57,57,57,55,55,38,43,43,43,43,67,59,80,55,41,31,31,31,55,52,52,52,76,58,80,80,80,80,39,80,54,54,46,3,40,64,64,0],"gold":65,"neow_bonus":"ONE_RARE_RELIC","is_prod":false,"is_daily":false,"chose_seed":false,"campfire_upgraded":3,"win_rate":0,"timestamp":1553324677,"path_taken":["M","M","?","?","M","R","?","M","T","E","?","$","R","$","R","BOSS","M","M","M","?","$","R","M","?","T","R","?","R","?","?","R","BOSS","M","$","M","M","M","R","?","E"],"build_version":"2019-01-23","purchased_purges":0,"victory":false,"max_hp_per_floor":[75,75,75,75,75,75,75,75,75,75,80,80,80,80,80,80,80,80,80,80,80,80,80,80,80,80,80,80,80,80,80,80,80,80,80,80,80,80,80,80,80,80],"card_choices":[{"not_picked":["Steam Power","Compile Driver"],"picked":"Rebound","floor":1},{"not_picked":["Self Repair","Reinforced Body"],"picked":"Cold Snap","floor":2},{"not_picked":["Coolheaded","Turbo"],"picked":"Beam Cell","floor":5},{"not_picked":["Steam Power","Coolheaded"],"picked":"Auto Shields","floor":8},{"not_picked":["Sunder","Reinforced Body"],"picked":"Leap","floor":10},{"not_picked":["Hyperbeam","Biased Cognition"],"picked":"Fission","floor":16},{"not_picked":["Turbo","Hologram"],"picked":"Melter","floor":17},{"not_picked":["Beam Cell","Stack"],"picked":"Ball Lightning","floor":17},{"not_picked":["Blizzard","Stack"],"picked":"Sweeping Beam","floor":17},{"not_picked":["Cold Snap","Sweeping Beam"],"picked":"Streamline","floor":17},{"not_picked":["Sunder","Beam Cell"],"picked":"Static Discharge","floor":17},{"not_picked":["Go for the Eyes","Compile Driver+1"],"picked":"BootSequence+1","floor":18},{"not_picked":["Fusion","Doom and Gloom"],"picked":"FTL+1","floor":19},{"not_picked":["Reboot","Beam Cell"],"picked":"Genetic Algorithm+1","floor":20},{"not_picked":["Go for the Eyes","Reinforced Body"],"picked":"Tempest+1","floor":24},{"not_picked":["Coolheaded+1","Turbo"],"picked":"Leap+1","floor":27},{"not_picked":["FTL","Self Repair"],"picked":"Conserve Battery","floor":28},{"not_picked":["Barrage","Stack"],"picked":"Skim","floor":29},{"not_picked":["Core Surge","Amplify"],"picked":"Creative AI","floor":33},{"not_picked":["Sweeping Beam","Consume+1"],"picked":"Beam Cell+1","floor":35},{"not_picked":["Skim","Scrape"],"picked":"Glacier+1","floor":35},{"not_picked":["Reprogram","Tempest+1"],"picked":"Barrage","floor":37},{"not_picked":["Consume","Gash+1"],"picked":"Double Energy+1","floor":37},{"not_picked":["Beam Cell+1","Sweeping Beam+1"],"picked":"Glacier","floor":38},{"not_picked":["Recycle+1","Ball Lightning"],"picked":"Coolheaded+1","floor":38},{"not_picked":["BootSequence+1","Beam Cell"],"picked":"Sweeping Beam+1","floor":39},{"not_picked":["Reprogram","Genetic Algorithm+1"],"picked":"Barrage+1","floor":39},{"not_picked":["Consume","Conserve Battery+1"],"picked":"Defragment","floor":40}],"player_experience":53834,"relics_obtained":[{"floor":9,"key":"Ancient Tea Set"},{"floor":10,"key":"Blood Vial"},{"floor":26,"key":"Dream Catcher"}],"event_choices":[{"damage_healed":0,"gold_gain":0,"player_choice":"Take Damage","damage_taken":18,"relics_obtained":["Golden Idol"],"max_hp_gain":0,"max_hp_loss":0,"event_name":"Golden Idol","floor":3,"gold_loss":0},{"damage_healed":0,"gold_gain":0,"player_choice":"Left Gold","damage_taken":0,"max_hp_gain":0,"max_hp_loss":0,"event_name":"World of Goop","floor":4,"gold_loss":24},{"damage_healed":0,"gold_gain":0,"player_choice":"Ignored","damage_taken":0,"max_hp_gain":0,"max_hp_loss":0,"event_name":"Golden Wing","floor":7,"gold_loss":0},{"damage_healed":0,"gold_gain":0,"player_choice":"Donut","damage_taken":0,"max_hp_gain":5,"max_hp_loss":0,"event_name":"Big Fish","floor":11,"gold_loss":0},{"damage_healed":0,"gold_gain":0,"player_choice":"Opened","damage_taken":0,"relics_obtained":["Mummified Hand"],"max_hp_gain":0,"max_hp_loss":0,"event_name":"The Mausoleum","floor":21,"gold_loss":0},{"damage_healed":0,"gold_gain":200,"player_choice":"Gold","damage_taken":0,"max_hp_gain":0,"max_hp_loss":0,"event_name":"Wheel of Change","floor":25,"gold_loss":0},{"damage_healed":0,"gold_gain":0,"player_choice":"Obtained Relic","damage_taken":0,"relics_obtained":["Prayer Wheel"],"max_hp_gain":0,"max_hp_loss":0,"event_name":"Addict","floor":30,"gold_loss":85},{"cards_removed":["Strike_B"],"damage_healed":0,"gold_gain":0,"player_choice":"Gave Gold","damage_taken":0,"max_hp_gain":0,"max_hp_loss":0,"event_name":"Beggar","floor":31,"gold_loss":75},{"damage_healed":0,"gold_gain":0,"player_choice":"Upgraded","damage_taken":0,"max_hp_gain":0,"max_hp_loss":0,"event_name":"Upgrade Shrine","floor":41,"gold_loss":0,"cards_upgraded":["Fission"]}],"is_beta":false,"boss_relics":[{"not_picked":["Inserter","Cursed Key"],"picked":"Orrery"},{"not_picked":["Snecko Eye","FrozenCore"],"picked":"Lizard Tail"}],"items_purged_floors":[],"is_endless":false,"potions_floor_spawned":[1,16,19,20,33,38],"killed_by":"Nemesis","ascension_level":2}