{"gold_per_floor":[110,110,122,137,137,137,164,164,164,182,11,30,84,98,98,98],"floor_reached":16,"playtime":388,"items_purged":["Strike_R"],"score":179,"play_id":"81ec240b-2b18-4a63-837b-5279824c94c4","local_time":"20190610194205","is_ascension_mode":true,"campfire_choices":[{"data":"Juggernaut","floor":6,"key":"SMITH"},{"data":"Spot Weakness","floor":8,"key":"SMITH"},{"data":"Flame Barrier","floor":15,"key":"SMITH"}],"neow_cost":"NONE","seed_source_timestamp":10384595263500,"circlet_count":0,"master_deck":["AscendersBane","Strike_R","Strike_R","Strike_R","Strike_R","Defend_R","Defend_R","Defend_R","Defend_R","Bash+1","Juggernaut+1","Shrug It Off","Spot Weakness+1","Infernal Blade","True Grit","Twin Strike","Flame Barrier+1","Iron Wave"],"relics":["Burning Blood","Pantograph","Darkstone Periapt","Self Forming Clay"],"potions_floor_usage":[7],"damage_taken":[{"damage":8,"enemies":"Jaw Worm","floor":1,"turns":4},{"damage":24,"enemies":"Small Slimes","floor":3,"turns":5},{"damage":11,"enemies":"2 Louse","floor":4,"turns":3},{"damage":17,"enemies":"3 Sentries","floor":7,"turns":8},{"damage":8,"enemies":"Blue Slaver","floor":10,"turns":4},{"damage":10,"enemies":"3 Louse","floor":12,"turns":4},{"damage":1,"enemies":"Exordium Wildlife","floor":14,"turns":4},{"damage":59,"enemies":"Slime Boss","floor":16,"turns":6}],"seed_played":"-6960604252864876469","potions_obtained":[{"floor":1,"key":"Poison Potion"},{"floor":3,"key":"Regen Potion"},{"floor":7,"key":"PowerPotion"}],"is_trial":false,"path_per_floor":["M","?","M","M","?","R","E","R","T","M","$","M","?","M","R","B"],"character_chosen":"IRONCLAD","items_purchased":["True Grit","Twin Strike"],"campfire_rested":0,"item_purchase_floors":[11,11],"current_hp_per_floor":[66,66,48,43,32,32,35,35,35,33,33,29,29,34,34,0],"gold":98,"neow_bonus":"ONE_RANDOM_RARE_CARD","is_prod":false,"is_daily":false,"chose_seed":false,"campfire_upgraded":3,"win_rate":0,"timestamp":1560210125,"path_taken":["M","?","M","M","?","R","E","R","T","M","?","M","?","M","R","BOSS"],"build_version":"2019-01-23","purchased_purges":1,"victory":false,"max_hp_per_floor":[75,75,75,75,75,75,75,75,75,75,75,75,75,75,75,75],"card_choices":[{"not_picked":["Havoc","Seeing Red","Shockwave"],"picked":"SKIP","floor":1},{"not_picked":["Sever Soul","Anger","Body Slam"],"picked":"SKIP","floor":3},{"not_picked":["Burning Pact","Headbutt"],"picked":"Shrug It Off","floor":4},{"not_picked":["Clothesline","Barricade"],"picked":"Spot Weakness","floor":7},{"not_picked":["Sever Soul","Warcry"],"picked":"Infernal Blade","floor":10},{"not_picked":["Havoc","Sword Boomerang"],"picked":"Flame Barrier","floor":12},{"not_picked":["Warcry","Searing Blow"],"picked":"Iron Wave","floor":14}],"player_experience":396863,"relics_obtained":[{"floor":7,"key":"Darkstone Periapt"},{"floor":9,"key":"Self Forming Clay"}],"event_choices":[{"damage_healed":0,"gold_gain":0,"player_choice":"Grow","damage_taken":0,"max_hp_gain":0,"max_hp_loss":0,"event_name":"Living Wall","floor":2,"gold_loss":0,"cards_upgraded":["Bash"]},{"damage_healed":0,"gold_gain":0,"player_choice":"Success","damage_taken":11,"relics_obtained":["Pantograph"],"max_hp_gain":0,"max_hp_loss":0,"event_name":"Scrap Ooze","floor":5,"gold_loss":0},{"damage_healed":0,"gold_gain":54,"player_choice":"Gained Gold","damage_taken":0,"max_hp_gain":0,"max_hp_loss":0,"event_name":"Golden Wing","floor":13,"gold_loss":0}],"is_beta":false,"boss_relics":[],"items_purged_floors":[11],"is_endless":false,"potions_floor_spawned":[1,3,7],"killed_by":"Slime Boss","ascension_level":15}