{"gold_per_floor":[110,110,110,130,144,144,476,476,476,476,255,266,280,290,290,388,388,401,43,43,43,143,143,161,161,161,192,209,84,162,182,182,279,279,298,308,308,308,14,34,44,72,72,89,89,89,189,209,209,209],"floor_reached":51,"playtime":2263,"items_purged":["Strike_R","Strike_R","Strike_R","Perfected Strike"],"score":1124,"play_id":"bcf492c3-9973-4b67-b030-4fd888bb4434","local_time":"20190430220508","is_ascension_mode":true,"campfire_choices":[{"data":"Bash","floor":6,"key":"SMITH"},{"data":"Pommel Strike","floor":8,"key":"SMITH"},{"data":"Cleave","floor":10,"key":"SMITH"},{"data":"Flame Barrier","floor":15,"key":"SMITH"},{"data":"Immolate","floor":23,"key":"SMITH"},{"data":"True Grit","floor":25,"key":"SMITH"},{"data":"Double Tap","floor":32,"key":"SMITH"},{"data":"Uppercut","floor":49,"key":"SMITH"}],"neow_cost":"NONE","seed_source_timestamp":13614330778900,"circlet_count":0,"master_deck":["Bash+1","Cleave+1","Iron Wave","Disarm+1","Pommel Strike+1","Flame Barrier+1","True Grit+1","Immolate+1","Shrug It Off","Necronomicurse","Double Tap+1","Reaper","Uppercut+1","Battle Trance","Whirlwind","Battle Trance","Dual Wield+1","Finesse"],"relics":["Burning Blood","Old Coin","FossilizedHelix","Oddly Smooth Stone","Philosopher\u0027s Stone","Matryoshka","Necronomicon","MutagenicStrength","Calipers","Bottled Lightning","Ornamental Fan","Pear","Ginger","Bronze Scales","Singing Bowl","Pandora\u0027s Box","War Paint","Juzu Bracelet","Gremlin Horn","Ice Cream"],"potions_floor_usage":[13,22,33,42,47,50],"damage_taken":[{"damage":8,"enemies":"Jaw Worm","floor":1,"turns":4},{"damage":2,"enemies":"2 Louse","floor":4,"turns":2},{"damage":1,"enemies":"Cultist","floor":5,"turns":4},{"damage":40,"enemies":"Lagavulin","floor":7,"turns":7},{"damage":3,"enemies":"Exordium Thugs","floor":12,"turns":5},{"damage":0,"enemies":"Gremlin Gang","floor":13,"turns":1},{"damage":0,"enemies":"Red Slaver","floor":14,"turns":3},{"damage":28,"enemies":"Hexaghost","floor":16,"turns":10},{"damage":3,"enemies":"Shell Parasite","floor":18,"turns":6},{"damage":0,"enemies":"Colosseum Slavers","floor":22,"turns":1},{"damage":0,"enemies":"Colosseum Nobs","floor":22,"turns":4},{"damage":0,"enemies":"Chosen","floor":24,"turns":2},{"damage":15,"enemies":"Slavers","floor":27,"turns":2},{"damage":0,"enemies":"Snecko","floor":28,"turns":3},{"damage":0,"enemies":"Centurion and Healer","floor":31,"turns":3},{"damage":48,"enemies":"Champ","floor":33,"turns":10},{"damage":0,"enemies":"3 Shapes","floor":35,"turns":4},{"damage":0,"enemies":"Orb Walker","floor":36,"turns":3},{"damage":0,"enemies":"Transient","floor":40,"turns":5},{"damage":0,"enemies":"Spire Growth","floor":41,"turns":3},{"damage":0,"enemies":"Nemesis","floor":42,"turns":5},{"damage":18,"enemies":"Sphere and 2 Shapes","floor":44,"turns":3},{"damage":5,"enemies":"Mind Bloom Boss Battle","floor":47,"turns":5},{"damage":0,"enemies":"4 Shapes","floor":48,"turns":1},{"damage":55,"enemies":"Donu and Deca","floor":50,"turns":8}],"seed_played":"3888713095672461298","potions_obtained":[{"floor":4,"key":"Explosive Potion"},{"floor":5,"key":"AttackPotion"},{"floor":16,"key":"SpeedPotion"},{"floor":28,"key":"AttackPotion"},{"floor":31,"key":"Dexterity Potion"},{"floor":33,"key":"SpeedPotion"},{"floor":41,"key":"Block Potion"},{"floor":44,"key":"GamblersBrew"}],"is_trial":false,"path_per_floor":["M","?","?","M","M","R","E","R","T","R","$","M","M","M","R","B",null,"M","$","?","?","?","R","M","R","T","E","M","$","T","M","R","B",null,"M","M","?","?","$","M","M","E","T","M","?","?","?","M","R","B",null],"character_chosen":"IRONCLAD","items_purchased":["Oddly Smooth Stone","Matryoshka","War Paint"],"campfire_rested":0,"item_purchase_floors":[11,19,39],"current_hp_per_floor":[78,83,93,93,93,93,59,59,59,59,59,62,68,74,74,52,83,86,86,70,70,82,82,88,88,98,89,95,95,95,103,103,61,94,107,109,109,109,109,111,113,115,115,105,105,105,113,115,115,66],"gold":209,"neow_bonus":"TEN_PERCENT_HP_BONUS","is_prod":false,"is_daily":false,"chose_seed":false,"campfire_upgraded":8,"win_rate":0,"timestamp":1556676308,"path_taken":["M","?","?","M","?","R","E","R","T","R","?","?","M","M","R","BOSS","M","$","?","?","?","R","M","R","T","E","?","?","?","M","R","BOSS","M","?","?","?","?","M","M","E","T","M","?","?","?","M","R","BOSS"],"build_version":"2019-01-23","purchased_purges":4,"victory":true,"max_hp_per_floor":[88,93,93,93,93,93,93,93,93,93,93,93,93,93,93,93,93,93,93,93,93,93,93,93,93,103,103,103,103,103,105,105,105,105,107,109,109,109,109,111,113,115,115,117,117,111,113,115,115,115],"card_choices":[{"not_picked":["Bloodletting","Body Slam"],"picked":"Cleave","floor":1},{"not_picked":["Blood for Blood","Power Through"],"picked":"Iron Wave","floor":4},{"not_picked":["Flex","Perfected Strike"],"picked":"Disarm","floor":5},{"not_picked":["Berserk","Brutality"],"picked":"Pommel Strike","floor":7},{"not_picked":["Disarm","Anger","Clothesline"],"picked":"SKIP","floor":12},{"not_picked":["Anger","Flex"],"picked":"Flame Barrier","floor":13},{"not_picked":["Armaments","Iron Wave"],"picked":"True Grit","floor":14},{"not_picked":["Limit Break","Barricade"],"picked":"Immolate","floor":16},{"not_picked":["Twin Strike+1","Thunderclap"],"picked":"Shrug It Off","floor":18},{"not_picked":["Rage+1","Sword Boomerang"],"picked":"Double Tap","floor":24},{"not_picked":["Flex","Armaments+1","Power Through"],"picked":"SKIP","floor":27},{"not_picked":["Rage","Anger","Flex"],"picked":"SKIP","floor":28},{"not_picked":["Dual Wield","Reckless Charge","Anger"],"picked":"Singing Bowl","floor":31},{"not_picked":["Double Tap","Juggernaut"],"picked":"Reaper","floor":33},{"not_picked":["Hemokinesis","Seeing Red+1","Clash+1"],"picked":"Singing Bowl","floor":35},{"not_picked":["Perfected Strike+1","Body Slam+1","Armaments"],"picked":"Singing Bowl","floor":36},{"not_picked":["Flex","Armaments+1","Headbutt+1"],"picked":"Singing Bowl","floor":40},{"not_picked":["Sword Boomerang+1","Combust","Heavy Blade+1"],"picked":"Singing Bowl","floor":41},{"not_picked":["Reaper","Sever Soul","Flex+1"],"picked":"Singing Bowl","floor":42},{"not_picked":["Wild Strike+1","Carnage+1","Clothesline"],"picked":"Singing Bowl","floor":44},{"not_picked":["Trip","Secret Weapon"],"picked":"Finesse","floor":45},{"not_picked":["Headbutt","Sentinel","Heavy Blade+1"],"picked":"Singing Bowl","floor":47},{"not_picked":["Perfected Strike+1","Clash+1","Entrench+1"],"picked":"Singing Bowl","floor":48}],"player_experience":176350,"relics_obtained":[{"floor":7,"key":"Old Coin"},{"floor":9,"key":"FossilizedHelix"},{"floor":20,"key":"Necronomicon"},{"floor":22,"key":"Calipers"},{"floor":22,"key":"Bottled Lightning"},{"floor":26,"key":"Ornamental Fan"},{"floor":26,"key":"Pear"},{"floor":27,"key":"Ginger"},{"floor":30,"key":"Bronze Scales"},{"floor":30,"key":"Singing Bowl"},{"floor":42,"key":"Juzu Bracelet"},{"floor":43,"key":"Gremlin Horn"},{"floor":47,"key":"Ice Cream"}],"event_choices":[{"damage_healed":0,"gold_gain":0,"player_choice":"Donut","damage_taken":0,"max_hp_gain":5,"max_hp_loss":0,"event_name":"Big Fish","floor":2,"gold_loss":0},{"damage_healed":10,"gold_gain":0,"player_choice":"Full Heal","damage_taken":0,"max_hp_gain":0,"max_hp_loss":0,"event_name":"Wheel of Change","floor":3,"gold_loss":0},{"damage_healed":0,"gold_gain":0,"player_choice":"Obtained Book","damage_taken":16,"max_hp_gain":0,"max_hp_loss":0,"event_name":"Cursed Tome","floor":20,"gold_loss":0},{"damage_healed":0,"gold_gain":0,"player_choice":"Inject Mutagens","damage_taken":0,"relics_obtained":["MutagenicStrength"],"max_hp_gain":0,"max_hp_loss":0,"event_name":"Drug Dealer","floor":21,"gold_loss":0},{"damage_healed":0,"gold_gain":0,"player_choice":"Fight","damage_taken":0,"max_hp_gain":0,"max_hp_loss":0,"event_name":"Colosseum","floor":22,"gold_loss":0},{"damage_healed":0,"gold_gain":0,"player_choice":"Fought Nobs","damage_taken":0,"max_hp_gain":0,"max_hp_loss":0,"event_name":"Colosseum","floor":22,"gold_loss":0},{"damage_healed":0,"gold_gain":0,"player_choice":"Ignored","damage_taken":0,"max_hp_gain":0,"max_hp_loss":0,"event_name":"Mysterious Sphere","floor":37,"gold_loss":0},{"damage_healed":0,"gold_gain":0,"player_choice":"Ignored","damage_taken":0,"max_hp_gain":0,"max_hp_loss":0,"event_name":"Tomb of Lord Red Mask","floor":38,"gold_loss":0},{"damage_healed":0,"gold_gain":0,"player_choice":"Memory 1","damage_taken":0,"max_hp_gain":0,"max_hp_loss":0,"event_name":"SensoryStone","floor":45,"gold_loss":0},{"damage_healed":0,"gold_gain":0,"player_choice":"Max HP","damage_taken":0,"max_hp_gain":0,"max_hp_loss":6,"event_name":"Winding Halls","floor":46,"gold_loss":0},{"damage_healed":0,"gold_gain":0,"player_choice":"Fight","damage_taken":0,"max_hp_gain":0,"max_hp_loss":0,"event_name":"MindBloom","floor":47,"gold_loss":0}],"is_beta":false,"boss_relics":[{"not_picked":["Orrery","Runic Dome"],"picked":"Philosopher\u0027s Stone"},{"not_picked":["Velvet Choker","White Beast Statue"],"picked":"Pandora\u0027s Box"}],"items_purged_floors":[11,19,29,39],"is_endless":false,"potions_floor_spawned":[4,5,16,22,28,31,33,41,44],"ascension_level":9}