{"gold_per_floor":[218,218,235,248,31,64,82,82,82,94,94],"floor_reached":11,"playtime":308,"items_purged":["Strike_B"],"score":90,"play_id":"aafa0b60-2379-49a9-bb43-039d8f821899","local_time":"20190725192942","is_ascension_mode":true,"campfire_choices":[],"neow_cost":"NONE","seed_source_timestamp":3979596576500,"circlet_count":0,"master_deck":["Strike_B","Strike_B","Strike_B","Defend_B+1","Defend_B","Defend_B","Defend_B","Zap","Dualcast+1","Hologram","Streamline","Ball Lightning","Conserve Battery","Defragment","Coolheaded","Conserve Battery","Rebound","Blind","Go for the Eyes","Buffer","Stack"],"relics":["Cracked Core","War Paint","Ornamental Fan"],"potions_floor_usage":[],"damage_taken":[{"damage":13,"enemies":"Small Slimes","floor":1,"turns":4},{"damage":1,"enemies":"Cultist","floor":3,"turns":3},{"damage":0,"enemies":"2 Louse","floor":4,"turns":2},{"damage":22,"enemies":"Lagavulin","floor":6,"turns":5},{"damage":2,"enemies":"Exordium Wildlife","floor":7,"turns":4},{"damage":0,"enemies":"Red Slaver","floor":10,"turns":3},{"damage":39,"enemies":"Gremlin Nob","floor":11,"turns":5}],"seed_played":"-2704216194797200928","potions_obtained":[{"floor":3,"key":"Weak Potion"},{"floor":10,"key":"EssenceOfSteel"}],"is_trial":false,"path_per_floor":["M","?","M","M","$","E","M","?","T","M","E"],"character_chosen":"DEFECT","items_purchased":["Conserve Battery","Defragment","Coolheaded"],"campfire_rested":0,"item_purchase_floors":[5,5,5],"current_hp_per_floor":[62,62,61,61,61,39,37,37,37,37,0],"gold":94,"neow_bonus":"HUNDRED_GOLD","is_prod":false,"is_daily":false,"chose_seed":false,"campfire_upgraded":0,"win_rate":0,"timestamp":1564097382,"path_taken":["M","?","M","M","$","E","M","?","T","?","E"],"build_version":"2019-07-17","purchased_purges":1,"victory":false,"max_hp_per_floor":[75,75,75,75,75,75,75,75,75,75,75],"card_choices":[{"not_picked":["Storm","Rebound"],"picked":"Hologram","floor":1},{"not_picked":["Redo","Melter"],"picked":"Streamline","floor":3},{"not_picked":["Coolheaded","Aggregate"],"picked":"Ball Lightning","floor":4},{"not_picked":["Turbo","Ball Lightning"],"picked":"Conserve Battery","floor":6},{"not_picked":["Compile Driver","Conserve Battery"],"picked":"Rebound","floor":7},{"not_picked":["Hologram","Loop"],"picked":"Stack","floor":10}],"player_experience":442575,"relics_obtained":[{"floor":6,"key":"War Paint"},{"floor":9,"key":"Ornamental Fan"}],"event_choices":[{"damage_healed":0,"gold_gain":0,"player_choice":"Ignored","damage_taken":0,"max_hp_gain":0,"max_hp_loss":0,"event_name":"Golden Wing","floor":2,"gold_loss":0},{"damage_healed":0,"gold_gain":0,"player_choice":"3 cards matched","damage_taken":0,"max_hp_gain":0,"max_hp_loss":0,"event_name":"Match and Keep!","floor":8,"gold_loss":0,"cards_obtained":["Blind","Go for the Eyes","Buffer"]}],"is_beta":false,"boss_relics":[],"items_purged_floors":[5],"is_endless":false,"potions_floor_spawned":[3,10],"killed_by":"Gremlin Nob","ascension_level":4}