{"gold_per_floor":[115,125,143,153,31,31,45,65,65,65,84,119,138,156,156,259,259,279,33,33,33,53,53,73,89,113,113,147,166,183,193,193,289,289,301,301,99,99,114,114,131,131,131,147,162,178,178,198,198,198],"floor_reached":50,"playtime":2877,"items_purged":["Strike_R","Strike_R","Defend_R"],"score":737,"play_id":"fbd12ec6-a01f-4222-a93f-f403c5a8af50","local_time":"20190430185933","is_ascension_mode":true,"campfire_choices":[{"data":"Infernal Blade","floor":6,"key":"SMITH"},{"data":"Battle Trance","floor":15,"key":"SMITH"},{"data":"Feed","floor":23,"key":"SMITH"},{"data":"Rampage","floor":27,"key":"SMITH"},{"data":"Shrug It Off","floor":32,"key":"SMITH"},{"data":"Burning Pact","floor":40,"key":"SMITH"},{"data":"Ghostly Armor","floor":42,"key":"SMITH"},{"data":"Pommel Strike","floor":47,"key":"SMITH"},{"floor":49,"key":"REST"}],"neow_cost":"NONE","seed_source_timestamp":1877215107900,"circlet_count":0,"master_deck":["Strike_R","Strike_R","Defend_R","Defend_R","Bash+1","Ghostly Armor+1","Infernal Blade+1","Pommel Strike+1","Shrug It Off+1","Iron Wave+1","Battle Trance+1","Burning Pact+1","Rampage+1","Feed+1","Battle Trance","Bludgeon","Inflame","Juggernaut"],"relics":["Burning Blood","Odd Mushroom","Dodecahedron","Mercury Hourglass","Busted Crown","Bag of Preparation","Happy Flower","Meat on the Bone","Mark of Pain","Pantograph"],"potions_floor_usage":[12,18,18,24,30,33,41,50,50,50],"damage_taken":[{"damage":7,"enemies":"Jaw Worm","floor":1,"turns":3},{"damage":4,"enemies":"Small Slimes","floor":2,"turns":5},{"damage":0,"enemies":"Cultist","floor":3,"turns":3},{"damage":11,"enemies":"Exordium Wildlife","floor":4,"turns":6},{"damage":2,"enemies":"2 Fungi Beasts","floor":7,"turns":3},{"damage":0,"enemies":"The Mushroom Lair","floor":8,"turns":2},{"damage":1,"enemies":"Red Slaver","floor":11,"turns":2},{"damage":4,"enemies":"Lagavulin","floor":12,"turns":5},{"damage":6,"enemies":"Large Slime","floor":13,"turns":2},{"damage":13,"enemies":"Lots of Slimes","floor":14,"turns":2},{"damage":46,"enemies":"Slime Boss","floor":16,"turns":10},{"damage":13,"enemies":"3 Byrds","floor":18,"turns":3},{"damage":0,"enemies":"Chosen","floor":22,"turns":3},{"damage":9,"enemies":"Snake Plant","floor":24,"turns":3},{"damage":4,"enemies":"Cultist and Chosen","floor":25,"turns":6},{"damage":48,"enemies":"Slavers","floor":28,"turns":5},{"damage":0,"enemies":"Centurion and Healer","floor":29,"turns":5},{"damage":3,"enemies":"Shelled Parasite and Fungi","floor":30,"turns":3},{"damage":6,"enemies":"Snake Plant","floor":31,"turns":3},{"damage":65,"enemies":"Collector","floor":33,"turns":10},{"damage":51,"enemies":"3 Darklings","floor":35,"turns":6},{"damage":11,"enemies":"Orb Walker","floor":39,"turns":3},{"damage":18,"enemies":"Spire Growth","floor":41,"turns":3},{"damage":8,"enemies":"Maw","floor":44,"turns":6},{"damage":19,"enemies":"4 Shapes","floor":45,"turns":5},{"damage":13,"enemies":"3 Darklings","floor":46,"turns":5},{"damage":34,"enemies":"Transient","floor":48,"turns":5},{"damage":116,"enemies":"Donu and Deca","floor":50,"turns":7}],"seed_played":"8286454420869962947","potions_obtained":[{"floor":3,"key":"PowerPotion"},{"floor":7,"key":"Strength Potion"},{"floor":8,"key":"GamblersBrew"},{"floor":11,"key":"EssenceOfSteel"},{"floor":13,"key":"Regen Potion"},{"floor":24,"key":"SpeedPotion"},{"floor":25,"key":"SpeedPotion"},{"floor":31,"key":"Weak Potion"},{"floor":39,"key":"SkillPotion"},{"floor":41,"key":"Strength Potion"},{"floor":46,"key":"SpeedPotion"},{"floor":48,"key":"PowerPotion"}],"is_trial":false,"path_per_floor":["M","M","M","M","$","R","M","?","T","?","M","E","M","M","R","B",null,"M","$","?","?","M","R","M","M","T","R","E","M","M","M","R","B",null,"M","?","$","?","M","R","M","R","T","M","M","M","R","M","R","B"],"character_chosen":"IRONCLAD","items_purchased":["Shrug It Off","Bag of Preparation","Inflame"],"campfire_rested":1,"item_purchase_floors":[5,19,37],"current_hp_per_floor":[71,73,79,74,74,74,78,80,80,80,80,80,80,73,73,33,68,64,64,64,64,73,73,79,81,81,81,43,65,72,72,72,25,80,47,47,47,47,54,54,58,58,58,60,63,68,68,52,85,0],"gold":198,"neow_bonus":"UPGRADE_CARD","is_prod":false,"is_daily":false,"chose_seed":false,"campfire_upgraded":8,"win_rate":0,"timestamp":1556665173,"path_taken":["M","M","M","M","$","R","M","?","T","?","?","E","M","M","R","BOSS","M","$","?","?","M","R","M","M","T","R","E","M","?","M","R","BOSS","M","?","$","?","M","R","M","R","T","M","M","M","R","M","R","BOSS"],"build_version":"2019-01-23","purchased_purges":3,"victory":false,"max_hp_per_floor":[80,80,80,80,80,80,80,80,80,80,80,80,80,80,80,80,80,83,83,83,83,86,86,86,86,86,86,90,94,98,98,98,98,98,98,98,98,98,98,98,102,102,102,106,110,110,110,110,110,114],"card_choices":[{"not_picked":["Flex","Seeing Red"],"picked":"Ghostly Armor","floor":1},{"not_picked":["Thunderclap","Armaments"],"picked":"Infernal Blade","floor":2},{"not_picked":["Twin Strike","True Grit"],"picked":"Pommel Strike","floor":3},{"not_picked":["Anger","Warcry","Wild Strike"],"picked":"SKIP","floor":4},{"not_picked":["Twin Strike","Fiend Fire"],"picked":"Iron Wave","floor":7},{"not_picked":["Flex","Body Slam"],"picked":"Battle Trance","floor":8},{"not_picked":["Dropkick","Headbutt"],"picked":"Burning Pact","floor":11},{"not_picked":["Flex","Burning Pact","Blood for Blood"],"picked":"SKIP","floor":12},{"not_picked":["Clothesline","Dropkick","Ghostly Armor"],"picked":"SKIP","floor":13},{"not_picked":["Thunderclap","Armaments"],"picked":"Rampage","floor":14},{"not_picked":["Limit Break","Bludgeon"],"picked":"Feed","floor":16},{"not_picked":["Corruption"],"picked":"SKIP","floor":18},{"not_picked":["Havoc"],"picked":"SKIP","floor":22},{"not_picked":["Cleave"],"picked":"SKIP","floor":24},{"not_picked":["Dropkick+1"],"picked":"SKIP","floor":25},{"not_picked":["Perfected Strike+1"],"picked":"SKIP","floor":28},{"not_picked":[],"picked":"Battle Trance","floor":29},{"not_picked":["Cleave+1"],"picked":"SKIP","floor":30},{"not_picked":["Sword Boomerang"],"picked":"SKIP","floor":31},{"not_picked":[],"picked":"Bludgeon","floor":33},{"not_picked":["Metallicize"],"picked":"SKIP","floor":35},{"not_picked":["Armaments+1"],"picked":"SKIP","floor":39},{"not_picked":["Warcry+1"],"picked":"SKIP","floor":41},{"not_picked":["Thunderclap+1"],"picked":"SKIP","floor":44},{"not_picked":["Corruption+1"],"picked":"SKIP","floor":45},{"not_picked":["Twin Strike"],"picked":"SKIP","floor":46},{"not_picked":[],"picked":"Juggernaut","floor":48}],"player_experience":171033,"relics_obtained":[{"floor":8,"key":"Odd Mushroom"},{"floor":9,"key":"Dodecahedron"},{"floor":12,"key":"Mercury Hourglass"},{"floor":26,"key":"Happy Flower"},{"floor":28,"key":"Meat on the Bone"},{"floor":43,"key":"Pantograph"}],"event_choices":[{"damage_healed":0,"gold_gain":0,"player_choice":"Fought Mushrooms","damage_taken":0,"max_hp_gain":0,"max_hp_loss":0,"event_name":"Mushrooms","floor":8,"gold_loss":0},{"damage_healed":0,"gold_gain":0,"player_choice":"Forge","damage_taken":0,"max_hp_gain":0,"max_hp_loss":0,"event_name":"Accursed Blacksmith","floor":10,"gold_loss":0,"cards_upgraded":["Iron Wave"]},{"damage_healed":0,"gold_gain":0,"player_choice":"Ignored","damage_taken":0,"max_hp_gain":0,"max_hp_loss":0,"event_name":"Beggar","floor":20,"gold_loss":0},{"cards_removed":["Strike_R"],"damage_healed":0,"gold_gain":0,"player_choice":"Offered Basic","damage_taken":0,"max_hp_gain":0,"max_hp_loss":0,"event_name":"Bonfire Elementals","floor":21,"gold_loss":0},{"cards_removed":["Defend_R"],"damage_healed":0,"gold_gain":0,"player_choice":"Removed Skill","damage_taken":0,"max_hp_gain":0,"max_hp_loss":0,"event_name":"Falling","floor":36,"gold_loss":0},{"damage_healed":0,"gold_gain":0,"player_choice":"Ignored","damage_taken":0,"max_hp_gain":0,"max_hp_loss":0,"event_name":"SecretPortal","floor":38,"gold_loss":0}],"is_beta":false,"boss_relics":[{"not_picked":["Runic Cube","Black Star"],"picked":"Busted Crown"},{"not_picked":["Calling Bell","Philosopher\u0027s Stone"],"picked":"Mark of Pain"}],"items_purged_floors":[5,19,37],"is_endless":false,"potions_floor_spawned":[3,7,8,11,13,24,25,31,39,41,46,48],"killed_by":"Donu and Deca","ascension_level":9}