{"gold_per_floor":[113,113,54,54,64,64,13,13,68,83,96,123,133,76,76,76],"floor_reached":16,"playtime":303,"items_purged":[],"score":195,"play_id":"89528826-b30a-4fe3-9f41-097e4123e599","local_time":"20190906230331","is_ascension_mode":true,"campfire_choices":[{"data":"Bash","floor":6,"key":"SMITH"},{"data":"True Grit","floor":8,"key":"SMITH"},{"floor":15,"key":"REST"}],"neow_cost":"NONE","seed_source_timestamp":14322201162600,"circlet_count":0,"master_deck":["AscendersBane","Strike_R+1","Strike_R","Strike_R+1","Strike_R","Strike_R","Defend_R","Defend_R","Defend_R","Defend_R","Bash+1","Twin Strike","True Grit+1","Infernal Blade","Pommel Strike","Whirlwind","Feed","Corruption"],"relics":["Burning Blood","Juzu Bracelet","Bottled Lightning"],"potions_floor_usage":[11,12],"damage_taken":[{"damage":14,"enemies":"Jaw Worm","floor":1,"turns":6},{"damage":7,"enemies":"Small Slimes","floor":5,"turns":4},{"damage":0,"enemies":"2 Louse","floor":10,"turns":3},{"damage":1,"enemies":"2 Fungi Beasts","floor":11,"turns":3},{"damage":54,"enemies":"Gremlin Nob","floor":12,"turns":5},{"damage":0,"enemies":"Exordium Thugs","floor":13,"turns":3},{"damage":44,"enemies":"The Guardian","floor":16,"turns":4}],"seed_played":"8116857477175802801","potions_obtained":[{"floor":1,"key":"GamblersBrew"},{"floor":10,"key":"SkillPotion"}],"is_trial":false,"path_per_floor":["M","?","$","?","M","R","$","R","T","M","M","E","M","?","R","B"],"character_chosen":"IRONCLAD","items_purchased":["True Grit","Pommel Strike"],"campfire_rested":1,"item_purchase_floors":[3,7],"current_hp_per_floor":[67,72,72,46,45,45,45,45,45,51,56,8,17,17,44,0],"gold":76,"neow_bonus":"TEN_PERCENT_HP_BONUS","is_prod":false,"is_daily":false,"chose_seed":false,"campfire_upgraded":2,"win_rate":0,"timestamp":1567825411,"path_taken":["M","?","$","?","M","R","$","R","T","M","M","E","M","?","R","BOSS"],"build_version":"2019-07-17","purchased_purges":0,"victory":false,"max_hp_per_floor":[82,87,87,87,87,87,87,87,87,87,87,87,90,90,90,90],"card_choices":[{"not_picked":["Seeing Red","Anger"],"picked":"Twin Strike","floor":1},{"not_picked":["Flex","Entrench"],"picked":"Infernal Blade","floor":5},{"not_picked":["Twin Strike","Carnage"],"picked":"Whirlwind","floor":10},{"not_picked":["Havoc","Fire Breathing","Body Slam"],"picked":"SKIP","floor":11},{"not_picked":["Flex","Reckless Charge"],"picked":"Feed","floor":12},{"not_picked":["Flex","Havoc"],"picked":"Corruption","floor":13}],"player_experience":461417,"relics_obtained":[{"floor":9,"key":"Juzu Bracelet"},{"floor":12,"key":"Bottled Lightning"}],"event_choices":[{"damage_healed":0,"gold_gain":0,"player_choice":"Donut","damage_taken":0,"max_hp_gain":5,"max_hp_loss":0,"event_name":"Big Fish","floor":2,"gold_loss":0},{"damage_healed":0,"gold_gain":0,"player_choice":"Entered Light","damage_taken":26,"max_hp_gain":0,"max_hp_loss":0,"event_name":"Shining Light","floor":4,"gold_loss":0,"cards_upgraded":["Strike_R","Strike_R"]},{"damage_healed":0,"gold_gain":0,"player_choice":"Left Gold","damage_taken":0,"max_hp_gain":0,"max_hp_loss":0,"event_name":"World of Goop","floor":14,"gold_loss":57}],"is_beta":false,"boss_relics":[],"items_purged_floors":[],"is_endless":false,"potions_floor_spawned":[1,10],"killed_by":"The Guardian","ascension_level":19}