{"gold_per_floor":[118,132,9,9,9,44,44,57,81,81,115,115,28,39,39,137,137,148,148,48,48,60,80,80,280,280,130,143,161,176,136,136,232,232,250,270,270,270,270,270,303,321,321,321,321],"floor_reached":45,"playtime":2169,"items_purged":["Strike_R","Strike_R","Strike_R"],"score":702,"play_id":"c082fb40-7e16-4ac0-9b48-6e23e5b6c8dc","local_time":"20190509190315","is_ascension_mode":true,"campfire_choices":[{"floor":7,"key":"REST"},{"data":"Rampage","floor":10,"key":"SMITH"},{"data":"Metallicize","floor":12,"key":"SMITH"},{"data":"Bash","floor":15,"key":"SMITH"},{"data":"Ghostly Armor","floor":24,"key":"SMITH"},{"floor":32,"key":"REST"},{"data":"True Grit","floor":40,"key":"SMITH"},{"data":"Iron Wave","floor":44,"key":"SMITH"}],"neow_cost":"NONE","seed_source_timestamp":18370309411300,"circlet_count":0,"master_deck":["AscendersBane","Strike_R","Defend_R","Defend_R","Defend_R","Defend_R","Bash+1","Headbutt","Metallicize+1","Rampage+1","Ghostly Armor+1","Iron Wave+1","Headbutt","Pommel Strike","True Grit+1","Power Through+1","Shrug It Off+1"],"relics":["Burning Blood","Regal Pillow","PreservedInsect","Bottled Tornado","Velvet Choker","Gremlin Horn","Pear","Runic Cube","Turnip","Pocketwatch"],"potions_floor_usage":[11,16,23,29,30,33,33,35,35,36,36,36,41,42],"damage_taken":[{"damage":6,"enemies":"Small Slimes","floor":1,"turns":4},{"damage":8,"enemies":"Jaw Worm","floor":2,"turns":4},{"damage":56,"enemies":"Lagavulin","floor":6,"turns":8},{"damage":0,"enemies":"2 Louse","floor":8,"turns":4},{"damage":30,"enemies":"3 Sentries","floor":11,"turns":9},{"damage":0,"enemies":"Blue Slaver","floor":14,"turns":4},{"damage":53,"enemies":"The Guardian","floor":16,"turns":12},{"damage":3,"enemies":"Shell Parasite","floor":18,"turns":5},{"damage":8,"enemies":"Chosen","floor":22,"turns":4},{"damage":3,"enemies":"3 Cultists","floor":23,"turns":6},{"damage":16,"enemies":"Cultist and Chosen","floor":28,"turns":5},{"damage":29,"enemies":"Snecko","floor":29,"turns":5},{"damage":22,"enemies":"3 Cultists","floor":30,"turns":6},{"damage":48,"enemies":"Automaton","floor":33,"turns":8},{"damage":15,"enemies":"3 Shapes","floor":35,"turns":5},{"damage":34,"enemies":"3 Darklings","floor":36,"turns":7},{"damage":21,"enemies":"Reptomancer","floor":41,"turns":7},{"damage":18,"enemies":"Sphere and 2 Shapes","floor":42,"turns":6},{"damage":82,"enemies":"Giant Head","floor":45,"turns":7}],"seed_played":"8301652472572640675","potions_obtained":[{"floor":6,"key":"SkillPotion"},{"floor":14,"key":"Regen Potion"},{"floor":16,"key":"AttackPotion"},{"floor":22,"key":"AttackPotion"},{"floor":28,"key":"Explosive Potion"},{"floor":31,"key":"PowerPotion"},{"floor":31,"key":"SkillPotion"},{"floor":31,"key":"EntropicBrew"},{"floor":33,"key":"EntropicBrew"},{"floor":41,"key":"AttackPotion"}],"is_trial":false,"path_per_floor":["M","M","$","?","?","E","R","M","T","R","E","R","$","M","R","B",null,"M","?","$","?","M","M","R","?","T","$","M","M","M","?","R","B",null,"M","M","?","?","?","R","E","M","T","R","E"],"character_chosen":"IRONCLAD","items_purchased":["Headbutt","Ghostly Armor","Iron Wave","True Grit"],"campfire_rested":2,"item_purchase_floors":[3,13,13,27],"current_hp_per_floor":[72,70,70,75,68,18,58,64,64,64,40,40,40,46,46,14,67,70,70,70,70,68,71,71,71,81,81,71,48,32,32,75,33,80,83,55,55,55,105,105,90,78,78,78,0],"gold":321,"neow_bonus":"ONE_RANDOM_RARE_CARD","is_prod":false,"is_daily":false,"chose_seed":false,"campfire_upgraded":6,"win_rate":0,"timestamp":1557442995,"path_taken":["M","M","$","?","?","E","R","M","T","R","E","R","$","M","R","BOSS","M","?","$","?","?","M","R","?","T","?","M","M","M","?","R","BOSS","M","M","?","?","?","R","E","?","T","R","E"],"build_version":"2019-01-23","purchased_purges":3,"victory":false,"max_hp_per_floor":[80,80,80,85,85,85,85,85,85,85,85,85,85,85,85,85,85,85,85,85,85,85,85,85,85,95,95,95,95,95,95,95,95,95,95,95,95,95,105,105,105,105,105,105,105],"card_choices":[{"not_picked":["Heavy Blade","Havoc","Feel No Pain"],"picked":"SKIP","floor":1},{"not_picked":["Second Wind","Hemokinesis","Heavy Blade"],"picked":"SKIP","floor":2},{"not_picked":["Clash","Feel No Pain"],"picked":"Metallicize","floor":6},{"not_picked":["Heavy Blade","Rage"],"picked":"Rampage","floor":8},{"not_picked":["Feel No Pain","Demon Form","Power Through"],"picked":"SKIP","floor":11},{"not_picked":["Pommel Strike","Heavy Blade","Disarm"],"picked":"SKIP","floor":14},{"not_picked":["Wild Strike","Sword Boomerang+1","Ghostly Armor"],"picked":"SKIP","floor":18},{"not_picked":["Cleave","Body Slam"],"picked":"Pommel Strike","floor":22},{"not_picked":["Metallicize","Sentinel","Sever Soul+1"],"picked":"SKIP","floor":23},{"not_picked":["Flex+1","Wild Strike+1","Heavy Blade"],"picked":"SKIP","floor":28},{"not_picked":["Wild Strike","Blood for Blood","Brutality"],"picked":"SKIP","floor":29},{"not_picked":["Anger","Second Wind+1","Spot Weakness"],"picked":"SKIP","floor":30},{"not_picked":["Havoc+1","Pommel Strike","Cleave+1"],"picked":"SKIP","floor":35},{"not_picked":["Armaments","Flex"],"picked":"Power Through+1","floor":36},{"not_picked":["Clothesline+1","Dual Wield+1","Heavy Blade"],"picked":"SKIP","floor":41},{"not_picked":["Clothesline+1","Sword Boomerang"],"picked":"Shrug It Off+1","floor":42}],"player_experience":222968,"relics_obtained":[{"floor":6,"key":"Regal Pillow"},{"floor":9,"key":"PreservedInsect"},{"floor":11,"key":"Bottled Tornado"},{"floor":26,"key":"Pear"},{"floor":41,"key":"Turnip"},{"floor":43,"key":"Pocketwatch"}],"event_choices":[{"damage_healed":0,"gold_gain":0,"player_choice":"Donut","damage_taken":0,"max_hp_gain":5,"max_hp_loss":0,"event_name":"Big Fish","floor":4,"gold_loss":0},{"cards_removed":["Strike_R"],"damage_healed":0,"gold_gain":0,"player_choice":"Card Removal","damage_taken":7,"max_hp_gain":0,"max_hp_loss":0,"event_name":"Golden Wing","floor":5,"gold_loss":0},{"damage_healed":0,"gold_gain":0,"player_choice":"Opened","damage_taken":0,"relics_obtained":["Gremlin Horn"],"max_hp_gain":0,"max_hp_loss":0,"event_name":"The Mausoleum","floor":19,"gold_loss":0},{"damage_healed":0,"gold_gain":0,"player_choice":"Copied","damage_taken":0,"max_hp_gain":0,"max_hp_loss":0,"event_name":"Duplicator","floor":21,"gold_loss":0,"cards_obtained":["Headbutt"]},{"damage_healed":0,"gold_gain":200,"player_choice":"Gold","damage_taken":0,"max_hp_gain":0,"max_hp_loss":0,"event_name":"Wheel of Change","floor":25,"gold_loss":0},{"damage_healed":0,"gold_gain":0,"player_choice":"Bought 3 Potions","damage_taken":0,"max_hp_gain":0,"max_hp_loss":0,"event_name":"The Woman in Blue","floor":31,"gold_loss":0},{"damage_healed":0,"gold_gain":0,"player_choice":"Memory 1","damage_taken":0,"max_hp_gain":0,"max_hp_loss":0,"event_name":"SensoryStone","floor":37,"gold_loss":0},{"damage_healed":0,"gold_gain":0,"player_choice":"Ignored","damage_taken":0,"max_hp_gain":0,"max_hp_loss":0,"event_name":"Mysterious Sphere","floor":38,"gold_loss":0},{"cards_removed":["Brutality"],"damage_healed":40,"gold_gain":0,"player_choice":"Offered Rare","damage_taken":0,"max_hp_gain":10,"max_hp_loss":0,"event_name":"Bonfire Elementals","floor":39,"gold_loss":0}],"is_beta":false,"boss_relics":[{"not_picked":["Tiny House","Runic Pyramid"],"picked":"Velvet Choker"},{"not_picked":["Calling Bell","Coffee Dripper"],"picked":"Runic Cube"}],"items_purged_floors":[3,20,27],"is_endless":false,"potions_floor_spawned":[6,14,16,22,28,33,41],"killed_by":"Giant Head","ascension_level":10}