{"gold_per_floor":[112,125,2,18,35,64,76,76,76,76,92,92,47,63,63,168,168,178,78,78,95,95,127,127,140,140,159,159,159,171,111,111,216,216,228,15,30,48,66,66,86,86,113,37,37,37,49,49,49,49],"floor_reached":50,"playtime":2511,"items_purged":["Strike_G","Strike_G"],"score":491,"play_id":"82cd4c24-9bb1-42ef-b26e-905816536a41","local_time":"20190831194933","is_ascension_mode":false,"campfire_choices":[{"data":"Neutralize","floor":10,"key":"SMITH"},{"data":"Dagger Spray","floor":12,"key":"SMITH"},{"data":"Footwork","floor":15,"key":"SMITH"},{"floor":24,"key":"REST"},{"floor":28,"key":"REST"},{"floor":32,"key":"REST"},{"floor":40,"key":"REST"},{"floor":49,"key":"REST"}],"neow_cost":"NONE","seed_source_timestamp":1540899656393954,"circlet_count":0,"master_deck":["Defend_G","Defend_G","Defend_G","Defend_G","Defend_G","Survivor","Neutralize+1","Dagger Spray+1","Footwork+1","Poisoned Stab","Backstab","Backflip","Corpse Explosion","Caltrops","Backflip","Deflect","Leg Sweep","Wraith Form v2","Terror+1","Die Die Die","Heel Hook+1","Setup+1","Blur+1","Prepared+1","Tools of the Trade","Prepared+1","Burst","Caltrops","Deflect","Adrenaline"],"relics":["Ring of the Snake","Bag of Marbles","Question Card","Lizard Tail","Gremlin Horn","Shuriken","Fusion Hammer","Blood Vial","FossilizedHelix"],"potions_floor_usage":[6,23,50],"damage_taken":[{"damage":0,"enemies":"Jaw Worm","floor":1,"turns":5},{"damage":0,"enemies":"2 Louse","floor":2,"turns":3},{"damage":2,"enemies":"Small Slimes","floor":4,"turns":3},{"damage":0,"enemies":"Looter","floor":5,"turns":4},{"damage":17,"enemies":"3 Sentries","floor":6,"turns":8},{"damage":0,"enemies":"Blue Slaver","floor":7,"turns":2},{"damage":1,"enemies":"Lots of Slimes","floor":11,"turns":2},{"damage":0,"enemies":"3 Louse","floor":14,"turns":1},{"damage":40,"enemies":"Hexaghost","floor":16,"turns":14},{"damage":6,"enemies":"Shell Parasite","floor":18,"turns":8},{"damage":4,"enemies":"2 Thieves","floor":21,"turns":4},{"damage":47,"enemies":"Gremlin Leader","floor":23,"turns":7},{"damage":10,"enemies":"Centurion and Healer","floor":25,"turns":6},{"damage":14,"enemies":"Shelled Parasite and Fungi","floor":27,"turns":6},{"damage":6,"enemies":"Chosen and Byrds","floor":30,"turns":9},{"damage":22,"enemies":"Automaton","floor":33,"turns":12},{"damage":7,"enemies":"3 Shapes","floor":35,"turns":4},{"damage":3,"enemies":"3 Darklings","floor":37,"turns":3},{"damage":13,"enemies":"Sphere and 2 Shapes","floor":38,"turns":4},{"damage":22,"enemies":"Transient","floor":39,"turns":5},{"damage":8,"enemies":"3 Darklings","floor":41,"turns":2},{"damage":7,"enemies":"4 Shapes","floor":47,"turns":1},{"damage":109,"enemies":"Donu and Deca","floor":50,"turns":14}],"seed_played":"7243720670882624071","potions_obtained":[{"floor":2,"key":"SteroidPotion"},{"floor":5,"key":"Fire Potion"},{"floor":7,"key":"Swift Potion"},{"floor":16,"key":"EssenceOfSteel"},{"floor":27,"key":"Dexterity Potion"},{"floor":30,"key":"SmokeBomb"}],"is_trial":false,"path_per_floor":["M","M","$","M","M","E","M","?","T","R","M","R","$","M","R","B",null,"M","$","?","M","$","E","R","M","T","M","R","?","M","?","R","B",null,"M","$","M","M","M","R","M","?","T","$","?","?","M","T","R","B"],"character_chosen":"THE_SILENT","items_purchased":["Poisoned Stab","Deflect","Burst","Caltrops","Adrenaline"],"campfire_rested":5,"item_purchase_floors":[3,13,36,36,44],"current_hp_per_floor":[77,77,77,75,75,58,58,58,58,58,57,57,57,57,57,17,77,71,71,71,67,67,20,43,33,33,19,42,42,36,36,59,37,77,70,70,67,54,32,55,47,47,47,47,47,47,42,42,63,0],"gold":49,"neow_bonus":"TEN_PERCENT_HP_BONUS","is_prod":false,"is_daily":false,"chose_seed":false,"campfire_upgraded":3,"win_rate":0,"timestamp":1567273773,"path_taken":["M","M","$","M","M","E","M","?","T","R","M","R","$","M","R","BOSS","M","$","?","M","$","E","R","M","T","M","R","?","M","?","R","BOSS","M","$","?","M","M","R","M","?","T","$","?","?","M","?","R","BOSS"],"build_version":"2019-07-17","purchased_purges":2,"victory":false,"max_hp_per_floor":[77,77,77,77,77,77,77,77,77,77,77,77,77,77,77,77,77,77,77,77,77,77,77,77,77,77,77,77,77,77,77,77,77,77,77,77,77,77,77,77,77,77,77,77,73,73,73,73,73,73],"card_choices":[{"not_picked":["Blur","Flying Knee"],"picked":"Dagger Spray","floor":1},{"not_picked":["Skewer","Quick Slash"],"picked":"Footwork","floor":2},{"not_picked":["Dagger Spray","Deflect"],"picked":"Backstab","floor":4},{"not_picked":["Skewer","Poisoned Stab"],"picked":"Backflip","floor":5},{"not_picked":["Bane","Slice"],"picked":"Corpse Explosion","floor":6},{"not_picked":["Dagger Spray","Dagger Throw"],"picked":"Caltrops","floor":7},{"not_picked":["Dagger Spray","Deadly Poison","Flying Knee"],"picked":"Backflip","floor":11},{"not_picked":["Acrobatics","Underhanded Strike","Poisoned Stab"],"picked":"Leg Sweep","floor":14},{"not_picked":["Storm of Steel","Phantasmal Killer","A Thousand Cuts"],"picked":"Wraith Form v2","floor":16},{"not_picked":["Backflip","Bane","PiercingWail"],"picked":"Terror+1","floor":18},{"not_picked":["Expertise","Outmaneuver+1","Backflip"],"picked":"Heel Hook+1","floor":21},{"not_picked":["Slice+1","Outmaneuver+1","Bullet Time"],"picked":"Setup+1","floor":23},{"not_picked":["Deadly Poison","Underhanded Strike+1","PiercingWail"],"picked":"Blur+1","floor":25},{"not_picked":["Flechettes","Predator","Outmaneuver"],"picked":"Prepared+1","floor":27},{"not_picked":["Dagger Throw","Cloak And Dagger","Slice","Finisher"],"picked":"SKIP","floor":30},{"not_picked":["A Thousand Cuts","Envenom","Bullet Time"],"picked":"Tools of the Trade","floor":33},{"not_picked":["Bane","Cloak And Dagger","Underhanded Strike+1"],"picked":"Prepared+1","floor":35},{"not_picked":["Dagger Spray+1","Eviscerate+1","Prepared+1"],"picked":"Deflect","floor":37},{"not_picked":["Endless Agony+1","Dodge and Roll+1","Wraith Form v2","PiercingWail"],"picked":"SKIP","floor":38},{"not_picked":["Underhanded Strike","Flying Knee+1","PiercingWail+1","Prepared+1"],"picked":"SKIP","floor":39},{"not_picked":["Backflip+1","Acrobatics","Flying Knee+1","Outmaneuver"],"picked":"SKIP","floor":41},{"not_picked":["Concentrate+1","Expertise+1","Slice","Caltrops"],"picked":"SKIP","floor":47}],"player_experience":111890,"relics_obtained":[{"floor":6,"key":"Bag of Marbles"},{"floor":9,"key":"Question Card"},{"floor":23,"key":"Gremlin Horn"},{"floor":26,"key":"Shuriken"},{"floor":43,"key":"Blood Vial"},{"floor":48,"key":"FossilizedHelix"}],"event_choices":[{"damage_healed":0,"gold_gain":0,"player_choice":"Ignored","damage_taken":0,"max_hp_gain":0,"max_hp_loss":0,"event_name":"Liars Game","floor":8,"gold_loss":0},{"damage_healed":0,"gold_gain":0,"cards_transformed":["Strike_G","Strike_G"],"player_choice":"Became Test Subject","damage_taken":0,"max_hp_gain":0,"max_hp_loss":0,"event_name":"Drug Dealer","floor":20,"gold_loss":0,"cards_obtained":["Die Die Die","Accuracy"]},{"damage_healed":0,"gold_gain":0,"player_choice":"Ignored","damage_taken":0,"max_hp_gain":0,"max_hp_loss":0,"event_name":"Cursed Tome","floor":29,"gold_loss":0},{"cards_removed":["Accuracy"],"damage_healed":0,"gold_gain":0,"player_choice":"Single Remove","damage_taken":0,"max_hp_gain":0,"max_hp_loss":0,"event_name":"Designer","floor":31,"gold_loss":60},{"damage_healed":0,"gold_gain":0,"player_choice":"Ignored","damage_taken":0,"max_hp_gain":0,"max_hp_loss":0,"event_name":"Tomb of Lord Red Mask","floor":42,"gold_loss":0},{"damage_healed":0,"gold_gain":0,"player_choice":"Max HP","damage_taken":0,"max_hp_gain":0,"max_hp_loss":4,"event_name":"Winding Halls","floor":45,"gold_loss":0},{"cards_removed":["Strike_G"],"damage_healed":0,"gold_gain":0,"player_choice":"Removed Attack","damage_taken":0,"max_hp_gain":0,"max_hp_loss":0,"event_name":"Falling","floor":46,"gold_loss":0}],"is_beta":false,"boss_relics":[{"not_picked":["Orrery","Philosopher\u0027s Stone"],"picked":"Lizard Tail"},{"not_picked":["Runic Pyramid","HoveringKite"],"picked":"Fusion Hammer"}],"items_purged_floors":[3,19],"is_endless":false,"potions_floor_spawned":[2,5,7,16,27,30,33,35,39,47],"killed_by":"Donu and Deca","ascension_level":0}