{"gold_per_floor":[217,237,138,138,38,38,52,52,52,52,67,93,112,123,123,226,226,237,254,267,9,24,24,34,34,34,34,60,60,74,89,89,89],"floor_reached":33,"playtime":1420,"items_purged":["Strike_R","Strike_R"],"score":420,"play_id":"00aedb59-8e3b-4cf2-9303-b007de3ad149","local_time":"20190510190816","is_ascension_mode":true,"campfire_choices":[{"data":"Spot Weakness","floor":6,"key":"SMITH"},{"data":"Inflame","floor":8,"key":"SMITH"},{"data":"Heavy Blade","floor":15,"key":"SMITH"},{"data":"Whirlwind","floor":23,"key":"SMITH"},{"data":"Sword Boomerang","floor":25,"key":"SMITH"},{"floor":29,"key":"REST"},{"floor":32,"key":"REST"}],"neow_cost":"NONE","seed_source_timestamp":30842335765000,"circlet_count":0,"master_deck":["AscendersBane","Strike_R+1","Defend_R+1","Defend_R+1","Defend_R","Bash+1","Inflame+1","Spot Weakness+1","Twin Strike","Shrug It Off+1","Sword Boomerang+1","Heavy Blade+1","Sword Boomerang","Dropkick+1","Infernal Blade+1","Warcry+1","Whirlwind+1","Shrug It Off","True Grit+1"],"relics":["Burning Blood","Strawberry","War Paint","Astrolabe","Bottled Flame","Question Card","Peace Pipe"],"potions_floor_usage":[18,28,28,33],"damage_taken":[{"damage":13,"enemies":"Jaw Worm","floor":1,"turns":4},{"damage":6,"enemies":"2 Louse","floor":2,"turns":4},{"damage":1,"enemies":"Cultist","floor":7,"turns":3},{"damage":0,"enemies":"2 Fungi Beasts","floor":11,"turns":4},{"damage":19,"enemies":"Lagavulin","floor":12,"turns":5},{"damage":3,"enemies":"Blue Slaver","floor":13,"turns":3},{"damage":4,"enemies":"3 Louse","floor":14,"turns":3},{"damage":8,"enemies":"The Guardian","floor":16,"turns":6},{"damage":3,"enemies":"Spheric Guardian","floor":18,"turns":3},{"damage":0,"enemies":"Chosen","floor":19,"turns":3},{"damage":0,"enemies":"Centurion and Healer","floor":20,"turns":4},{"damage":34,"enemies":"Shelled Parasite and Fungi","floor":22,"turns":5},{"damage":0,"enemies":"Snecko","floor":24,"turns":3},{"damage":61,"enemies":"Book of Stabbing","floor":28,"turns":5},{"damage":16,"enemies":"Sentry and Sphere","floor":30,"turns":4},{"damage":5,"enemies":"3 Cultists","floor":31,"turns":4},{"damage":85,"enemies":"Collector","floor":33,"turns":7}],"seed_played":"-1968732283656256797","potions_obtained":[{"floor":1,"key":"Energy Potion"},{"floor":2,"key":"Strength Potion"},{"floor":16,"key":"Regen Potion"},{"floor":18,"key":"EssenceOfSteel"},{"floor":28,"key":"Energy Potion"}],"is_trial":false,"path_per_floor":["M","M","$","?","$","R","M","R","T","?","M","E","M","M","R","B",null,"M","M","M","$","M","R","M","R","T","?","E","R","M","M","R","B"],"character_chosen":"IRONCLAD","items_purchased":["Twin Strike","Bottled Flame"],"campfire_rested":2,"item_purchase_floors":[3,21],"current_hp_per_floor":[65,65,65,65,65,65,70,70,77,60,66,53,56,58,58,56,79,82,87,87,87,59,59,65,65,65,65,24,50,40,41,67,0],"gold":89,"neow_bonus":"HUNDRED_GOLD","is_prod":false,"is_daily":false,"chose_seed":false,"campfire_upgraded":5,"win_rate":0,"timestamp":1557529696,"path_taken":["M","M","$","?","$","R","M","R","T","?","M","E","M","M","R","BOSS","M","M","M","$","M","R","M","R","T","?","E","R","?","M","R","BOSS"],"build_version":"2019-01-23","purchased_purges":2,"victory":false,"max_hp_per_floor":[80,80,80,80,80,80,80,80,87,87,87,87,87,87,87,87,87,87,87,87,87,87,87,87,87,87,87,87,87,87,87,87,87],"card_choices":[{"not_picked":["Fire Breathing","Headbutt"],"picked":"Inflame","floor":1},{"not_picked":["Sword Boomerang","Clothesline"],"picked":"Spot Weakness","floor":2},{"not_picked":["Rupture","Sever Soul"],"picked":"Shrug It Off","floor":7},{"not_picked":["Flex","Armaments"],"picked":"Sword Boomerang","floor":11},{"not_picked":["Clothesline","Burning Pact"],"picked":"Heavy Blade","floor":12},{"not_picked":["Iron Wave","Thunderclap","Bludgeon"],"picked":"SKIP","floor":13},{"not_picked":["Searing Blow","Intimidate"],"picked":"Sword Boomerang","floor":14},{"not_picked":["Battle Trance","Shrug It Off"],"picked":"Whirlwind","floor":18},{"not_picked":["Iron Wave","Intimidate","Clash"],"picked":"SKIP","floor":19},{"not_picked":["Warcry+1","Seeing Red+1","Clash"],"picked":"SKIP","floor":20},{"not_picked":["Feel No Pain","Fire Breathing","Reckless Charge"],"picked":"SKIP","floor":22},{"not_picked":["Headbutt","Battle Trance","Thunderclap"],"picked":"SKIP","floor":24},{"not_picked":["Carnage","Hemokinesis","Havoc"],"picked":"Shrug It Off","floor":28},{"not_picked":["Clothesline","Flex","Fiend Fire"],"picked":"True Grit+1","floor":30},{"not_picked":["Cleave","Armaments","Sword Boomerang+1","Searing Blow+1"],"picked":"SKIP","floor":31}],"player_experience":248211,"relics_obtained":[{"floor":9,"key":"Strawberry"},{"floor":12,"key":"War Paint"},{"floor":26,"key":"Question Card"},{"floor":28,"key":"Peace Pipe"}],"event_choices":[{"damage_healed":0,"gold_gain":0,"player_choice":"Grow","damage_taken":0,"max_hp_gain":0,"max_hp_loss":0,"event_name":"Living Wall","floor":4,"gold_loss":0,"cards_upgraded":["Bash"]},{"damage_healed":0,"gold_gain":0,"player_choice":"Entered Light","damage_taken":17,"max_hp_gain":0,"max_hp_loss":0,"event_name":"Shining Light","floor":10,"gold_loss":0,"cards_upgraded":["Strike_R","Defend_R"]},{"damage_healed":0,"gold_gain":0,"player_choice":"0 cards matched","damage_taken":0,"max_hp_gain":0,"max_hp_loss":0,"event_name":"Match and Keep!","floor":27,"gold_loss":0,"cards_obtained":[]}],"is_beta":false,"boss_relics":[{"not_picked":["Pandora\u0027s Box","Eternal Feather"],"picked":"Astrolabe"}],"items_purged_floors":[3,5],"is_endless":false,"potions_floor_spawned":[1,2,16,18,19,28],"killed_by":"Collector","ascension_level":11}