{"gold_per_floor":[18,31,31,131,149,149,175,190,190,190,202,202,222,281,281,385,385,405,440,440,425,443,443,78,95,95,109,109,120,20,20,20,116,116,135,135,150,25,45,65,65,82,82,94,119,131,155,389,401,413],"floor_reached":51,"playtime":3109,"items_purged":["Strike_R","Strike_R","Strike_R"],"score":889,"play_id":"cab97f38-ff24-4665-8fdd-b2c9aafd8f7f","local_time":"20190414013435","is_ascension_mode":true,"campfire_choices":[{"floor":10,"key":"REST"},{"data":"Shrug It Off","floor":12,"key":"SMITH"},{"data":"Bash","floor":15,"key":"SMITH"},{"floor":23,"key":"REST"},{"data":"Pummel","floor":28,"key":"SMITH"},{"floor":32,"key":"REST"},{"floor":44,"key":"REST"},{"floor":49,"key":"REST"}],"neow_cost":"NO_GOLD","seed_source_timestamp":5672520052500,"circlet_count":0,"master_deck":["Strike_R","Strike_R+1","Defend_R+1","Defend_R","Defend_R","Defend_R+1","Bash+1","Seeing Red","Rage+1","Flash of Steel","Clothesline","Disarm","Shrug It Off+1","Ghostly Armor","Offering","Pummel+1","Evolve","Sword Boomerang","Flex","Shrug It Off","Shrug It Off+1","Cleave+1","Battle Trance","Immolate","Wild Strike+1","Shrug It Off+1","Body Slam","Flame Barrier+1","Pommel Strike+1","Iron Wave","Inflame"],"relics":["Burning Blood","Ginger","War Paint","Mercury Hourglass","Mark of Pain","Red Mask","Gremlin Horn","Blue Candle","Fusion Hammer","MawBank"],"potions_floor_usage":[16,16,19,21,22,22,27,33,39,45,50,50,50,50,50],"damage_taken":[{"damage":14,"enemies":"Jaw Worm","floor":1,"turns":5},{"damage":9,"enemies":"Cultist","floor":2,"turns":5},{"damage":0,"enemies":"Small Slimes","floor":5,"turns":3},{"damage":36,"enemies":"3 Sentries","floor":7,"turns":9},{"damage":6,"enemies":"3 Louse","floor":8,"turns":4},{"damage":5,"enemies":"Large Slime","floor":11,"turns":5},{"damage":0,"enemies":"Red Slaver","floor":13,"turns":4},{"damage":21,"enemies":"Hexaghost","floor":16,"turns":12},{"damage":25,"enemies":"3 Byrds","floor":18,"turns":7},{"damage":11,"enemies":"Masked Bandits","floor":19,"turns":5},{"damage":11,"enemies":"2 Thieves","floor":21,"turns":4},{"damage":15,"enemies":"Centurion and Healer","floor":22,"turns":9},{"damage":6,"enemies":"Snecko","floor":25,"turns":7},{"damage":9,"enemies":"Cultist and Chosen","floor":27,"turns":8},{"damage":6,"enemies":"Centurion and Healer","floor":29,"turns":5},{"damage":30,"enemies":"Collector","floor":33,"turns":12},{"damage":0,"enemies":"3 Darklings","floor":35,"turns":5},{"damage":0,"enemies":"3 Shapes","floor":37,"turns":2},{"damage":6,"enemies":"Jaw Worm Horde","floor":39,"turns":4},{"damage":25,"enemies":"Maw","floor":40,"turns":7},{"damage":2,"enemies":"Sphere and 2 Shapes","floor":42,"turns":4},{"damage":6,"enemies":"3 Darklings","floor":45,"turns":4},{"damage":7,"enemies":"Maw","floor":47,"turns":8},{"damage":42,"enemies":"Time Eater","floor":50,"turns":9}],"seed_played":"3810783092702493708","potions_obtained":[{"floor":2,"key":"BloodPotion"},{"floor":11,"key":"Block Potion"},{"floor":13,"key":"Block Potion"},{"floor":16,"key":"AttackPotion"},{"floor":18,"key":"LiquidBronze"},{"floor":19,"key":"Dexterity Potion"},{"floor":21,"key":"Weak Potion"},{"floor":25,"key":"SkillPotion"},{"floor":35,"key":"Dexterity Potion"},{"floor":36,"key":"EntropicBrew"},{"floor":36,"key":"Swift Potion"},{"floor":42,"key":"Block Potion"},{"floor":47,"key":"PowerPotion"}],"is_trial":false,"path_per_floor":["M","M","?","?","M","?","E","M","T","R","M","R","M","?","R","B",null,"M","?","?","M","M","R","$","M","T","M","R","M","$","?","R","B",null,"M","?","M","$","M","M","$","M","T","R","M","?","M","?","R","B",null],"character_chosen":"IRONCLAD","items_purchased":["Gremlin Horn","Shrug It Off"],"campfire_rested":5,"item_purchase_floors":[24,24],"current_hp_per_floor":[64,61,45,45,51,51,21,21,21,45,46,46,52,52,52,37,69,50,45,30,33,24,49,49,49,49,46,46,46,46,38,63,39,74,80,80,85,85,85,66,66,70,70,85,85,85,84,84,85,49],"gold":425,"neow_bonus":"ONE_RARE_RELIC","is_prod":false,"is_daily":false,"chose_seed":false,"campfire_upgraded":3,"win_rate":0,"timestamp":1555220075,"path_taken":["M","M","?","?","?","?","E","M","T","R","M","R","?","?","R","BOSS","M","?","?","M","M","R","$","M","T","M","R","M","$","?","R","BOSS","M","?","?","$","M","M","$","M","T","R","M","?","?","?","R","BOSS"],"build_version":"2019-01-23","purchased_purges":3,"victory":true,"max_hp_per_floor":[80,80,80,80,80,80,80,80,80,80,80,80,80,80,80,80,80,80,80,85,85,85,85,85,85,85,85,85,85,85,85,85,85,85,85,85,85,85,85,85,85,85,85,85,85,85,85,85,85,85],"card_choices":[{"not_picked":["Clothesline","Thunderclap","Feel No Pain"],"picked":"SKIP","floor":1},{"not_picked":["Armaments","Sword Boomerang"],"picked":"Seeing Red","floor":2},{"not_picked":["Corruption","Searing Blow"],"picked":"Rage","floor":5},{"not_picked":["Rupture","Blood for Blood"],"picked":"Disarm","floor":7},{"not_picked":["Blood for Blood","Havoc","Clothesline"],"picked":"SKIP","floor":8},{"not_picked":["Havoc","Battle Trance"],"picked":"Shrug It Off","floor":11},{"not_picked":["Armaments","Body Slam"],"picked":"Ghostly Armor","floor":13},{"not_picked":["Brutality","Impervious"],"picked":"Offering","floor":16},{"not_picked":["Twin Strike","Corruption"],"picked":"Pummel","floor":18},{"not_picked":["Clash","Fire Breathing"],"picked":"Evolve","floor":19},{"not_picked":["Clothesline","Impervious"],"picked":"Sword Boomerang","floor":21},{"not_picked":["Rupture+1","Armaments"],"picked":"Flex","floor":22},{"not_picked":["Anger+1","Clothesline+1"],"picked":"Shrug It Off+1","floor":25},{"not_picked":["Burning Pact+1","Dual Wield"],"picked":"Cleave+1","floor":27},{"not_picked":["Sentinel","Twin Strike"],"picked":"Battle Trance","floor":29},{"not_picked":["Barricade","Bludgeon"],"picked":"Immolate","floor":33},{"not_picked":["Headbutt","Combust"],"picked":"Wild Strike+1","floor":35},{"not_picked":["Warcry+1","Armaments"],"picked":"Shrug It Off+1","floor":37},{"not_picked":["Anger","Searing Blow+1"],"picked":"Body Slam","floor":39},{"not_picked":["Clash","Pummel+1"],"picked":"Flame Barrier+1","floor":40},{"not_picked":["Combust+1","Sever Soul+1"],"picked":"Pommel Strike+1","floor":42},{"not_picked":["Rupture+1","Clothesline+1"],"picked":"Iron Wave","floor":45},{"not_picked":["Offering","Pommel Strike+1"],"picked":"Inflame","floor":47}],"player_experience":125476,"relics_obtained":[{"floor":7,"key":"War Paint"},{"floor":9,"key":"Mercury Hourglass"},{"floor":19,"key":"Red Mask"},{"floor":26,"key":"Blue Candle"},{"floor":43,"key":"MawBank"}],"event_choices":[{"damage_healed":0,"gold_gain":0,"player_choice":"Entered Light","damage_taken":16,"max_hp_gain":0,"max_hp_loss":0,"event_name":"Shining Light","floor":3,"gold_loss":0,"cards_upgraded":["Strike_R","Defend_R"]},{"damage_healed":0,"gold_gain":100,"player_choice":"Pray","damage_taken":0,"max_hp_gain":0,"max_hp_loss":0,"event_name":"Golden Shrine","floor":4,"gold_loss":0},{"damage_healed":0,"gold_gain":0,"player_choice":"2 cards matched","damage_taken":0,"max_hp_gain":0,"max_hp_loss":0,"event_name":"Match and Keep!","floor":6,"gold_loss":0,"cards_obtained":["Flash of Steel","Clothesline"]},{"damage_healed":0,"gold_gain":59,"player_choice":"Gained Gold","damage_taken":0,"max_hp_gain":0,"max_hp_loss":0,"event_name":"Golden Wing","floor":14,"gold_loss":0},{"damage_healed":0,"gold_gain":0,"player_choice":"Fought Bandits","damage_taken":0,"max_hp_gain":0,"max_hp_loss":0,"event_name":"Masked Bandits","floor":19,"gold_loss":0},{"damage_healed":0,"gold_gain":0,"player_choice":"Shed Blood","damage_taken":20,"max_hp_gain":5,"max_hp_loss":0,"event_name":"Forgotten Altar","floor":20,"gold_loss":0},{"damage_healed":0,"gold_gain":0,"player_choice":"Damaged","damage_taken":8,"max_hp_gain":0,"max_hp_loss":0,"event_name":"Wheel of Change","floor":31,"gold_loss":0},{"damage_healed":0,"gold_gain":0,"player_choice":"Got Potions","damage_taken":0,"max_hp_gain":0,"max_hp_loss":0,"event_name":"Lab","floor":36,"gold_loss":0},{"damage_healed":0,"gold_gain":0,"player_choice":"Ignored","damage_taken":0,"max_hp_gain":0,"max_hp_loss":0,"event_name":"Duplicator","floor":46,"gold_loss":0},{"damage_healed":0,"gold_gain":222,"player_choice":"Wore Mask","damage_taken":0,"max_hp_gain":0,"max_hp_loss":0,"event_name":"Tomb of Lord Red Mask","floor":48,"gold_loss":0}],"is_beta":false,"boss_relics":[{"not_picked":["Velvet Choker","Snecko Eye"],"picked":"Mark of Pain"},{"not_picked":["Philosopher\u0027s Stone","Runic Dome"],"picked":"Fusion Hammer"}],"items_purged_floors":[24,30,38],"is_endless":false,"potions_floor_spawned":[2,11,13,16,18,19,21,25,35,37,42,47],"ascension_level":7}