{"gold_per_floor":[116,126,142,156,156,186,206,206,206,238,250,250,76,86,86,187,187,201,17,17,37,15,15,35,35,35,55,66,84,84,99,99,99],"floor_reached":33,"playtime":1976,"items_purged":["Strike_R","Strike_R"],"score":395,"play_id":"8584d83a-d9c5-4f98-8968-7201d65f59be","local_time":"20190506201316","is_ascension_mode":true,"campfire_choices":[{"data":"Bash","floor":8,"key":"SMITH"},{"data":"Battle Trance","floor":15,"key":"SMITH"},{"data":"Iron Wave","floor":23,"key":"SMITH"},{"data":"Whirlwind","floor":30,"key":"SMITH"},{"data":"Ghostly Armor","floor":32,"key":"SMITH"}],"neow_cost":"NONE","seed_source_timestamp":43766325819400,"circlet_count":0,"master_deck":["AscendersBane","Strike_R","Strike_R","Defend_R+1","Defend_R","Defend_R","Defend_R+1","Bash+1","Inflame","Battle Trance+1","Ghostly Armor+1","Pommel Strike","Iron Wave+1","Seeing Red+1","True Grit+1","Flame Barrier+1","Reaper","Inflame","Flash of Steel","Sword Boomerang","Shrug It Off+1","Searing Blow","Whirlwind+1","Twin Strike"],"relics":["Burning Blood","Lantern","Anchor","Regal Pillow","War Paint","Toxic Egg 2","White Beast Statue","Mummified Hand"],"potions_floor_usage":[6,18,21,24,29,33,33,33],"damage_taken":[{"damage":3,"enemies":"2 Louse","floor":1,"turns":3},{"damage":4,"enemies":"Jaw Worm","floor":2,"turns":3},{"damage":1,"enemies":"Cultist","floor":3,"turns":3},{"damage":14,"enemies":"Exordium Wildlife","floor":4,"turns":4},{"damage":25,"enemies":"3 Sentries","floor":6,"turns":10},{"damage":0,"enemies":"Red Slaver","floor":7,"turns":3},{"damage":19,"enemies":"Gremlin Nob","floor":10,"turns":4},{"damage":0,"enemies":"Blue Slaver","floor":11,"turns":3},{"damage":0,"enemies":"3 Louse","floor":14,"turns":4},{"damage":36,"enemies":"Hexaghost","floor":16,"turns":14},{"damage":25,"enemies":"Spheric Guardian","floor":18,"turns":8},{"damage":4,"enemies":"Shell Parasite","floor":21,"turns":4},{"damage":19,"enemies":"Cultist and Chosen","floor":24,"turns":8},{"damage":9,"enemies":"Snake Plant","floor":27,"turns":3},{"damage":1,"enemies":"Snecko","floor":28,"turns":3},{"damage":25,"enemies":"3 Cultists","floor":29,"turns":5},{"damage":0,"enemies":"Centurion and Healer","floor":31,"turns":4},{"damage":111,"enemies":"Champ","floor":33,"turns":12}],"seed_played":"5340066399584606616","potions_obtained":[{"floor":1,"key":"Swift Potion"},{"floor":10,"key":"SpeedPotion"},{"floor":16,"key":"PowerPotion"},{"floor":18,"key":"Dexterity Potion"},{"floor":21,"key":"SkillPotion"},{"floor":24,"key":"Strength Potion"},{"floor":27,"key":"Poison Potion"},{"floor":29,"key":"Energy Potion"},{"floor":31,"key":"AttackPotion"}],"is_trial":false,"path_per_floor":["M","M","M","M","?","E","M","R","T","E","M","?","$","M","R","B",null,"M","$","?","M","$","R","M","?","T","M","M","M","R","M","R","B"],"character_chosen":"IRONCLAD","items_purchased":["True Grit+1","Flame Barrier+1","Flash of Steel","Sword Boomerang"],"campfire_rested":0,"item_purchase_floors":[13,13,19,22],"current_hp_per_floor":[75,77,80,72,65,46,52,52,52,39,45,50,50,56,56,26,70,51,51,51,67,67,67,54,54,54,51,62,63,63,84,84,0],"gold":99,"neow_bonus":"RANDOM_COMMON_RELIC","is_prod":false,"is_daily":false,"chose_seed":false,"campfire_upgraded":5,"win_rate":0,"timestamp":1557187996,"path_taken":["M","M","M","M","?","E","M","R","T","E","M","?","$","M","R","BOSS","M","$","?","M","$","R","M","?","T","M","M","M","R","?","R","BOSS"],"build_version":"2019-01-23","purchased_purges":2,"victory":false,"max_hp_per_floor":[80,80,80,80,80,80,80,80,80,80,80,85,85,85,85,85,85,85,85,85,85,85,85,85,85,85,85,85,85,85,85,85,85],"card_choices":[{"not_picked":["Anger","Thunderclap"],"picked":"Inflame","floor":1},{"not_picked":["Body Slam","Anger"],"picked":"Battle Trance","floor":2},{"not_picked":["Sword Boomerang","Twin Strike"],"picked":"Ghostly Armor","floor":3},{"not_picked":["Reckless Charge","Armaments"],"picked":"Pommel Strike","floor":4},{"not_picked":["Body Slam","Heavy Blade","Brutality"],"picked":"SKIP","floor":6},{"not_picked":["Sword Boomerang","Perfected Strike"],"picked":"Iron Wave","floor":7},{"not_picked":["Feel No Pain","Offering","Exhume"],"picked":"SKIP","floor":10},{"not_picked":["Hemokinesis","Cleave"],"picked":"Seeing Red+1","floor":11},{"not_picked":["Anger","Burning Pact+1","Thunderclap"],"picked":"SKIP","floor":14},{"not_picked":["Limit Break+1","Brutality"],"picked":"Reaper","floor":16},{"not_picked":["Pommel Strike","Headbutt"],"picked":"Inflame","floor":18},{"not_picked":["Bloodletting+1","Sword Boomerang","Reckless Charge+1"],"picked":"SKIP","floor":21},{"not_picked":["Wild Strike","Feel No Pain"],"picked":"Shrug It Off+1","floor":24},{"not_picked":["Infernal Blade+1","Metallicize"],"picked":"Whirlwind","floor":27},{"not_picked":["Corruption","Body Slam+1"],"picked":"Twin Strike","floor":28},{"not_picked":["Seeing Red+1","Berserk","Warcry+1"],"picked":"SKIP","floor":29},{"not_picked":["Burning Pact+1","Armaments+1","Pommel Strike"],"picked":"SKIP","floor":31}],"player_experience":206547,"relics_obtained":[{"floor":6,"key":"Regal Pillow"},{"floor":9,"key":"War Paint"},{"floor":10,"key":"Toxic Egg 2"},{"floor":26,"key":"Mummified Hand"}],"event_choices":[{"damage_healed":0,"gold_gain":0,"player_choice":"Success","damage_taken":7,"relics_obtained":["Anchor"],"max_hp_gain":0,"max_hp_loss":0,"event_name":"Scrap Ooze","floor":5,"gold_loss":0},{"damage_healed":0,"gold_gain":0,"player_choice":"Donut","damage_taken":0,"max_hp_gain":5,"max_hp_loss":0,"event_name":"Big Fish","floor":12,"gold_loss":0},{"damage_healed":0,"gold_gain":0,"player_choice":"Ignored","damage_taken":0,"max_hp_gain":0,"max_hp_loss":0,"event_name":"Ghosts","floor":20,"gold_loss":0},{"damage_healed":0,"gold_gain":0,"cards_transformed":["Strike_R"],"player_choice":"Transformed","damage_taken":0,"max_hp_gain":0,"max_hp_loss":0,"event_name":"Transmorgrifier","floor":25,"gold_loss":0,"cards_obtained":["Searing Blow"]}],"is_beta":false,"boss_relics":[{"not_picked":["Black Star","Astrolabe"],"picked":"White Beast Statue"}],"items_purged_floors":[13,19],"is_endless":false,"potions_floor_spawned":[1,10,16,18,21,24,27,28,29,31],"killed_by":"Champ","ascension_level":10}