{"gold_per_floor":[119,46,46,46,61,61,73,107,107,126,126,21,40,58,58,134,134,134,134,134,134,134,134,134,134,134,134,134,134,134,134,134,134,134,134,59,59,59,59,59,59,59,59,59,59,59,59,25,25,25],"floor_reached":50,"playtime":1901,"items_purged":["Impatience"],"score":824,"play_id":"e6a8a5a3-8ec9-4d43-a2a1-9ffab7bcb41e","local_time":"20190529174732","is_ascension_mode":true,"campfire_choices":[{"data":"Bash","floor":6,"key":"SMITH"},{"data":"Perfected Strike","floor":11,"key":"SMITH"},{"data":"True Grit","floor":15,"key":"SMITH"},{"data":"Spot Weakness","floor":23,"key":"SMITH"},{"data":"Shrug It Off","floor":25,"key":"SMITH"},{"floor":32,"key":"REST"},{"floor":40,"key":"REST"},{"floor":46,"key":"REST"},{"floor":49,"key":"REST"}],"neow_cost":"NONE","seed_source_timestamp":1959782329200,"circlet_count":0,"master_deck":["AscendersBane","Strike_R","Strike_R","Strike_R","Strike_R","Strike_R","Defend_R","Defend_R","Defend_R","Defend_R","Bash+1","Clothesline","Perfected Strike+1","True Grit+1","Shrug It Off+1","Rage+1","Evolve+1","Pommel Strike","Spot Weakness+1","Armaments","Reaper","Shrug It Off","Inflame+1","Shrug It Off","Headbutt","Cleave","Twin Strike","Iron Wave","Double Tap+1","Iron Wave","Metallicize+1","Parasite","Panacea","Pommel Strike","Hemokinesis"],"relics":["Burning Blood","Frozen Egg 2","Mercury Hourglass","Ectoplasm","Ancient Tea Set","Charon\u0027s Ashes","Nilry\u0027s Codex","Sozu","Mummified Hand"],"potions_floor_usage":[16,21,29,29,33,50],"damage_taken":[{"damage":2,"enemies":"2 Louse","floor":1,"turns":4},{"damage":11,"enemies":"Jaw Worm","floor":5,"turns":4},{"damage":1,"enemies":"Cultist","floor":7,"turns":4},{"damage":38,"enemies":"3 Sentries","floor":8,"turns":9},{"damage":1,"enemies":"2 Fungi Beasts","floor":10,"turns":3},{"damage":8,"enemies":"Looter","floor":13,"turns":3},{"damage":7,"enemies":"Red Slaver","floor":14,"turns":4},{"damage":41,"enemies":"Hexaghost","floor":16,"turns":11},{"damage":9,"enemies":"Shell Parasite","floor":18,"turns":4},{"damage":18,"enemies":"Spheric Guardian","floor":20,"turns":4},{"damage":21,"enemies":"Snake Plant","floor":21,"turns":5},{"damage":2,"enemies":"3 Cultists","floor":24,"turns":5},{"damage":3,"enemies":"Shelled Parasite and Fungi","floor":27,"turns":7},{"damage":5,"enemies":"Snake Plant","floor":28,"turns":4},{"damage":9,"enemies":"Book of Stabbing","floor":29,"turns":4},{"damage":5,"enemies":"Snecko","floor":31,"turns":4},{"damage":53,"enemies":"Automaton","floor":33,"turns":12},{"damage":36,"enemies":"3 Darklings","floor":35,"turns":4},{"damage":18,"enemies":"3 Shapes","floor":38,"turns":3},{"damage":48,"enemies":"Writhing Mass","floor":39,"turns":6},{"damage":19,"enemies":"3 Darklings","floor":42,"turns":6},{"damage":32,"enemies":"4 Shapes","floor":44,"turns":5},{"damage":43,"enemies":"Maw","floor":45,"turns":7},{"damage":26,"enemies":"3 Darklings","floor":47,"turns":3},{"damage":109,"enemies":"Time Eater","floor":50,"turns":11}],"seed_played":"-2167915504069653411","potions_obtained":[{"floor":8,"key":"FearPotion"},{"floor":13,"key":"SteroidPotion"},{"floor":18,"key":"Block Potion"},{"floor":21,"key":"Weak Potion"},{"floor":24,"key":"AttackPotion"},{"floor":31,"key":"Dexterity Potion"},{"floor":33,"key":"Strength Potion"}],"is_trial":false,"path_per_floor":["M","$","?","?","M","R","M","E","T","M","R","$","M","M","R","B",null,"M","?","M","M","?","R","M","R","T","M","M","E","?","M","R","B",null,"M","$","?","M","M","R","?","M","T","M","M","R","M","$","R","B"],"character_chosen":"IRONCLAD","items_purchased":["Perfected Strike","True Grit","Spot Weakness","Armaments","Hemokinesis"],"campfire_rested":4,"item_purchase_floors":[2,2,12,12,48],"current_hp_per_floor":[72,72,77,77,72,72,77,45,45,50,50,50,48,47,47,12,63,60,60,48,41,41,41,45,45,45,48,49,46,30,31,55,28,67,51,51,51,59,25,49,49,50,50,48,21,45,49,49,73,0],"gold":25,"neow_bonus":"RANDOM_COLORLESS","is_prod":false,"is_daily":false,"chose_seed":false,"campfire_upgraded":5,"win_rate":0,"timestamp":1559166452,"path_taken":["M","$","?","?","M","R","M","E","T","M","R","$","M","?","R","BOSS","M","?","M","M","?","R","M","R","T","?","M","E","?","M","R","BOSS","M","$","?","M","?","R","?","M","T","M","M","R","M","$","R","BOSS"],"build_version":"2019-01-23","purchased_purges":1,"victory":false,"max_hp_per_floor":[75,75,80,80,80,80,80,80,80,80,80,80,80,80,80,80,80,80,80,80,80,80,80,80,80,80,80,80,80,80,80,80,80,80,80,80,80,80,80,80,80,80,80,80,80,80,80,80,80,80],"card_choices":[{"not_picked":["Sword Boomerang","Heavy Blade"],"picked":"Clothesline","floor":1},{"not_picked":["Uppercut","Heavy Blade"],"picked":"Shrug It Off","floor":5},{"not_picked":["Thunderclap","Perfected Strike"],"picked":"Rage","floor":7},{"not_picked":["Dual Wield","Demon Form"],"picked":"Evolve","floor":8},{"not_picked":["Uppercut","Thunderclap"],"picked":"Pommel Strike","floor":10},{"not_picked":["Dual Wield","Flex","Second Wind"],"picked":"SKIP","floor":13},{"not_picked":["Armaments","Feel No Pain+1","Thunderclap"],"picked":"SKIP","floor":14},{"not_picked":["Dark Embrace+1","Offering"],"picked":"Reaper","floor":16},{"not_picked":["Sword Boomerang","Pommel Strike"],"picked":"Shrug It Off","floor":18},{"not_picked":["Perfected Strike","True Grit","Warcry"],"picked":"SKIP","floor":20},{"not_picked":["Clothesline","Flex"],"picked":"Shrug It Off","floor":21},{"not_picked":["Clash","Body Slam"],"picked":"Headbutt","floor":24},{"not_picked":["Seeing Red","Spot Weakness"],"picked":"Cleave","floor":27},{"not_picked":["Warcry","Cleave","Blood for Blood"],"picked":"SKIP","floor":28},{"not_picked":["Whirlwind","Second Wind"],"picked":"Twin Strike","floor":29},{"not_picked":["Impervious","Pummel"],"picked":"Iron Wave","floor":31},{"not_picked":["Impervious","Exhume"],"picked":"Double Tap","floor":33},{"not_picked":["Anger","Reckless Charge"],"picked":"Iron Wave","floor":35},{"not_picked":["Armaments","Uppercut"],"picked":"Metallicize+1","floor":38},{"not_picked":["Rupture+1","Shrug It Off","Heavy Blade"],"picked":"SKIP","floor":39},{"not_picked":["Forethought","The Bomb"],"picked":"Panacea","floor":41},{"not_picked":["Thunderclap","True Grit","Searing Blow"],"picked":"SKIP","floor":42},{"not_picked":["Rupture+1","Cleave","Thunderclap"],"picked":"SKIP","floor":44},{"not_picked":["Shrug It Off","Thunderclap"],"picked":"Pommel Strike","floor":45},{"not_picked":["Clothesline+1","Warcry","Twin Strike"],"picked":"SKIP","floor":47}],"player_experience":353656,"relics_obtained":[{"floor":8,"key":"Frozen Egg 2"},{"floor":9,"key":"Mercury Hourglass"},{"floor":26,"key":"Ancient Tea Set"},{"floor":29,"key":"Charon\u0027s Ashes"},{"floor":30,"key":"Nilry\u0027s Codex"},{"floor":43,"key":"Mummified Hand"}],"event_choices":[{"damage_healed":0,"gold_gain":0,"player_choice":"Donut","damage_taken":0,"max_hp_gain":5,"max_hp_loss":0,"event_name":"Big Fish","floor":3,"gold_loss":0},{"damage_healed":0,"gold_gain":0,"player_choice":"Leave","damage_taken":0,"max_hp_gain":0,"max_hp_loss":0,"event_name":"The Cleric","floor":4,"gold_loss":0},{"damage_healed":0,"gold_gain":0,"player_choice":"Read","damage_taken":0,"max_hp_gain":0,"max_hp_loss":0,"event_name":"The Library","floor":19,"gold_loss":0,"cards_obtained":["Inflame"]},{"damage_healed":0,"gold_gain":0,"player_choice":"Upgraded","damage_taken":0,"max_hp_gain":0,"max_hp_loss":0,"event_name":"Upgrade Shrine","floor":22,"gold_loss":0,"cards_upgraded":["Rage"]},{"damage_healed":0,"gold_gain":0,"player_choice":"Obtained Book","damage_taken":16,"max_hp_gain":0,"max_hp_loss":0,"event_name":"Cursed Tome","floor":30,"gold_loss":0},{"damage_healed":0,"gold_gain":0,"player_choice":"Upgraded","damage_taken":0,"max_hp_gain":0,"max_hp_loss":0,"event_name":"Upgrade Shrine","floor":37,"gold_loss":0,"cards_upgraded":["Double Tap"]},{"damage_healed":0,"gold_gain":0,"player_choice":"Memory 1","damage_taken":0,"max_hp_gain":0,"max_hp_loss":0,"event_name":"SensoryStone","floor":41,"gold_loss":0}],"is_beta":false,"boss_relics":[{"not_picked":["Runic Dome","Snecko Eye"],"picked":"Ectoplasm"},{"not_picked":["Runic Pyramid","Astrolabe"],"picked":"Sozu"}],"items_purged_floors":[36],"is_endless":false,"potions_floor_spawned":[8,13,14,18,21,24,31,33,39,44,47],"killed_by":"Time Eater","ascension_level":14}