{"gold_per_floor":[116,116,128,16,31,59,59,79,102,115,115,149,149,183,183,286,286,298,298,10,10,27,27,44,71,71,71,84,84,84,99,99,200,200,219,144,164,64,84,112,112,122,196,196,196,196,196,209,209,209,209,209,4,34,34],"floor_reached":55,"playtime":2903,"items_purged":["Strike_R","Strike_R"],"score":851,"play_id":"dca9ab21-ef96-4f09-998a-ed12f4dd02e3","local_time":"20190717190752","is_ascension_mode":true,"campfire_choices":[{"data":"Searing Blow","floor":7,"key":"SMITH"},{"data":"Searing Blow+1","floor":11,"key":"SMITH"},{"data":"Searing Blow+3","floor":13,"key":"SMITH"},{"data":"Searing Blow+4","floor":15,"key":"SMITH"},{"data":"Berserk","floor":23,"key":"SMITH"},{"data":"1","floor":27,"key":"LIFT"},{"floor":30,"key":"RECALL"},{"data":"2","floor":32,"key":"LIFT"},{"data":"3","floor":41,"key":"LIFT"},{"data":"Immolate","floor":44,"key":"SMITH"},{"data":"Searing Blow+5","floor":46,"key":"SMITH"},{"data":"Armaments","floor":49,"key":"SMITH"},{"data":"Whirlwind","floor":52,"key":"SMITH"}],"neow_cost":"NONE","seed_source_timestamp":1476663614900,"circlet_count":0,"master_deck":["Strike_R","Strike_R","Strike_R","Defend_R","Defend_R","Defend_R","Bash+1","Flex","Cleave","Inflame","Uppercut","Searing Blow+6","Whirlwind+1","Battle Trance","Infernal Blade","Double Tap","Berserk+1","Carnage","Necronomicurse","True Grit","Armaments+1","Shrug It Off","Immolate+1","Immolate","Heavy Blade+1","Shrug It Off"],"relics":["Burning Blood","NeowsBlessing","Pen Nib","Anchor","Whetstone","Blood Vial","Eternal Feather","Necronomicon","WingedGreaves","Girya","Art of War","Nunchaku","Mark of Pain","Red Skull","Happy Flower","Paper Frog"],"potions_floor_usage":[25,33,33,50,54,55,55],"damage_taken":[{"damage":0,"enemies":"Jaw Worm","floor":1,"turns":1},{"damage":0,"enemies":"Cultist","floor":3,"turns":1},{"damage":0,"enemies":"Small Slimes","floor":5,"turns":1},{"damage":21,"enemies":"Lagavulin","floor":6,"turns":7},{"damage":7,"enemies":"Looter","floor":8,"turns":3},{"damage":0,"enemies":"Exordium Wildlife","floor":10,"turns":3},{"damage":0,"enemies":"3 Sentries","floor":12,"turns":2},{"damage":6,"enemies":"Gremlin Nob","floor":14,"turns":3},{"damage":0,"enemies":"Slime Boss","floor":16,"turns":3},{"damage":0,"enemies":"Chosen","floor":18,"turns":4},{"damage":18,"enemies":"Shell Parasite","floor":22,"turns":3},{"damage":2,"enemies":"Centurion and Healer","floor":24,"turns":3},{"damage":8,"enemies":"Slavers","floor":25,"turns":4},{"damage":0,"enemies":"Snake Plant","floor":28,"turns":1},{"damage":0,"enemies":"Chosen and Byrds","floor":31,"turns":3},{"damage":61,"enemies":"Champ","floor":33,"turns":7},{"damage":0,"enemies":"Orb Walker","floor":35,"turns":1},{"damage":0,"enemies":"3 Darklings","floor":37,"turns":1},{"damage":19,"enemies":"Writhing Mass","floor":39,"turns":4},{"damage":17,"enemies":"Giant Head","floor":40,"turns":5},{"damage":0,"enemies":"Transient","floor":42,"turns":5},{"damage":0,"enemies":"Sphere and 2 Shapes","floor":48,"turns":1},{"damage":27,"enemies":"Time Eater","floor":50,"turns":5},{"damage":0,"enemies":"Shield and Spear","floor":54,"turns":2},{"damage":81,"enemies":"The Heart","floor":55,"turns":3}],"seed_played":"-5126692545352553296","potions_obtained":[{"floor":6,"key":"SpeedPotion"},{"floor":10,"key":"Dexterity Potion"},{"floor":12,"key":"Weak Potion"},{"floor":18,"key":"EssenceOfSteel"},{"floor":25,"key":"Explosive Potion"},{"floor":31,"key":"AttackPotion"},{"floor":33,"key":"Block Potion"},{"floor":35,"key":"SteroidPotion"},{"floor":39,"key":"PowerPotion"}],"is_trial":false,"path_per_floor":["M","?","M","$","M","E","R","M","T","M","R","E","R","E","R","B",null,"M","?","$","?","M","R","M","E","T","R","M","?","R","M","R","B",null,"M","$","M","$","M","E","R","M","T","R","?","R","?","M","R","B",null,"R","$","E","B"],"character_chosen":"IRONCLAD","items_purchased":["Inflame","Uppercut","WingedGreaves","Happy Flower","Fire Potion"],"campfire_rested":0,"item_purchase_floors":[4,4,20,53,53],"current_hp_per_floor":[80,80,80,80,80,65,65,64,64,70,70,76,76,76,76,80,80,80,64,64,49,39,51,57,57,57,72,80,80,85,85,85,30,85,85,85,85,85,72,63,78,85,85,85,81,81,81,81,81,60,81,81,81,81,0],"gold":34,"neow_bonus":"THREE_ENEMY_KILL","is_prod":false,"is_daily":false,"chose_seed":false,"campfire_upgraded":9,"win_rate":0,"timestamp":1563404872,"path_taken":["M","?","M","?","?","E","R","M","T","M","R","E","R","E","R","BOSS","M","?","$","?","M","R","M","E","T","R","M","?","R","?","R","BOSS","M","$","M","$","?","E","R","M","T","R","?","R","?","M","R","BOSS","R","$","E","BOSS"],"build_version":"2019-07-05","purchased_purges":2,"victory":false,"max_hp_per_floor":[80,80,80,80,80,80,80,80,80,80,80,80,80,80,80,80,80,80,80,80,85,85,85,85,85,85,85,85,85,85,85,85,85,85,85,85,85,85,85,85,85,85,85,85,81,81,81,81,81,81,81,81,81,81,81],"card_choices":[{"not_picked":["True Grit","Anger"],"picked":"Flex","floor":1},{"not_picked":["Anger","Feel No Pain"],"picked":"Cleave","floor":3},{"not_picked":["Pummel","Intimidate"],"picked":"Searing Blow","floor":5},{"not_picked":["Barricade","True Grit"],"picked":"Whirlwind","floor":6},{"not_picked":["Pommel Strike","Corruption"],"picked":"Battle Trance","floor":8},{"not_picked":["Clash","Cleave"],"picked":"Infernal Blade","floor":10},{"not_picked":["Exhume","Metallicize"],"picked":"Double Tap","floor":12},{"not_picked":["Havoc","Combust","Cleave"],"picked":"SKIP","floor":14},{"not_picked":["Offering","Double Tap"],"picked":"Berserk","floor":16},{"not_picked":["Perfected Strike","Warcry"],"picked":"Carnage","floor":18},{"not_picked":["Flex","Twin Strike"],"picked":"True Grit","floor":22},{"not_picked":["Warcry","Intimidate+1"],"picked":"Armaments","floor":24},{"not_picked":["Feel No Pain","Pommel Strike"],"picked":"Shrug It Off","floor":25},{"not_picked":["Warcry","Power Through","Heavy Blade"],"picked":"SKIP","floor":28},{"not_picked":["Fiend Fire","Evolve","Wild Strike"],"picked":"SKIP","floor":31},{"not_picked":["Reaper","Limit Break"],"picked":"Immolate","floor":33},{"not_picked":["Warcry+1","Twin Strike","Dual Wield+1"],"picked":"SKIP","floor":35},{"not_picked":["Wild Strike+1","Clash+1","Perfected Strike+1"],"picked":"SKIP","floor":37},{"not_picked":["Carnage+1","Cleave"],"picked":"Immolate","floor":39},{"not_picked":["Clash","Spot Weakness+1","Rupture+1"],"picked":"SKIP","floor":40},{"not_picked":["Headbutt","Sentinel+1","Cleave"],"picked":"SKIP","floor":42},{"not_picked":["Dropkick+1","Anger+1"],"picked":"Heavy Blade+1","floor":48},{"not_picked":["Clash+1","Cleave+1"],"picked":"Shrug It Off","floor":54}],"player_experience":432550,"relics_obtained":[{"floor":6,"key":"Pen Nib"},{"floor":9,"key":"Anchor"},{"floor":12,"key":"Whetstone"},{"floor":14,"key":"Blood Vial"},{"floor":19,"key":"Necronomicon"},{"floor":25,"key":"Girya"},{"floor":26,"key":"Art of War"},{"floor":40,"key":"Red Skull"},{"floor":54,"key":"Paper Frog"}],"event_choices":[{"cards_removed":["Iron Wave"],"damage_healed":0,"gold_gain":0,"player_choice":"Took Card","damage_taken":0,"max_hp_gain":0,"max_hp_loss":0,"event_name":"NoteForYourself","floor":2,"gold_loss":0,"cards_obtained":["Iron Wave"]},{"damage_healed":0,"gold_gain":0,"player_choice":"Obtained Book","damage_taken":16,"max_hp_gain":0,"max_hp_loss":0,"event_name":"Cursed Tome","floor":19,"gold_loss":0},{"damage_healed":0,"gold_gain":0,"player_choice":"Shed Blood","damage_taken":20,"max_hp_gain":5,"max_hp_loss":0,"event_name":"Forgotten Altar","floor":21,"gold_loss":0},{"damage_healed":0,"gold_gain":0,"player_choice":"Opened","damage_taken":0,"relics_obtained":["Nunchaku"],"max_hp_gain":0,"max_hp_loss":0,"event_name":"The Mausoleum","floor":29,"gold_loss":0},{"damage_healed":0,"gold_gain":0,"player_choice":"Max HP","damage_taken":0,"max_hp_gain":0,"max_hp_loss":4,"event_name":"Winding Halls","floor":45,"gold_loss":0},{"cards_removed":["Defend_R"],"damage_healed":0,"gold_gain":0,"player_choice":"Removed Skill","damage_taken":0,"max_hp_gain":0,"max_hp_loss":0,"event_name":"Falling","floor":47,"gold_loss":0}],"is_beta":false,"boss_relics":[{"not_picked":["Fusion Hammer","Astrolabe"],"picked":"Eternal Feather"},{"not_picked":["Runic Cube","Tiny House"],"picked":"Mark of Pain"}],"items_purged_floors":[36,38],"is_endless":false,"potions_floor_spawned":[6,10,12,16,18,22,25,31,33,35,39,48],"killed_by":"The Heart","ascension_level":1}