{"gold_per_floor":[119,20,31,48,48,78,90,17,64,64,64,79,79,79],"floor_reached":14,"playtime":369,"items_purged":[],"score":144,"play_id":"db135b4c-b92b-4f6f-9e24-846499d85453","local_time":"20190520112528","is_ascension_mode":true,"campfire_choices":[{"data":"Inflame","floor":11,"key":"SMITH"},{"data":"Uppercut","floor":13,"key":"SMITH"}],"neow_cost":"NONE","seed_source_timestamp":8853060367900,"circlet_count":0,"master_deck":["AscendersBane","Strike_R","Strike_R","Strike_R","Strike_R","Strike_R","Defend_R","Defend_R","Defend_R","Defend_R","Bash+1","Twin Strike","Flex","Armaments","Pommel Strike","Uppercut+1","Inflame+1"],"relics":["Burning Blood","Dodecahedron","Regal Pillow","Pen Nib"],"potions_floor_usage":[4],"damage_taken":[{"damage":10,"enemies":"Small Slimes","floor":1,"turns":4},{"damage":6,"enemies":"Cultist","floor":3,"turns":4},{"damage":4,"enemies":"2 Louse","floor":4,"turns":3},{"damage":41,"enemies":"3 Sentries","floor":6,"turns":12},{"damage":8,"enemies":"Red Slaver","floor":7,"turns":4},{"damage":18,"enemies":"Large Slime","floor":12,"turns":5},{"damage":30,"enemies":"Gremlin Gang","floor":14,"turns":3}],"seed_played":"-952680325533209897","potions_obtained":[{"floor":4,"key":"Fruit Juice"},{"floor":6,"key":"Energy Potion"}],"is_trial":false,"path_per_floor":["M","?","M","M","$","E","M","$","T","$","R","M","R","M"],"character_chosen":"IRONCLAD","items_purchased":["Inflame"],"campfire_rested":0,"item_purchase_floors":[8],"current_hp_per_floor":[68,68,68,75,75,40,38,38,38,38,38,26,26,0],"gold":79,"neow_bonus":"UPGRADE_CARD","is_prod":false,"is_daily":false,"chose_seed":false,"campfire_upgraded":2,"win_rate":0,"timestamp":1558365928,"path_taken":["M","?","M","M","$","E","M","?","T","$","R","M","R","M"],"build_version":"2019-01-23","purchased_purges":0,"victory":false,"max_hp_per_floor":[80,80,80,85,85,85,85,85,85,85,85,85,85,85],"card_choices":[{"not_picked":["Warcry","Wild Strike"],"picked":"Twin Strike","floor":1},{"not_picked":["Combust","Brutality"],"picked":"Flex","floor":3},{"not_picked":["Hemokinesis","Havoc"],"picked":"Armaments","floor":4},{"not_picked":["Second Wind","Power Through"],"picked":"Pommel Strike","floor":6},{"not_picked":["Body Slam","Intimidate"],"picked":"Uppercut","floor":7},{"not_picked":["Wild Strike","Blood for Blood","Flex"],"picked":"SKIP","floor":12}],"player_experience":320352,"relics_obtained":[{"floor":6,"key":"Regal Pillow"},{"floor":9,"key":"Pen Nib"}],"event_choices":[{"damage_healed":0,"gold_gain":0,"player_choice":"Paid Gold","damage_taken":0,"relics_obtained":["Dodecahedron"],"max_hp_gain":0,"max_hp_loss":0,"event_name":"WeMeetAgain","floor":2,"gold_loss":99}],"is_beta":false,"boss_relics":[],"items_purged_floors":[],"is_endless":false,"potions_floor_spawned":[4,6],"killed_by":"Gremlin Gang","ascension_level":12}