{"gold_per_floor":[119,131,231,247,8,34,49,49,120,138,36,51,9,20,20,123,123,138,128,128,138,148,148,148],"floor_reached":24,"playtime":2000,"items_purged":["Strike_R"],"score":202,"play_id":"8dd40781-b650-4836-a030-49ee542af239","local_time":"20190310204848","is_ascension_mode":false,"campfire_choices":[{"data":"Armaments","floor":8,"key":"SMITH"},{"data":"Infernal Blade","floor":15,"key":"SMITH"},{"data":"Feed","floor":23,"key":"SMITH"}],"neow_cost":"NONE","seed_source_timestamp":258361628300,"circlet_count":0,"master_deck":["Strike_R","Defend_R","Defend_R","Defend_R","Defend_R","Bash","Headbutt","Metallicize","Rampage","Shrug It Off","Uppercut","Reaper","Armaments+1","Infernal Blade+1","Anger","Warcry","Dropkick","Feed+1","Warcry+1","Headbutt+1","Shrug It Off+1","Pommel Strike","Pommel Strike+1","RitualDagger","Twin Strike","Battle Trance+1"],"relics":["Burning Blood","Orichalcum","Vajra","Bird Faced Urn","Dodecahedron","Astrolabe"],"potions_floor_usage":[16,16,24],"damage_taken":[{"damage":0,"enemies":"Cultist","floor":1,"turns":3},{"damage":1,"enemies":"2 Louse","floor":2,"turns":3},{"damage":1,"enemies":"Jaw Worm","floor":4,"turns":5},{"damage":20,"enemies":"Lagavulin","floor":6,"turns":8},{"damage":0,"enemies":"Large Slime","floor":7,"turns":5},{"damage":3,"enemies":"2 Fungi Beasts","floor":10,"turns":2},{"damage":8,"enemies":"3 Louse","floor":12,"turns":4},{"damage":8,"enemies":"Exordium Thugs","floor":14,"turns":5},{"damage":16,"enemies":"Hexaghost","floor":16,"turns":8},{"damage":1,"enemies":"Shell Parasite","floor":18,"turns":6},{"damage":3,"enemies":"2 Thieves","floor":19,"turns":4},{"damage":9,"enemies":"3 Cultists","floor":21,"turns":5},{"damage":12,"enemies":"Cultist and Chosen","floor":22,"turns":8},{"damage":88,"enemies":"Gremlin Leader","floor":24,"turns":7}],"seed_played":"4008176276257312637","potions_obtained":[{"floor":10,"key":"Energy Potion"},{"floor":12,"key":"Weak Potion"},{"floor":16,"key":"Ancient Potion"},{"floor":18,"key":"Swift Potion"},{"floor":21,"key":"Energy Potion"}],"is_trial":false,"path_per_floor":["M","M","?","M","$","E","M","R","T","M","$","M","?","M","R","B",null,"M","M","?","M","M","R","E"],"character_chosen":"IRONCLAD","items_purchased":["Vajra","Shrug It Off","Uppercut","Anger"],"campfire_rested":0,"item_purchase_floors":[5,5,5,11],"current_hp_per_floor":[80,80,80,80,80,66,79,79,79,80,80,79,79,79,79,79,80,83,86,80,79,75,75,0],"gold":148,"neow_bonus":"RANDOM_COMMON_RELIC","is_prod":false,"is_daily":false,"chose_seed":false,"campfire_upgraded":3,"win_rate":0.0,"timestamp":1552265328,"path_taken":["M","M","?","M","$","E","M","R","T","M","?","M","?","M","R","BOSS","M","M","?","M","M","R","E"],"build_version":"2019-01-23","purchased_purges":1,"victory":false,"max_hp_per_floor":[80,80,80,80,80,80,80,80,80,80,80,80,80,80,80,80,80,83,86,86,86,86,86,86],"card_choices":[{"not_picked":["Anger","Sword Boomerang"],"picked":"Headbutt","floor":1},{"not_picked":["Armaments","Burning Pact"],"picked":"Metallicize","floor":2},{"not_picked":["Warcry","Anger"],"picked":"Rampage","floor":4},{"not_picked":["Body Slam","Clash"],"picked":"Reaper","floor":6},{"not_picked":["Intimidate","Fire Breathing"],"picked":"Armaments","floor":7},{"not_picked":["Rampage","Sword Boomerang"],"picked":"Infernal Blade","floor":10},{"not_picked":["Headbutt","Uppercut"],"picked":"Warcry","floor":12},{"not_picked":["Clash","Reckless Charge"],"picked":"Dropkick","floor":14},{"not_picked":["Dark Embrace","Berserk"],"picked":"Feed","floor":16},{"not_picked":["Clothesline","Uppercut"],"picked":"Pommel Strike","floor":18},{"not_picked":["Sword Boomerang+1","Iron Wave"],"picked":"Pommel Strike+1","floor":19},{"not_picked":["Perfected Strike","Warcry"],"picked":"Twin Strike","floor":21},{"not_picked":["Rage","Anger"],"picked":"Battle Trance+1","floor":22}],"player_experience":12522,"relics_obtained":[{"floor":6,"key":"Bird Faced Urn"},{"floor":9,"key":"Dodecahedron"}],"event_choices":[{"damage_healed":0,"gold_gain":100,"player_choice":"Pray","damage_taken":0,"max_hp_gain":0,"max_hp_loss":0,"event_name":"Golden Shrine","floor":3,"gold_loss":0},{"damage_healed":0,"gold_gain":0,"player_choice":"Left Gold","damage_taken":0,"max_hp_gain":0,"max_hp_loss":0,"event_name":"World of Goop","floor":13,"gold_loss":42},{"damage_healed":0,"gold_gain":0,"player_choice":"Joined the Cult","damage_taken":6,"max_hp_gain":0,"max_hp_loss":0,"event_name":"Nest","floor":20,"gold_loss":0,"cards_obtained":["RitualDagger"]}],"is_beta":false,"boss_relics":[{"not_picked":["Tiny House","White Beast Statue"],"picked":"Astrolabe"}],"items_purged_floors":[11],"is_endless":false,"potions_floor_spawned":[10,12,16,18,21],"killed_by":"Gremlin Leader","ascension_level":0}