{"gold_per_floor":[111,125,28,28,47,47,77,77,77,40,40,57,113,130,130,130],"floor_reached":16,"playtime":405,"items_purged":[],"score":170,"play_id":"5e3830c6-f0a1-4678-b1c5-ff10ea0f0caf","local_time":"20190605171858","is_ascension_mode":true,"campfire_choices":[{"data":"Bash","floor":6,"key":"SMITH"},{"floor":8,"key":"REST"},{"data":"Flame Barrier","floor":11,"key":"SMITH"},{"data":"Metallicize","floor":15,"key":"SMITH"}],"neow_cost":"NONE","seed_source_timestamp":1646066262700,"circlet_count":0,"master_deck":["AscendersBane","Strike_R","Strike_R","Strike_R","Strike_R","Strike_R","Defend_R","Defend_R","Defend_R","Defend_R","Bash+1","Whirlwind","Headbutt","Rampage","Perfected Strike","Evolve","Clothesline","Flame Barrier+1","Metallicize+1","Pommel Strike","Sword Boomerang"],"relics":["Burning Blood","Centennial Puzzle","Dodecahedron"],"potions_floor_usage":[16,16],"damage_taken":[{"damage":6,"enemies":"Cultist","floor":1,"turns":4},{"damage":1,"enemies":"2 Louse","floor":2,"turns":2},{"damage":14,"enemies":"Jaw Worm","floor":5,"turns":3},{"damage":47,"enemies":"Lagavulin","floor":7,"turns":7},{"damage":25,"enemies":"Exordium Thugs","floor":12,"turns":7},{"damage":3,"enemies":"Looter","floor":14,"turns":4},{"damage":31,"enemies":"Slime Boss","floor":16,"turns":8}],"seed_played":"-368335726351989855","potions_obtained":[{"floor":5,"key":"Energy Potion"},{"floor":7,"key":"AttackPotion"},{"floor":14,"key":"BloodPotion"}],"is_trial":false,"path_per_floor":["M","M","$","?","M","R","E","R","T","$","R","M","?","M","R","B"],"character_chosen":"IRONCLAD","items_purchased":["Perfected Strike","Evolve","Metallicize"],"campfire_rested":1,"item_purchase_floors":[3,3,10],"current_hp_per_floor":[68,73,73,66,58,58,17,39,39,39,39,20,20,23,23,0],"gold":130,"neow_bonus":"THREE_CARDS","is_prod":false,"is_daily":false,"chose_seed":false,"campfire_upgraded":3,"win_rate":0,"timestamp":1559769538,"path_taken":["M","?","$","?","M","R","E","R","T","?","R","M","?","M","R","BOSS"],"build_version":"2019-01-23","purchased_purges":0,"victory":false,"max_hp_per_floor":[75,75,75,75,75,75,75,75,75,75,75,75,75,75,75,75],"card_choices":[{"not_picked":["Headbutt","Feel No Pain"],"picked":"Whirlwind","floor":0},{"not_picked":["Wild Strike","Cleave"],"picked":"Headbutt","floor":1},{"not_picked":["Shrug It Off","Combust"],"picked":"Rampage","floor":2},{"not_picked":["Warcry","Whirlwind"],"picked":"Clothesline","floor":5},{"not_picked":["Body Slam","Disarm"],"picked":"Flame Barrier","floor":7},{"not_picked":["Disarm","Cleave"],"picked":"Pommel Strike","floor":12},{"not_picked":["Blood for Blood","Havoc"],"picked":"Sword Boomerang","floor":14}],"player_experience":377828,"relics_obtained":[{"floor":7,"key":"Centennial Puzzle"},{"floor":9,"key":"Dodecahedron"}],"event_choices":[{"damage_healed":0,"gold_gain":0,"player_choice":"Damaged","damage_taken":7,"max_hp_gain":0,"max_hp_loss":0,"event_name":"Wheel of Change","floor":4,"gold_loss":0},{"damage_healed":0,"gold_gain":56,"player_choice":"Gained Gold","damage_taken":0,"max_hp_gain":0,"max_hp_loss":0,"event_name":"Golden Wing","floor":13,"gold_loss":0}],"is_beta":false,"boss_relics":[],"items_purged_floors":[],"is_endless":false,"potions_floor_spawned":[5,7,14],"killed_by":"Slime Boss","ascension_level":14}