{"gold_per_floor":[112,112,62,26,26,26,45,45,45,64,74,90,111,41,41,144,144,156,81,81,93,109,119,119,132,208,123,123,142,142,173,185,300,312,341,363,375,387,412,424,456,468,549,561,35,35,50,66,66,66],"floor_reached":51,"playtime":3931,"items_purged":["Parasite"],"score":591,"play_id":"686ebb71-7c2b-4ea6-ad19-2112e39f9515","local_time":"20190907165339","is_ascension_mode":false,"campfire_choices":[{"data":"White Noise","floor":6.0,"key":"SMITH"},{"data":"Zap","floor":8.0,"key":"SMITH"},{"floor":15.0,"key":"DIG"},{"floor":24.0,"key":"REST"},{"floor":28.0,"key":"DIG"},{"floor":30.0,"key":"DIG"},{"floor":32,"key":"DIG"},{"floor":40,"key":"DIG"},{"floor":46,"key":"DIG"},{"floor":49,"key":"REST"}],"neow_cost":"NONE","seed_source_timestamp":0,"circlet_count":0,"master_deck":["Strike_B","Strike_B","Defend_B","Defend_B","Defend_B","Defend_B","Zap+1","Dualcast","Barrage+1","White Noise+1","Cold Snap","BootSequence","Coolheaded","Steam","Gash","Static Discharge","Core Surge","Coolheaded+1","Cold Snap+1","Blizzard","Go for the Eyes+1","Turbo","Blizzard","Barrage+1","FTL","Redo+1","Writhe","Hologram+1","Stack+1","Dramatic Entrance","Gash+1","Recycle+1"],"special_seed":0,"relics":["Cracked Core","Shovel","Odd Mushroom","Cables","Eternal Feather","Nilry\u0027s Codex","Tiny Chest","Potion Belt","Mercury Hourglass","MawBank","Bag of Marbles","Inserter","Ancient Tea Set","Blue Candle","Calipers","Vajra"],"potions_floor_usage":[33,33,33,33,41,48,50,50],"damage_taken":[{"damage":5.0,"enemies":"Jaw Worm","floor":1.0,"turns":4.0},{"damage":7.0,"enemies":"2 Louse","floor":7.0,"turns":3.0},{"damage":0.0,"enemies":"Small Slimes","floor":10.0,"turns":2.0},{"damage":2.0,"enemies":"2 Fungi Beasts","floor":11.0,"turns":3.0},{"damage":4.0,"enemies":"Exordium Thugs","floor":12.0,"turns":5.0},{"damage":9.0,"enemies":"The Mushroom Lair","floor":13.0,"turns":4.0},{"damage":4.0,"enemies":"Slime Boss","floor":16.0,"turns":9.0},{"damage":13.0,"enemies":"Shell Parasite","floor":18.0,"turns":7.0},{"damage":14.0,"enemies":"Spheric Guardian","floor":21.0,"turns":4.0},{"damage":9.0,"enemies":"Centurion and Healer","floor":22.0,"turns":8.0},{"damage":2.0,"enemies":"Shelled Parasite and Fungi","floor":23.0,"turns":7.0},{"damage":6.0,"enemies":"Snake Plant","floor":25.0,"turns":7.0},{"damage":6.0,"enemies":"Centurion and Healer","floor":29.0,"turns":8.0},{"damage":0.0,"enemies":"Snecko","floor":31.0,"turns":5.0},{"damage":70,"enemies":"Automaton","floor":33,"turns":10},{"damage":11,"enemies":"3 Darklings","floor":35,"turns":8},{"damage":13,"enemies":"3 Shapes","floor":36,"turns":4},{"damage":11,"enemies":"Writhing Mass","floor":39,"turns":7},{"damage":47,"enemies":"Maw","floor":41,"turns":8},{"damage":37,"enemies":"Spire Growth","floor":47,"turns":6},{"damage":7,"enemies":"Sphere and 2 Shapes","floor":48,"turns":4},{"damage":47,"enemies":"Awakened One","floor":50,"turns":25}],"seed_played":"-1279320776567089480","potions_obtained":[{"floor":10.0,"key":"Regen Potion"},{"floor":11.0,"key":"Weak Potion"},{"floor":12.0,"key":"Fire Potion"},{"floor":13.0,"key":"PowerPotion"},{"floor":21.0,"key":"SneckoOil"},{"floor":23.0,"key":"Poison Potion"},{"floor":25.0,"key":"Poison Potion"},{"floor":29.0,"key":"Poison Potion"},{"floor":35,"key":"Regen Potion"},{"floor":41,"key":"GamblersBrew"},{"floor":48,"key":"Weak Potion"}],"is_trial":false,"path_per_floor":["M","?","?","$","?","R","M","R","T","M","M","M","?","$","R","B",null,"M","?","?","M","M","M","R","M","T","?","R","M","R","M","R","B",null,"M","M","?","?","M","R","M","?","T","?","$","R","M","M","R","B",null],"character_chosen":"DEFECT","items_purchased":["White Noise","Static Discharge","Calipers","Ancient Potion","Dramatic Entrance"],"campfire_rested":2,"item_purchase_floors":[4,14,45,45,45],"current_hp_per_floor":[77,77,77,77,77,77,70,70,70,70,68,64,64,64,64,60,82,69,69,53,39,30,28,64,58,58,58,70,64,76,76,82,12,82,71,58,58,79,68,82,45,45,45,45,45,63,26,19,60,13],"gold":66,"neow_bonus":"TEN_PERCENT_HP_BONUS","is_prod":false,"is_daily":false,"chose_seed":false,"campfire_upgraded":2,"win_rate":0,"timestamp":1567846419,"path_taken":["M","?","?","?","?","R","M","R","T","M","M","M","?","$","R","BOSS","M","?","?","M","?","M","R","M","T","?","R","M","R","M","R","BOSS","M","M","?","?","M","R","M","?","T","?","$","R","?","M","R","BOSS"],"build_version":"2019-07-17","purchased_purges":1,"victory":true,"max_hp_per_floor":[82,82,82,82,82,82,82,82,82,82,82,82,82,82,82,82,82,82,82,82,82,82,82,82,82,82,82,82,82,82,82,82,82,82,82,82,82,82,82,82,82,82,82,82,79,79,79,79,79,79],"card_choices":[{"not_picked":["Beam Cell","Hologram"],"picked":"Barrage","floor":1.0},{"not_picked":["Hologram","Blizzard"],"picked":"Cold Snap","floor":7.0},{"not_picked":["Stack","Reinforced Body"],"picked":"BootSequence","floor":10.0},{"not_picked":["Loop","Blizzard"],"picked":"Coolheaded","floor":11.0},{"not_picked":["Streamline","Meteor Strike"],"picked":"Steam","floor":12.0},{"not_picked":["Steam Power","Stack"],"picked":"Gash","floor":13.0},{"not_picked":["All For One","Rainbow"],"picked":"Core Surge","floor":16.0},{"not_picked":["Blizzard","Go for the Eyes"],"picked":"Coolheaded+1","floor":18.0},{"not_picked":["Stack","Redo"],"picked":"Cold Snap+1","floor":21.0},{"not_picked":["Tempest","Redo"],"picked":"Blizzard","floor":22.0},{"not_picked":["Coolheaded+1","Recycle"],"picked":"Go for the Eyes+1","floor":23.0},{"not_picked":["Redo","Streamline"],"picked":"Turbo","floor":25.0},{"not_picked":["Hologram","Steam"],"picked":"Blizzard","floor":29.0},{"not_picked":["Redo+1","Melter"],"picked":"Barrage+1","floor":31.0},{"not_picked":["All For One","Thunder Strike"],"picked":"Creative AI","floor":33},{"not_picked":["Recycle","Cold Snap+1"],"picked":"FTL","floor":35},{"not_picked":["Compile Driver+1","Hologram+1"],"picked":"Redo+1","floor":36},{"not_picked":["Gash","Cold Snap"],"picked":"Hologram+1","floor":39},{"not_picked":["Rebound+1","Turbo"],"picked":"Stack+1","floor":41},{"not_picked":["Darkness","All For One"],"picked":"Gash+1","floor":47},{"not_picked":["Gash","Heatsinks"],"picked":"Recycle+1","floor":48}],"player_experience":306826,"relics_obtained":[{"floor":9.0,"key":"Shovel"},{"floor":13.0,"key":"Odd Mushroom"},{"floor":15.0,"key":"Cables"},{"floor":20.0,"key":"Nilry\u0027s Codex"},{"floor":26.0,"key":"Tiny Chest"},{"floor":28.0,"key":"Mercury Hourglass"},{"floor":30.0,"key":"MawBank"},{"floor":32,"key":"Bag of Marbles"},{"floor":40,"key":"Ancient Tea Set"},{"floor":43,"key":"Blue Candle"},{"floor":46,"key":"Vajra"}],"event_choices":[{"damage_healed":0.0,"max_hp_gain":0.0,"max_hp_loss":0.0,"gold_gain":0.0,"event_name":"Living Wall","player_choice":"Grow","floor":2.0,"gold_loss":0.0,"damage_taken":0.0,"cards_upgraded":["Barrage"]},{"cards_removed":["Strike_B"],"damage_healed":0.0,"max_hp_gain":0.0,"max_hp_loss":0.0,"gold_gain":0.0,"event_name":"The Cleric","player_choice":"Card Removal","floor":3.0,"gold_loss":50.0,"damage_taken":0.0},{"damage_healed":0.0,"max_hp_gain":0.0,"max_hp_loss":0.0,"gold_gain":0.0,"event_name":"Liars Game","player_choice":"Ignored","floor":5.0,"gold_loss":0.0,"damage_taken":0.0},{"damage_healed":0.0,"max_hp_gain":0.0,"max_hp_loss":0.0,"gold_gain":0.0,"event_name":"Mushrooms","player_choice":"Fought Mushrooms","floor":13.0,"gold_loss":0.0,"damage_taken":0.0},{"cards_removed":["Strike_B"],"damage_healed":0.0,"max_hp_gain":0.0,"max_hp_loss":0.0,"gold_gain":0.0,"event_name":"Beggar","player_choice":"Gave Gold","floor":19.0,"gold_loss":75.0,"damage_taken":0.0},{"damage_healed":0.0,"max_hp_gain":0.0,"max_hp_loss":0.0,"gold_gain":0.0,"event_name":"Cursed Tome","player_choice":"Obtained Book","floor":20.0,"gold_loss":0.0,"damage_taken":16.0},{"damage_healed":0.0,"max_hp_gain":0.0,"max_hp_loss":0.0,"gold_gain":0.0,"event_name":"Addict","player_choice":"Obtained Relic","floor":27.0,"gold_loss":85.0,"damage_taken":0.0,"relics_obtained":["Potion Belt"]},{"damage_healed":0,"gold_gain":0,"player_choice":"Ignored","damage_taken":0,"max_hp_gain":0,"max_hp_loss":0,"event_name":"Tomb of Lord Red Mask","floor":37,"gold_loss":0},{"damage_healed":21,"gold_gain":0,"player_choice":"Writhe","damage_taken":0,"max_hp_gain":0,"max_hp_loss":0,"event_name":"Winding Halls","floor":38,"gold_loss":0,"cards_obtained":["Writhe"]},{"cards_removed":["Creative AI"],"damage_healed":0,"gold_gain":0,"player_choice":"Removed Power","damage_taken":0,"max_hp_gain":0,"max_hp_loss":0,"event_name":"Falling","floor":42,"gold_loss":0},{"damage_healed":0,"gold_gain":0,"player_choice":"Ignored","damage_taken":0,"max_hp_gain":0,"max_hp_loss":0,"event_name":"NoteForYourself","floor":44,"gold_loss":0}],"is_beta":false,"boss_relics":[{"not_picked":["Ectoplasm","Coffee Dripper"],"picked":"Eternal Feather"},{"not_picked":["Velvet Choker","Sozu"],"picked":"Inserter"}],"items_purged_floors":[45],"is_endless":false,"potions_floor_spawned":[10,11,12,13,21,23,25,29,35,41,48],"ascension_level":0}