{"gold_per_floor":[117,15,25,45,58,58,58,58,84,99,64,92,43,76,76,76],"floor_reached":16,"playtime":476,"items_purged":["Strike_R"],"score":187,"play_id":"9435fd61-8315-480d-9bb0-54a2965fa81e","local_time":"20190607170609","is_ascension_mode":true,"campfire_choices":[{"data":"Bash","floor":6,"key":"SMITH"},{"data":"Rampage","floor":8,"key":"SMITH"},{"data":"True Grit","floor":15,"key":"SMITH"}],"neow_cost":"NONE","seed_source_timestamp":1219776617300,"circlet_count":0,"master_deck":["AscendersBane","Strike_R","Strike_R+1","Strike_R+1","Strike_R+1","Defend_R","Defend_R","Defend_R","Defend_R","Bash+1","Rampage+1","True Grit+1","Shrug It Off","Iron Wave+1","Armaments","Spot Weakness","Metallicize"],"relics":["Burning Blood","Red Skull","Lantern","Art of War","Whetstone"],"potions_floor_usage":[14,14],"damage_taken":[{"damage":8,"enemies":"Jaw Worm","floor":1,"turns":4},{"damage":4,"enemies":"Small Slimes","floor":3,"turns":4},{"damage":2,"enemies":"Cultist","floor":4,"turns":4},{"damage":4,"enemies":"Blue Slaver","floor":5,"turns":4},{"damage":3,"enemies":"3 Louse","floor":10,"turns":4},{"damage":23,"enemies":"3 Sentries","floor":12,"turns":8},{"damage":31,"enemies":"Lagavulin","floor":14,"turns":9},{"damage":37,"enemies":"Slime Boss","floor":16,"turns":9}],"seed_played":"-8080115015009814069","potions_obtained":[{"floor":1,"key":"EssenceOfSteel"},{"floor":4,"key":"Regen Potion"}],"is_trial":false,"path_per_floor":["M","$","M","M","M","R","?","R","T","M","$","E","?","E","R","B"],"character_chosen":"IRONCLAD","items_purchased":["True Grit","Spot Weakness"],"campfire_rested":0,"item_purchase_floors":[2,11],"current_hp_per_floor":[66,66,68,72,74,74,59,59,59,62,62,45,45,35,35,0],"gold":76,"neow_bonus":"RANDOM_COMMON_RELIC","is_prod":false,"is_daily":false,"chose_seed":false,"campfire_upgraded":3,"win_rate":0,"timestamp":1559941569,"path_taken":["M","$","M","M","M","R","?","R","T","M","$","E","?","E","R","BOSS"],"build_version":"2019-01-23","purchased_purges":1,"victory":false,"max_hp_per_floor":[75,75,75,75,75,75,75,75,75,75,75,75,75,75,75,75],"card_choices":[{"not_picked":["Body Slam","Second Wind"],"picked":"Rampage","floor":1},{"not_picked":["Intimidate","Blood for Blood"],"picked":"Shrug It Off","floor":3},{"not_picked":["Rage","Intimidate"],"picked":"Iron Wave","floor":4},{"not_picked":["Body Slam","Corruption"],"picked":"Armaments","floor":5},{"not_picked":["Entrench","Wild Strike","Thunderclap"],"picked":"SKIP","floor":10},{"not_picked":["Rampage","Exhume","Hemokinesis"],"picked":"SKIP","floor":12},{"not_picked":["Thunderclap","Clash"],"picked":"Metallicize","floor":14}],"player_experience":381843,"relics_obtained":[{"floor":9,"key":"Lantern"},{"floor":12,"key":"Art of War"},{"floor":14,"key":"Whetstone"}],"event_choices":[{"damage_healed":0,"gold_gain":0,"player_choice":"Entered Light","damage_taken":15,"max_hp_gain":0,"max_hp_loss":0,"event_name":"Shining Light","floor":7,"gold_loss":0,"cards_upgraded":["Strike_R","Strike_R"]},{"damage_healed":0,"gold_gain":0,"player_choice":"Left Gold","damage_taken":0,"max_hp_gain":0,"max_hp_loss":0,"event_name":"World of Goop","floor":13,"gold_loss":49}],"is_beta":false,"boss_relics":[],"items_purged_floors":[2],"is_endless":false,"potions_floor_spawned":[1,4,10],"killed_by":"Slime Boss","ascension_level":14}