{"gold_per_floor":[114,114,133,151,170,203,82,82,82,82,97,97,111,77,77,178,178,195,226,76,76,3,19,19,31,31,31,46,46,46,59,59,154,204,216,438,398,415,430,430,430,430,430,448,448,464,464,62,62,62],"floor_reached":50,"playtime":2829,"items_purged":["Strike_B"],"score":492,"play_id":"35f0f368-0b00-4a9a-b8ad-5bc88f1f1175","local_time":"20190907180820","is_ascension_mode":false,"campfire_choices":[{"data":"Rainbow","floor":12,"key":"SMITH"},{"data":"Loop","floor":15,"key":"SMITH"},{"floor":24,"key":"REST"},{"floor":29,"key":"REST"},{"floor":32,"key":"REST"},{"data":"Self Repair","floor":40,"key":"SMITH"},{"data":"Static Discharge","floor":42,"key":"SMITH"},{"data":"Coolheaded","floor":45,"key":"SMITH"},{"floor":49,"key":"REST"}],"neow_cost":"NONE","seed_source_timestamp":37221704384602,"circlet_count":0,"master_deck":["Defend_B","Defend_B+1","Defend_B","Defend_B","Zap+1","Dualcast","Leap","Conserve Battery","Go for the Eyes","Turbo","Lockon","Gash","Rainbow+1","Coolheaded+1","Loop+1","Core Surge","Cold Snap+1","Melter","Barrage+1","Static Discharge+1","Chill+1","Darkness+1","Cold Snap","Core Surge","Conserve Battery+1","Self Repair+1","Gash+1","Barrage","Sadistic Nature","Trip","Purity","Defragment","Hologram"],"relics":["Cracked Core","NeowsBlessing","Blue Candle","Question Card","Busted Crown","Red Mask","DataDisk","Darkstone Periapt","Tiny House","Du-Vu Doll","Thread and Needle"],"potions_floor_usage":[6,6,16,16,33,39,44,50,50],"damage_taken":[{"damage":0,"enemies":"Jaw Worm","floor":1,"turns":1},{"damage":0,"enemies":"Cultist","floor":3,"turns":1},{"damage":0,"enemies":"2 Louse","floor":4,"turns":1},{"damage":0,"enemies":"Exordium Thugs","floor":5,"turns":5},{"damage":19,"enemies":"3 Sentries","floor":6,"turns":8},{"damage":0,"enemies":"Blue Slaver","floor":11,"turns":3},{"damage":3,"enemies":"Looter","floor":13,"turns":4},{"damage":20,"enemies":"The Guardian","floor":16,"turns":11},{"damage":4,"enemies":"3 Byrds","floor":18,"turns":5},{"damage":33,"enemies":"Masked Bandits","floor":19,"turns":7},{"damage":9,"enemies":"Chosen","floor":23,"turns":5},{"damage":0,"enemies":"Centurion and Healer","floor":25,"turns":9},{"damage":7,"enemies":"Snecko","floor":28,"turns":6},{"damage":0,"enemies":"Cultist and Chosen","floor":31,"turns":5},{"damage":48,"enemies":"Champ","floor":33,"turns":12},{"damage":0,"enemies":"Orb Walker","floor":35,"turns":4},{"damage":20,"enemies":"3 Darklings","floor":38,"turns":5},{"damage":0,"enemies":"Maw","floor":39,"turns":8},{"damage":15,"enemies":"Sphere and 2 Shapes","floor":44,"turns":4},{"damage":1,"enemies":"4 Shapes","floor":46,"turns":9},{"damage":106,"enemies":"Awakened One","floor":50,"turns":11}],"seed_played":"-898430690112543178","potions_obtained":[{"floor":2,"key":"Explosive Potion"},{"floor":2,"key":"SneckoOil"},{"floor":2,"key":"Ancient Potion"},{"floor":5,"key":"Explosive Potion"},{"floor":11,"key":"Strength Potion"},{"floor":19,"key":"Explosive Potion"},{"floor":25,"key":"Fire Potion"},{"floor":34,"key":"Energy Potion"},{"floor":35,"key":"SkillPotion"},{"floor":39,"key":"Regen Potion"}],"is_trial":false,"path_per_floor":["M","?","M","M","M","E","$","?","T","?","M","R","M","$","R","B",null,"M","?","$","?","$","M","R","M","T","?","M","R","?","M","R","B",null,"M","?","?","M","M","R","?","R","T","M","R","M","?","$","R","B"],"character_chosen":"DEFECT","items_purchased":["Gash","Loop","DataDisk","Static Discharge","Thread and Needle","Defragment","Hologram"],"campfire_rested":4,"item_purchase_floors":[7,14,20,22,48,48,48],"current_hp_per_floor":[75,75,75,75,75,56,56,56,56,56,56,56,53,53,53,33,75,71,38,38,38,38,29,51,51,51,51,44,66,52,52,76,28,85,85,85,85,65,72,72,72,72,72,67,67,76,66,66,85,0],"gold":62,"neow_bonus":"THREE_ENEMY_KILL","is_prod":false,"is_daily":false,"chose_seed":false,"campfire_upgraded":5,"win_rate":0,"timestamp":1567850900,"path_taken":["M","?","?","M","?","E","$","?","T","?","M","R","M","$","R","BOSS","M","?","$","?","$","M","R","M","T","?","M","R","?","?","R","BOSS","M","?","?","M","?","R","?","R","T","M","R","M","?","$","R","BOSS"],"build_version":"2019-07-17","purchased_purges":1,"victory":false,"max_hp_per_floor":[75,75,75,75,75,75,75,75,75,75,75,75,75,75,75,75,75,75,75,75,75,75,75,75,75,75,75,75,75,80,80,80,80,85,85,85,85,85,85,85,85,85,85,85,85,85,85,85,85,85],"card_choices":[{"not_picked":["Stack","Redo"],"picked":"Leap","floor":1},{"not_picked":["Turbo","Rebound"],"picked":"Conserve Battery","floor":3},{"not_picked":["Turbo","Stack"],"picked":"Go for the Eyes","floor":4},{"not_picked":["Steam","Reinforced Body"],"picked":"Turbo","floor":5},{"not_picked":["Aggregate","Rip and Tear"],"picked":"Lockon","floor":6},{"not_picked":["Heatsinks","Storm","Stack"],"picked":"Rainbow","floor":11},{"not_picked":["Ball Lightning","Streamline","Sweeping Beam"],"picked":"Coolheaded","floor":13},{"not_picked":["Hyperbeam","Creative AI","Multi-Cast"],"picked":"Core Surge","floor":16},{"not_picked":["Turbo"],"picked":"Cold Snap+1","floor":18},{"not_picked":["Fusion"],"picked":"Chill+1","floor":23},{"not_picked":["Conserve Battery"],"picked":"Darkness+1","floor":25},{"not_picked":["Scrape","Turbo"],"picked":"SKIP","floor":28},{"not_picked":["Sweeping Beam"],"picked":"Cold Snap","floor":31},{"not_picked":["Amplify"],"picked":"Core Surge","floor":33},{"not_picked":["Redo"],"picked":"Conserve Battery+1","floor":34},{"not_picked":["Gash","Go for the Eyes"],"picked":"SKIP","floor":35},{"not_picked":["Force Field"],"picked":"Self Repair","floor":38},{"not_picked":["Force Field","Conserve Battery"],"picked":"SKIP","floor":39},{"not_picked":["Sweeping Beam"],"picked":"Gash+1","floor":44},{"not_picked":["Compile Driver"],"picked":"Barrage","floor":46},{"not_picked":["Deep Breath"],"picked":"Sadistic Nature","floor":47},{"not_picked":["Bandage Up"],"picked":"Trip","floor":47},{"not_picked":["Secret Weapon"],"picked":"Purity","floor":47}],"player_experience":310757,"relics_obtained":[{"floor":6,"key":"Blue Candle"},{"floor":9,"key":"Question Card"},{"floor":19,"key":"Red Mask"},{"floor":26,"key":"Darkstone Periapt"},{"floor":43,"key":"Du-Vu Doll"}],"event_choices":[{"damage_healed":0,"gold_gain":0,"player_choice":"Got Potions","damage_taken":0,"max_hp_gain":0,"max_hp_loss":0,"event_name":"Lab","floor":2,"gold_loss":0},{"damage_healed":0,"gold_gain":0,"player_choice":"Grow","damage_taken":0,"max_hp_gain":0,"max_hp_loss":0,"event_name":"Living Wall","floor":8,"gold_loss":0,"cards_upgraded":["Zap"]},{"cards_removed":["Strike_B"],"damage_healed":0,"gold_gain":0,"player_choice":"Card Removal","damage_taken":0,"max_hp_gain":0,"max_hp_loss":0,"event_name":"Wheel of Change","floor":10,"gold_loss":0},{"damage_healed":0,"gold_gain":0,"player_choice":"Fought Bandits","damage_taken":0,"max_hp_gain":0,"max_hp_loss":0,"event_name":"Masked Bandits","floor":19,"gold_loss":0},{"damage_healed":0,"gold_gain":0,"cards_transformed":["Strike_B","Strike_B"],"player_choice":"Became Test Subject","damage_taken":0,"max_hp_gain":0,"max_hp_loss":0,"event_name":"Drug Dealer","floor":21,"gold_loss":0,"cards_obtained":["Melter","Barrage"]},{"damage_healed":0,"gold_gain":0,"player_choice":"Shed Blood","damage_taken":19,"max_hp_gain":5,"max_hp_loss":0,"event_name":"Forgotten Altar","floor":30,"gold_loss":0},{"damage_healed":0,"gold_gain":222,"player_choice":"Wore Mask","damage_taken":0,"max_hp_gain":0,"max_hp_loss":0,"event_name":"Tomb of Lord Red Mask","floor":36,"gold_loss":0},{"damage_healed":0,"gold_gain":0,"player_choice":"Upgrade","damage_taken":0,"max_hp_gain":0,"max_hp_loss":0,"event_name":"Designer","floor":37,"gold_loss":40,"cards_upgraded":["Barrage"]},{"damage_healed":0,"gold_gain":0,"player_choice":"Ignored","damage_taken":0,"max_hp_gain":0,"max_hp_loss":0,"event_name":"Mysterious Sphere","floor":41,"gold_loss":0},{"damage_healed":0,"gold_gain":0,"player_choice":"Memory 3","damage_taken":10,"max_hp_gain":0,"max_hp_loss":0,"event_name":"SensoryStone","floor":47,"gold_loss":0}],"is_beta":false,"boss_relics":[{"not_picked":["Runic Pyramid","Empty Cage"],"picked":"Busted Crown"},{"not_picked":["Coffee Dripper","Astrolabe"],"picked":"Tiny House"}],"items_purged_floors":[7],"is_endless":false,"potions_floor_spawned":[5,11,19,25,35,39],"killed_by":"Awakened One","ascension_level":0}