{"gold_per_floor":[113,35,50,64,64,64,97,117,117,134,59,59,73,404,404,475,475,493,508,196,212,212,245,245,245],"floor_reached":25,"playtime":652,"items_purged":["Strike_R","Strike_R"],"score":396,"play_id":"3b96c8cf-f9c6-4181-9b58-c32484ebb296","local_time":"20190607204922","is_ascension_mode":true,"campfire_choices":[{"data":"Bash","floor":6,"key":"SMITH"},{"floor":12,"key":"REST"},{"data":"Armaments","floor":15,"key":"SMITH"},{"floor":24,"key":"REST"}],"neow_cost":"NONE","seed_source_timestamp":14434931969100,"circlet_count":0,"master_deck":["AscendersBane","Strike_R","Strike_R","Strike_R","Defend_R","Defend_R","Defend_R","Defend_R","Bash+1","Twin Strike","Iron Wave","Inflame","Headbutt","Rampage","Madness","Inflame","Twin Strike","Armaments+1","Sword Boomerang","Limit Break","Heavy Blade","Flex","Uppercut","RitualDagger","Pommel Strike"],"relics":["Black Blood","Charon\u0027s Ashes","Incense Burner","Old Coin","Pen Nib","Bag of Preparation"],"potions_floor_usage":[14,19,23,23],"damage_taken":[{"damage":8,"enemies":"Jaw Worm","floor":1,"turns":4},{"damage":10,"enemies":"Cultist","floor":3,"turns":4},{"damage":1,"enemies":"Small Slimes","floor":4,"turns":4},{"damage":32,"enemies":"Gremlin Nob","floor":7,"turns":4},{"damage":18,"enemies":"Red Slaver","floor":8,"turns":3},{"damage":14,"enemies":"Blue Slaver","floor":10,"turns":4},{"damage":8,"enemies":"3 Louse","floor":13,"turns":3},{"damage":16,"enemies":"Lagavulin","floor":14,"turns":6},{"damage":8,"enemies":"Slime Boss","floor":16,"turns":7},{"damage":36,"enemies":"Shell Parasite","floor":18,"turns":7},{"damage":0,"enemies":"Spheric Guardian","floor":19,"turns":4},{"damage":35,"enemies":"Snake Plant","floor":21,"turns":5},{"damage":18,"enemies":"Gremlin Leader","floor":23,"turns":4},{"damage":40,"enemies":"Cultist and Chosen","floor":25,"turns":6}],"seed_played":"-2494397055136829071","potions_obtained":[{"floor":8,"key":"Regen Potion"},{"floor":13,"key":"LiquidBronze"},{"floor":16,"key":"PowerPotion"},{"floor":21,"key":"Strength Potion"}],"is_trial":false,"path_per_floor":["M","$","M","M","?","R","E","M","T","M","$","R","M","E","R","B",null,"M","M","$","M","?","E","R","M"],"character_chosen":"IRONCLAD","items_purchased":["Inflame","Pen Nib","Uppercut"],"campfire_rested":2,"item_purchase_floors":[2,20,20],"current_hp_per_floor":[66,66,62,67,67,67,41,29,29,21,21,43,41,46,46,44,67,41,51,51,26,20,12,34,0],"gold":245,"neow_bonus":"THREE_CARDS","is_prod":false,"is_daily":false,"chose_seed":false,"campfire_upgraded":2,"win_rate":0,"timestamp":1559954962,"path_taken":["M","$","M","M","?","R","E","M","T","M","?","R","M","E","R","BOSS","M","M","$","?","?","E","R","M"],"build_version":"2019-01-23","purchased_purges":2,"victory":false,"max_hp_per_floor":[75,75,75,75,75,75,75,75,75,75,75,75,75,75,75,75,75,75,75,75,75,75,75,75,75],"card_choices":[{"not_picked":["Pommel Strike","Headbutt"],"picked":"Twin Strike","floor":0},{"not_picked":["Warcry","Headbutt"],"picked":"Iron Wave","floor":1},{"not_picked":["Combust","Second Wind"],"picked":"Headbutt","floor":3},{"not_picked":["Sever Soul","Pommel Strike"],"picked":"Rampage","floor":4},{"not_picked":["Battle Trance","Wild Strike"],"picked":"Inflame","floor":7},{"not_picked":["Blood for Blood","Anger","Burning Pact"],"picked":"SKIP","floor":8},{"not_picked":["Burning Pact","Anger"],"picked":"Twin Strike","floor":10},{"not_picked":["Cleave","Battle Trance"],"picked":"Armaments","floor":13},{"not_picked":["Corruption","Sentinel"],"picked":"Sword Boomerang","floor":14},{"not_picked":["Reaper","Brutality"],"picked":"Limit Break","floor":16},{"not_picked":["Corruption","Rage"],"picked":"Heavy Blade","floor":18},{"not_picked":["Infernal Blade","Feel No Pain+1"],"picked":"Flex","floor":19},{"not_picked":["Anger","Feel No Pain+1","Twin Strike"],"picked":"SKIP","floor":21},{"not_picked":["Twin Strike+1","Sword Boomerang"],"picked":"Pommel Strike","floor":23}],"player_experience":386745,"relics_obtained":[{"floor":7,"key":"Charon\u0027s Ashes"},{"floor":9,"key":"Incense Burner"},{"floor":14,"key":"Old Coin"},{"floor":23,"key":"Bag of Preparation"}],"event_choices":[{"damage_healed":0,"gold_gain":0,"player_choice":"1 cards matched","damage_taken":0,"max_hp_gain":0,"max_hp_loss":0,"event_name":"Match and Keep!","floor":5,"gold_loss":0,"cards_obtained":["Madness"]},{"damage_healed":0,"gold_gain":0,"player_choice":"Joined the Cult","damage_taken":6,"max_hp_gain":0,"max_hp_loss":0,"event_name":"Nest","floor":22,"gold_loss":0,"cards_obtained":["RitualDagger"]}],"is_beta":false,"boss_relics":[{"not_picked":["Astrolabe","Tiny House"],"picked":"Black Blood"}],"items_purged_floors":[11,20],"is_endless":false,"potions_floor_spawned":[8,13,16,21],"killed_by":"Cultist and Chosen","ascension_level":14}