{"gold_per_floor":[116,135,145,220,230,230,260,260,305,305],"floor_reached":10,"playtime":472,"items_purged":[],"score":105,"play_id":"25a4bdb5-fa56-4843-8dda-7fcf88dba445","local_time":"20190514190646","is_ascension_mode":true,"campfire_choices":[{"data":"Inflame","floor":6,"key":"SMITH"},{"floor":8,"key":"REST"}],"neow_cost":"NONE","seed_source_timestamp":8316975522999,"circlet_count":0,"master_deck":["AscendersBane","Strike_R","Strike_R","Strike_R","Strike_R","Strike_R","Defend_R","Defend_R","Defend_R","Defend_R","Bash+1","Inflame+1","Pommel Strike","Heavy Blade","Battle Trance"],"relics":["Burning Blood","Pantograph","Strawberry"],"potions_floor_usage":[],"damage_taken":[{"damage":6,"enemies":"Cultist","floor":1,"turns":4},{"damage":0,"enemies":"Small Slimes","floor":2,"turns":3},{"damage":8,"enemies":"2 Louse","floor":3,"turns":4},{"damage":18,"enemies":"Exordium Wildlife","floor":5,"turns":6},{"damage":52,"enemies":"Lagavulin","floor":7,"turns":7},{"damage":40,"enemies":"3 Sentries","floor":10,"turns":5}],"seed_played":"851700219237334255","potions_obtained":[{"floor":2,"key":"BloodPotion"},{"floor":5,"key":"PowerPotion"}],"is_trial":false,"path_per_floor":["M","M","M","?","M","R","E","R","T","E"],"character_chosen":"IRONCLAD","items_purchased":[],"campfire_rested":1,"item_purchase_floors":[],"current_hp_per_floor":[72,78,76,65,53,53,7,31,38,0],"gold":305,"neow_bonus":"UPGRADE_CARD","is_prod":false,"is_daily":false,"chose_seed":false,"campfire_upgraded":1,"win_rate":0,"timestamp":1557875206,"path_taken":["M","?","M","?","M","R","E","R","T","E"],"build_version":"2019-01-23","purchased_purges":0,"victory":false,"max_hp_per_floor":[80,80,80,80,80,80,80,80,87,87],"card_choices":[{"not_picked":["Thunderclap","Flex","Sever Soul"],"picked":"SKIP","floor":1},{"not_picked":["Cleave","Pommel Strike"],"picked":"Inflame","floor":2},{"not_picked":["Entrench","Rupture"],"picked":"Pommel Strike","floor":3},{"not_picked":["Rage","Body Slam"],"picked":"Heavy Blade","floor":5},{"not_picked":["Clash","Metallicize"],"picked":"Battle Trance","floor":7}],"player_experience":276045,"relics_obtained":[{"floor":7,"key":"Pantograph"},{"floor":9,"key":"Strawberry"}],"event_choices":[{"damage_healed":0,"gold_gain":75,"player_choice":"Gather Gold","damage_taken":11,"max_hp_gain":0,"max_hp_loss":0,"event_name":"World of Goop","floor":4,"gold_loss":0}],"is_beta":false,"boss_relics":[],"items_purged_floors":[],"is_endless":false,"potions_floor_spawned":[2,5],"killed_by":"3 Sentries","ascension_level":11}