{"gold_per_floor":[113,113,113,124,139,139,166,183,183,214,234,234,234,250,250,250],"floor_reached":16,"playtime":412,"items_purged":[],"score":202,"play_id":"0062e1e2-4294-489e-a6e9-09a159b58e8b","local_time":"20190614180512","is_ascension_mode":true,"campfire_choices":[{"data":"Bash","floor":6,"key":"SMITH"},{"floor":12,"key":"REST"},{"data":"Spot Weakness","floor":15,"key":"SMITH"}],"neow_cost":"NONE","seed_source_timestamp":592875848000,"circlet_count":0,"master_deck":["AscendersBane","Strike_R","Strike_R","Strike_R","Strike_R","Strike_R","Defend_R","Defend_R","Defend_R","Defend_R+1","Bash+1","Spot Weakness+1","Iron Wave","Twin Strike","True Grit+1","Armaments","Shrug It Off","Iron Wave","Thunderclap"],"relics":["Burning Blood","Vajra","Frozen Egg 2","Meat on the Bone"],"potions_floor_usage":[10,16],"damage_taken":[{"damage":1,"enemies":"Cultist","floor":1,"turns":4},{"damage":0,"enemies":"2 Louse","floor":4,"turns":3},{"damage":0,"enemies":"Small Slimes","floor":5,"turns":2},{"damage":35,"enemies":"Lagavulin","floor":7,"turns":7},{"damage":30,"enemies":"Exordium Thugs","floor":8,"turns":6},{"damage":17,"enemies":"Gremlin Nob","floor":10,"turns":4},{"damage":9,"enemies":"Large Slime","floor":11,"turns":6},{"damage":4,"enemies":"Red Slaver","floor":14,"turns":3},{"damage":34,"enemies":"Hexaghost","floor":16,"turns":9}],"seed_played":"-5030049097540949856","potions_obtained":[{"floor":1,"key":"SneckoOil"},{"floor":5,"key":"GamblersBrew"},{"floor":10,"key":"GamblersBrew"}],"is_trial":false,"path_per_floor":["M","?","?","M","M","R","E","M","T","E","M","R","?","M","R","B"],"character_chosen":"IRONCLAD","items_purchased":[],"campfire_rested":1,"item_purchase_floors":[],"current_hp_per_floor":[73,73,73,75,75,75,46,22,22,11,20,42,19,33,33,0],"gold":250,"neow_bonus":"THREE_CARDS","is_prod":false,"is_daily":false,"chose_seed":false,"campfire_upgraded":2,"win_rate":0,"timestamp":1560549912,"path_taken":["M","?","?","M","M","R","E","M","T","E","M","R","?","?","R","BOSS"],"build_version":"2019-01-23","purchased_purges":0,"victory":false,"max_hp_per_floor":[75,75,75,75,75,75,75,75,75,75,75,75,75,75,75,75],"card_choices":[{"not_picked":["Rage","Rupture"],"picked":"Spot Weakness","floor":0},{"not_picked":["Shockwave","Headbutt"],"picked":"Iron Wave","floor":1},{"not_picked":["Spot Weakness","Iron Wave"],"picked":"Twin Strike","floor":4},{"not_picked":["Evolve","Combust"],"picked":"True Grit","floor":5},{"not_picked":["Havoc","Corruption"],"picked":"Armaments","floor":7},{"not_picked":["Flex","Havoc"],"picked":"Shrug It Off","floor":8},{"not_picked":["Spot Weakness","Thunderclap"],"picked":"Iron Wave","floor":10},{"not_picked":["Havoc","Headbutt"],"picked":"Thunderclap","floor":11},{"not_picked":["Exhume","Sword Boomerang","Warcry"],"picked":"SKIP","floor":14}],"player_experience":400537,"relics_obtained":[{"floor":7,"key":"Vajra"},{"floor":9,"key":"Frozen Egg 2"},{"floor":10,"key":"Meat on the Bone"}],"event_choices":[{"damage_healed":0,"gold_gain":0,"player_choice":"Ignored","damage_taken":0,"max_hp_gain":0,"max_hp_loss":0,"event_name":"Liars Game","floor":2,"gold_loss":0},{"damage_healed":0,"gold_gain":0,"player_choice":"Ignored","damage_taken":0,"max_hp_gain":0,"max_hp_loss":0,"event_name":"Golden Wing","floor":3,"gold_loss":0},{"damage_healed":0,"gold_gain":0,"player_choice":"Entered Light","damage_taken":23,"max_hp_gain":0,"max_hp_loss":0,"event_name":"Shining Light","floor":13,"gold_loss":0,"cards_upgraded":["True Grit","Defend_R"]}],"is_beta":false,"boss_relics":[],"items_purged_floors":[],"is_endless":false,"potions_floor_spawned":[1,5,10],"killed_by":"Hexaghost","ascension_level":16}