{"gold_per_floor":[119,129,148,22,35,35,66,66,66,91,91,91,114,134,134,265,265,288,312,326,326,326,347,347,370,370,9,9,47,47,65,65,186,186,210,210,226,249,6,6,6],"floor_reached":41,"playtime":2742,"items_purged":[],"score":514,"play_id":"1515e558-53a8-41e7-b7e2-0bda62ff7c84","local_time":"20190327030719","is_ascension_mode":true,"campfire_choices":[{"data":"Genetic Algorithm","floor":6,"key":"SMITH"},{"floor":8,"key":"REST"},{"floor":15,"key":"REST"},{"floor":24,"key":"REST"},{"floor":30,"key":"REST"},{"floor":32,"key":"REST"},{"data":"Machine Learning","floor":40,"key":"SMITH"}],"neow_cost":"NONE","seed_source_timestamp":3821500295800,"circlet_count":0,"master_deck":["Defend_B","Defend_B","Defend_B","Defend_B","Zap","Dualcast","White Noise","Conserve Battery","Stack","Genetic Algorithm+1","Finesse","Conserve Battery","Leap","Streamline","Glacier","Go for the Eyes","Beam Cell","Echo Form","Double Energy+1","Tempest+1","Cold Snap+1","Beam Cell+1","Redo","Self Repair","Ball Lightning","Zap","Sweeping Beam","Seek","Gash","Storm","Redo","Coolheaded","Melter+1","Double Energy","Machine Learning+1","Ball Lightning","Auto Shields","Electrodynamics","BootSequence","Barrage+1","Ball Lightning+1","White Noise","Redo+1","Steam Power+1","Capacitor"],"relics":["Cracked Core","Centennial Puzzle","Lantern","Matryoshka","Golden Idol","Astrolabe","MutagenicStrength","Pen Nib","Pear","DataDisk","Emotion Chip","Orrery","Runic Capacitor"],"potions_floor_usage":[10,16,16,23,33,33,38],"damage_taken":[{"damage":0,"enemies":"Cultist","floor":1,"turns":3},{"damage":4,"enemies":"Jaw Worm","floor":2,"turns":3},{"damage":0,"enemies":"Small Slimes","floor":3,"turns":3},{"damage":4,"enemies":"Red Slaver","floor":5,"turns":5},{"damage":41,"enemies":"Gremlin Nob","floor":7,"turns":5},{"damage":17,"enemies":"Lagavulin","floor":10,"turns":8},{"damage":6,"enemies":"Looter","floor":13,"turns":3},{"damage":7,"enemies":"Lots of Slimes","floor":14,"turns":8},{"damage":33,"enemies":"The Guardian","floor":16,"turns":10},{"damage":9,"enemies":"3 Byrds","floor":18,"turns":6},{"damage":0,"enemies":"Spheric Guardian","floor":19,"turns":6},{"damage":12,"enemies":"Snake Plant","floor":20,"turns":6},{"damage":33,"enemies":"Chosen and Byrds","floor":23,"turns":6},{"damage":3,"enemies":"Sentry and Sphere","floor":25,"turns":6},{"damage":14,"enemies":"Colosseum Slavers","floor":28,"turns":4},{"damage":38,"enemies":"Slavers","floor":29,"turns":9},{"damage":6,"enemies":"Snecko","floor":31,"turns":5},{"damage":32,"enemies":"Collector","floor":33,"turns":12},{"damage":13,"enemies":"3 Darklings","floor":35,"turns":3},{"damage":0,"enemies":"3 Shapes","floor":37,"turns":2},{"damage":13,"enemies":"Spire Growth","floor":38,"turns":6},{"damage":75,"enemies":"Reptomancer","floor":41,"turns":3}],"seed_played":"5798835291930374144","potions_obtained":[{"floor":1,"key":"LiquidBronze"},{"floor":2,"key":"FearPotion"},{"floor":5,"key":"LiquidBronze"},{"floor":10,"key":"Poison Potion"},{"floor":16,"key":"Fire Potion"},{"floor":19,"key":"EssenceOfSteel"},{"floor":23,"key":"Poison Potion"},{"floor":29,"key":"FocusPotion"},{"floor":33,"key":"Swift Potion"},{"floor":35,"key":"Poison Potion"}],"is_trial":false,"path_per_floor":["M","M","M","$","M","R","E","R","T","E","?","?","M","M","R","B",null,"M","M","M","?","?","M","R","M","T","$","?","E","R","M","R","B",null,"M","?","M","M","$","R","E"],"character_chosen":"DEFECT","items_purchased":["Genetic Algorithm","Finesse","DataDisk","Gash","Storm","Redo","Coolheaded","Runic Capacitor","Capacitor"],"campfire_rested":5,"item_purchase_floors":[4,4,27,27,27,27,27,39,39],"current_hp_per_floor":[82,78,78,78,74,74,33,57,57,40,40,40,34,27,49,16,76,67,67,55,55,55,29,51,55,65,65,51,20,45,46,71,39,86,73,73,73,67,67,67,0],"gold":6,"neow_bonus":"TEN_PERCENT_HP_BONUS","is_prod":false,"is_daily":false,"chose_seed":false,"campfire_upgraded":2,"win_rate":0,"timestamp":1553670439,"path_taken":["M","M","?","$","M","R","E","R","T","E","?","?","?","M","R","BOSS","M","M","M","?","?","M","R","?","T","$","?","E","R","M","R","BOSS","M","?","M","M","$","R","E"],"build_version":"2019-01-23","purchased_purges":0,"victory":false,"max_hp_per_floor":[82,82,82,82,82,82,82,82,82,82,76,76,76,76,76,76,76,76,76,76,76,76,76,76,76,86,86,86,86,86,86,86,86,86,86,86,86,86,86,86,86],"card_choices":[{"not_picked":["BootSequence","Heatsinks"],"picked":"White Noise","floor":1},{"not_picked":["Storm","Streamline"],"picked":"Conserve Battery","floor":2},{"not_picked":["Compile Driver","Sunder"],"picked":"Stack","floor":3},{"not_picked":["Capacitor","Storm"],"picked":"Conserve Battery","floor":5},{"not_picked":["Lockon","Genetic Algorithm"],"picked":"Leap","floor":7},{"not_picked":["Undo","Compile Driver"],"picked":"Streamline","floor":10},{"not_picked":["Steam Power","Static Discharge"],"picked":"Go for the Eyes","floor":13},{"not_picked":["Streamline","Turbo"],"picked":"Beam Cell","floor":14},{"not_picked":["Reboot","Fission"],"picked":"Echo Form","floor":16},{"not_picked":["BootSequence","Barrage"],"picked":"Beam Cell+1","floor":18},{"not_picked":["Double Energy","Steam+1"],"picked":"Redo","floor":19},{"not_picked":["Steam Power","Recycle"],"picked":"Self Repair","floor":20},{"not_picked":["Heatsinks","Rebound"],"picked":"Sweeping Beam","floor":23},{"not_picked":["Streamline","Coolheaded"],"picked":"Seek","floor":25},{"not_picked":["Recycle","Conserve Battery+1"],"picked":"Melter+1","floor":29},{"not_picked":["Barrage","Consume"],"picked":"Double Energy","floor":31},{"not_picked":["Seek","Reboot"],"picked":"Machine Learning","floor":33},{"not_picked":["Coolheaded","Barrage"],"picked":"Ball Lightning","floor":34},{"not_picked":["Ball Lightning+1","Reinforced Body"],"picked":"Auto Shields","floor":34},{"not_picked":["Steam","Streamline"],"picked":"Electrodynamics","floor":34},{"not_picked":["Sunder","Hologram+1"],"picked":"BootSequence","floor":34},{"not_picked":["Double Energy","Beam Cell"],"picked":"Barrage+1","floor":34},{"not_picked":["Compile Driver+1","Steam"],"picked":"Ball Lightning+1","floor":35},{"not_picked":["Compile Driver+1","Machine Learning"],"picked":"Redo+1","floor":37},{"not_picked":["Rip and Tear","Undo+1"],"picked":"Steam Power+1","floor":38}],"player_experience":67002,"relics_obtained":[{"floor":7,"key":"Centennial Puzzle"},{"floor":9,"key":"Lantern"},{"floor":10,"key":"Matryoshka"},{"floor":26,"key":"Pen Nib"},{"floor":26,"key":"Pear"},{"floor":29,"key":"Emotion Chip"}],"event_choices":[{"damage_healed":0,"gold_gain":0,"player_choice":"Lose Max HP","damage_taken":0,"relics_obtained":["Golden Idol"],"max_hp_gain":0,"max_hp_loss":6,"event_name":"Golden Idol","floor":11,"gold_loss":0},{"damage_healed":0,"gold_gain":0,"cards_transformed":["Strike_B"],"player_choice":"Transformed","damage_taken":0,"max_hp_gain":0,"max_hp_loss":0,"event_name":"Transmorgrifier","floor":12,"gold_loss":0,"cards_obtained":["Glacier"]},{"damage_healed":0,"gold_gain":0,"player_choice":"Inject Mutagens","damage_taken":0,"relics_obtained":["MutagenicStrength"],"max_hp_gain":0,"max_hp_loss":0,"event_name":"Drug Dealer","floor":21,"gold_loss":0},{"damage_healed":0,"gold_gain":0,"player_choice":"2 cards matched","damage_taken":0,"max_hp_gain":0,"max_hp_loss":0,"event_name":"Match and Keep!","floor":22,"gold_loss":0,"cards_obtained":["Ball Lightning","Zap"]},{"damage_healed":0,"gold_gain":0,"player_choice":"Fight","damage_taken":0,"max_hp_gain":0,"max_hp_loss":0,"event_name":"Colosseum","floor":28,"gold_loss":0},{"damage_healed":0,"gold_gain":0,"player_choice":"Fled From Nobs","damage_taken":0,"max_hp_gain":0,"max_hp_loss":0,"event_name":"Colosseum","floor":28,"gold_loss":0},{"damage_healed":0,"gold_gain":0,"player_choice":"Copied","damage_taken":0,"max_hp_gain":0,"max_hp_loss":0,"event_name":"Duplicator","floor":36,"gold_loss":0,"cards_obtained":["White Noise"]}],"is_beta":false,"boss_relics":[{"not_picked":["Empty Cage","Cursed Key"],"picked":"Astrolabe"},{"not_picked":["Lizard Tail","Calling Bell"],"picked":"Orrery"}],"items_purged_floors":[],"is_endless":false,"potions_floor_spawned":[1,2,5,10,16,19,20,23,25,29,33,35],"killed_by":"Reptomancer","ascension_level":3}