{"gold_per_floor":[112,124,135,135,135,135,167,185,211,231,231,20,20,31,31,108,108,118,71,71],"floor_reached":20,"playtime":1814,"items_purged":["Strike_G"],"score":352,"play_id":"09341482-82de-41eb-8355-adb15b6f267c","local_time":"20190830235551","is_ascension_mode":true,"campfire_choices":[{"data":"Dagger Throw","floor":6.0,"key":"SMITH"},{"data":"Footwork","floor":11.0,"key":"SMITH"},{"data":"Leg Sweep","floor":13.0,"key":"SMITH"},{"data":"Noxious Fumes","floor":15.0,"key":"SMITH"}],"neow_cost":"NONE","seed_source_timestamp":0,"circlet_count":0,"master_deck":["AscendersBane","Strike_G","Strike_G","Strike_G","Strike_G","Defend_G","Defend_G","Defend_G","Defend_G","Defend_G","Survivor","Neutralize","Footwork+1","Sucker Punch","Dagger Throw+1","Deadly Poison","Leg Sweep+1","Acrobatics","Noxious Fumes+1","Dodge and Roll","Well Laid Plans","Die Die Die","Blur"],"special_seed":0,"relics":["Ring of the Snake","GremlinMask","Boot","Blood Vial","Velvet Choker"],"potions_floor_usage":[20],"damage_taken":[{"damage":4.0,"enemies":"Small Slimes","floor":1.0,"turns":5.0},{"damage":6.0,"enemies":"Cultist","floor":2.0,"turns":5.0},{"damage":0.0,"enemies":"2 Louse","floor":3.0,"turns":3.0},{"damage":36.0,"enemies":"Lagavulin","floor":7.0,"turns":10.0},{"damage":0.0,"enemies":"Blue Slaver","floor":8.0,"turns":4.0},{"damage":5.0,"enemies":"Looter","floor":10.0,"turns":4.0},{"damage":5.0,"enemies":"Large Slime","floor":14.0,"turns":9.0},{"damage":4.0,"enemies":"Hexaghost","floor":16.0,"turns":10.0},{"damage":2,"enemies":"Shell Parasite","floor":18,"turns":6},{"damage":18,"enemies":"2 Thieves","floor":19,"turns":5},{"damage":50,"enemies":"Masked Bandits","floor":20,"turns":4}],"seed_played":"1712234146152398831","potions_obtained":[{"floor":1.0,"key":"SteroidPotion"},{"floor":7.0,"key":"Swift Potion"},{"floor":19,"key":"EssenceOfSteel"}],"is_trial":false,"path_per_floor":["M","M","M","?","?","R","E","M","T","M","R","$","R","M","R","B",null,"M","M","?"],"character_chosen":"THE_SILENT","items_purchased":["Noxious Fumes","Dodge and Roll"],"campfire_rested":0,"item_purchase_floors":[12,12],"current_hp_per_floor":[61,55,55,60,60,60,24,24,24,21,21,21,21,18,18,16,62,62,46,0],"gold":71,"neow_bonus":"TEN_PERCENT_HP_BONUS","is_prod":false,"is_daily":false,"chose_seed":false,"campfire_upgraded":4,"win_rate":0,"timestamp":1567234551,"path_taken":["M","M","M","?","?","R","E","M","T","M","R","$","R","?","R","BOSS","M","?","?"],"build_version":"2019-07-17","purchased_purges":1,"victory":false,"max_hp_per_floor":[72,72,72,77,77,77,77,77,77,77,77,77,77,77,77,77,77,77,77,77],"card_choices":[{"not_picked":["Escape Plan","Flying Knee"],"picked":"Footwork","floor":1.0},{"not_picked":["Dodge and Roll","Catalyst"],"picked":"Sucker Punch","floor":2.0},{"not_picked":["Accuracy","Outmaneuver"],"picked":"Dagger Throw","floor":3.0},{"not_picked":["Dodge and Roll","A Thousand Cuts"],"picked":"Deadly Poison","floor":7.0},{"not_picked":["Dagger Spray","Terror"],"picked":"Leg Sweep","floor":8.0},{"not_picked":["Expertise","Tactician"],"picked":"Acrobatics","floor":10.0},{"not_picked":["Blade Dance","Endless Agony"],"picked":"Well Laid Plans","floor":14.0},{"not_picked":["Glass Knife","A Thousand Cuts"],"picked":"Die Die Die","floor":16.0},{"not_picked":["Concentrate","Acrobatics","Poisoned Stab"],"picked":"SKIP","floor":18},{"not_picked":["Expertise","Noxious Fumes"],"picked":"Blur","floor":19}],"player_experience":621723,"relics_obtained":[{"floor":7.0,"key":"Boot"},{"floor":9.0,"key":"Blood Vial"}],"event_choices":[{"damage_healed":0.0,"max_hp_gain":5.0,"max_hp_loss":0.0,"gold_gain":0.0,"event_name":"Big Fish","player_choice":"Donut","floor":4.0,"gold_loss":0.0,"damage_taken":0.0},{"damage_healed":0.0,"max_hp_gain":0.0,"max_hp_loss":0.0,"gold_gain":0.0,"event_name":"FaceTrader","player_choice":"Trade","floor":5.0,"gold_loss":0.0,"damage_taken":0.0,"relics_obtained":["GremlinMask"]},{"damage_healed":0,"gold_gain":0,"player_choice":"Fought Bandits","damage_taken":0,"max_hp_gain":0,"max_hp_loss":0,"event_name":"Masked Bandits","floor":20,"gold_loss":0}],"is_beta":false,"boss_relics":[{"not_picked":["Black Star","Ring of the Serpent"],"picked":"Velvet Choker"}],"items_purged_floors":[12],"is_endless":false,"potions_floor_spawned":[1,7,19],"killed_by":"Masked Bandits","ascension_level":20}