{"gold_per_floor":[115,115,190,18,18,56,56,97,97,47,90,108,131,145,145,266,266,281,297,297,144,164,197,197,221,221,221,72,103,103,126,126,257,257,281,281,0,15,348,374,374,374,374,97,97,113,83,93,93,93],"floor_reached":51,"playtime":1475,"items_purged":["Strike_B","Strike_B","Strike_B"],"score":1007,"play_id":"968ad0f1-04d1-4779-827c-3eafbf58f6ac","local_time":"20190819153906","is_ascension_mode":true,"campfire_choices":[{"data":"Dualcast","floor":7,"key":"SMITH"},{"floor":15,"key":"DIG"},{"floor":24,"key":"REST"},{"floor":30,"key":"REST"},{"floor":32,"key":"DIG"},{"floor":41,"key":"DIG"},{"floor":45,"key":"DIG"},{"floor":49,"key":"DIG"}],"neow_cost":"NONE","seed_source_timestamp":8699185948000,"circlet_count":0,"master_deck":["Defend_B","Defend_B","Defend_B","Zap+1","Dualcast+1","Ball Lightning","Self Repair","Streamline","Sweeping Beam","Conserve Battery","Capacitor","Stack","Cold Snap","Core Surge","Ball Lightning","Genetic Algorithm+1","Coolheaded","Go for the Eyes","Chaos+1","Lockon","Amplify","Seek","Defragment+1","Steam+1","Conserve Battery","Capacitor","Coolheaded","Glacier+1","White Noise+1"],"relics":["Cracked Core","NeowsBlessing","Omamori","Orichalcum","Oddly Smooth Stone","Shovel","Symbiotic Virus","Calling Bell","PreservedInsect","Pear","Du-Vu Doll","Blue Candle","Nloth\u0027s Gift","Pen Nib","FossilizedHelix","Ancient Tea Set","Philosopher\u0027s Stone","Red Mask","Regal Pillow","Cables","Bottled Lightning","Letter Opener","Bottled Flame"],"potions_floor_usage":[12,33,33,46,47,50,50],"damage_taken":[{"damage":0,"enemies":"Jaw Worm","floor":1,"turns":1},{"damage":0,"enemies":"Lagavulin","floor":6,"turns":1},{"damage":0,"enemies":"3 Sentries","floor":8,"turns":1},{"damage":14,"enemies":"Lagavulin","floor":11,"turns":6},{"damage":0,"enemies":"Small Slimes","floor":12,"turns":2},{"damage":0,"enemies":"2 Louse","floor":13,"turns":1},{"damage":4,"enemies":"Blue Slaver","floor":14,"turns":3},{"damage":4,"enemies":"Hexaghost","floor":16,"turns":8},{"damage":3,"enemies":"Spheric Guardian","floor":18,"turns":4},{"damage":12,"enemies":"3 Byrds","floor":19,"turns":5},{"damage":29,"enemies":"Snake Plant","floor":22,"turns":5},{"damage":32,"enemies":"Slavers","floor":23,"turns":5},{"damage":11,"enemies":"Snecko","floor":25,"turns":5},{"damage":29,"enemies":"Book of Stabbing","floor":29,"turns":5},{"damage":1,"enemies":"Chosen and Byrds","floor":31,"turns":5},{"damage":25,"enemies":"Collector","floor":33,"turns":10},{"damage":12,"enemies":"3 Shapes","floor":35,"turns":4},{"damage":0,"enemies":"Orb Walker","floor":38,"turns":3},{"damage":28,"enemies":"Nemesis","floor":40,"turns":5},{"damage":4,"enemies":"Maw","floor":46,"turns":6},{"damage":3,"enemies":"Spire Growth","floor":48,"turns":6},{"damage":30,"enemies":"Time Eater","floor":50,"turns":11}],"seed_played":"818597598212821811","potions_obtained":[{"floor":6,"key":"Explosive Potion"},{"floor":11,"key":"Swift Potion"},{"floor":16,"key":"Ancient Potion"},{"floor":22,"key":"PowerPotion"},{"floor":35,"key":"Explosive Potion"},{"floor":47,"key":"Dexterity Potion"},{"floor":47,"key":"Fruit Juice"}],"is_trial":false,"path_per_floor":["M","?","?","$","?","E","R","E","T","?","E","M","M","M","R","B",null,"M","M","?","$","M","E","R","M","T","?","$","E","R","M","R","B",null,"M","?","?","M","?","E","R","?","T","$","R","M","?","M","R","B",null],"character_chosen":"DEFECT","items_purchased":["Self Repair","Streamline","Coolheaded","Pen Nib","Conserve Battery","Capacitor","Coolheaded"],"campfire_rested":2,"item_purchase_floors":[4,4,21,28,44,44,44],"current_hp_per_floor":[75,57,46,46,46,46,46,46,46,46,39,46,46,49,49,52,85,85,80,64,64,42,17,44,40,40,40,40,18,45,51,51,33,90,85,85,85,90,90,69,69,69,69,69,69,72,77,81,81,58],"gold":93,"neow_bonus":"THREE_ENEMY_KILL","is_prod":false,"is_daily":false,"chose_seed":false,"campfire_upgraded":1,"win_rate":0,"timestamp":1566243546,"path_taken":["M","?","?","$","?","E","R","E","T","?","E","?","M","M","R","BOSS","M","M","?","$","M","E","R","M","T","?","$","E","R","M","R","BOSS","M","?","?","M","?","E","R","?","T","$","R","?","?","M","R","BOSS"],"build_version":"2019-07-17","purchased_purges":3,"victory":true,"max_hp_per_floor":[75,75,75,75,75,75,75,75,75,75,75,75,75,75,75,75,85,85,85,90,90,90,90,90,90,90,90,90,90,90,90,90,90,90,90,90,90,90,90,90,90,90,90,90,90,90,95,95,95,95],"card_choices":[{"not_picked":["Hologram","Steam"],"picked":"Ball Lightning","floor":1},{"not_picked":["Ball Lightning","Coolheaded"],"picked":"Sweeping Beam","floor":6},{"not_picked":["White Noise","Steam"],"picked":"Conserve Battery","floor":8},{"not_picked":["Steam Power","Creative AI","Turbo"],"picked":"SKIP","floor":11},{"not_picked":["Double Energy","Hello World"],"picked":"Capacitor","floor":12},{"not_picked":["Cold Snap","Leap"],"picked":"Stack","floor":13},{"not_picked":["Ball Lightning","Hyperbeam"],"picked":"Cold Snap","floor":14},{"not_picked":["Meteor Strike","Rainbow"],"picked":"Core Surge","floor":16},{"not_picked":["Go for the Eyes","Barrage"],"picked":"Ball Lightning","floor":18},{"not_picked":["Gash+1","Turbo"],"picked":"Genetic Algorithm+1","floor":19},{"not_picked":["Stack","Rebound"],"picked":"Go for the Eyes","floor":22},{"not_picked":["Tempest","Genetic Algorithm"],"picked":"Chaos+1","floor":23},{"not_picked":["Coolheaded","Rebound","BootSequence"],"picked":"SKIP","floor":25},{"not_picked":["Hyperbeam","Scrape","Meteor Strike"],"picked":"SKIP","floor":29},{"not_picked":["Stack","Rainbow"],"picked":"Lockon","floor":31},{"not_picked":["Core Surge","Multi-Cast"],"picked":"Amplify","floor":33},{"not_picked":["Rip and Tear+1","Sweeping Beam"],"picked":"Seek","floor":35},{"not_picked":["Turbo","Genetic Algorithm+1"],"picked":"Defragment+1","floor":38},{"not_picked":["Thunder Strike","Barrage"],"picked":"Steam+1","floor":40},{"not_picked":["Go for the Eyes","Heatsinks+1"],"picked":"Glacier+1","floor":46},{"not_picked":["Storm","Blizzard+1"],"picked":"White Noise+1","floor":48}],"player_experience":455558,"relics_obtained":[{"floor":6,"key":"Omamori"},{"floor":8,"key":"Orichalcum"},{"floor":9,"key":"Oddly Smooth Stone"},{"floor":11,"key":"Shovel"},{"floor":15,"key":"Symbiotic Virus"},{"floor":17,"key":"PreservedInsect"},{"floor":17,"key":"Pear"},{"floor":17,"key":"Du-Vu Doll"},{"floor":23,"key":"Blue Candle"},{"floor":26,"key":"The Courier"},{"floor":29,"key":"FossilizedHelix"},{"floor":32,"key":"Ancient Tea Set"},{"floor":40,"key":"Regal Pillow"},{"floor":41,"key":"Cables"},{"floor":43,"key":"Bottled Lightning"},{"floor":45,"key":"Letter Opener"},{"floor":49,"key":"Bottled Flame"}],"event_choices":[{"damage_healed":0,"gold_gain":0,"player_choice":"Take Damage","damage_taken":18,"relics_obtained":["Golden Idol"],"max_hp_gain":0,"max_hp_loss":0,"event_name":"Golden Idol","floor":2,"gold_loss":0},{"damage_healed":0,"gold_gain":75,"player_choice":"Gather Gold","damage_taken":11,"max_hp_gain":0,"max_hp_loss":0,"event_name":"World of Goop","floor":3,"gold_loss":0},{"damage_healed":0,"gold_gain":0,"player_choice":"Grow","damage_taken":0,"max_hp_gain":0,"max_hp_loss":0,"event_name":"Living Wall","floor":5,"gold_loss":0,"cards_upgraded":["Zap"]},{"cards_removed":["Strike_B"],"damage_healed":0,"gold_gain":0,"player_choice":"Card Removal","damage_taken":0,"max_hp_gain":0,"max_hp_loss":0,"event_name":"The Cleric","floor":10,"gold_loss":50},{"damage_healed":0,"gold_gain":0,"player_choice":"Shed Blood","damage_taken":21,"max_hp_gain":5,"max_hp_loss":0,"event_name":"Forgotten Altar","floor":20,"gold_loss":0},{"damage_healed":0,"gold_gain":0,"player_choice":"Traded Relic","damage_taken":0,"relics_obtained":["Nloth\u0027s Gift"],"max_hp_gain":0,"max_hp_loss":0,"event_name":"N\u0027loth","floor":27,"relics_lost":["The Courier"],"gold_loss":0},{"cards_removed":["Defend_B"],"damage_healed":0,"gold_gain":0,"player_choice":"Removed Skill","damage_taken":0,"max_hp_gain":0,"max_hp_loss":0,"event_name":"Falling","floor":36,"gold_loss":0},{"damage_healed":0,"gold_gain":0,"player_choice":"Paid","damage_taken":0,"relics_obtained":["Red Mask"],"max_hp_gain":0,"max_hp_loss":0,"event_name":"Tomb of Lord Red Mask","floor":37,"gold_loss":281},{"damage_healed":0,"gold_gain":333,"player_choice":"Gave Idol","damage_taken":0,"max_hp_gain":0,"max_hp_loss":0,"event_name":"The Moai Head","floor":39,"relics_lost":["Golden Idol"],"gold_loss":0},{"cards_removed":["Decay"],"damage_healed":0,"gold_gain":0,"player_choice":"Purged","damage_taken":0,"max_hp_gain":0,"max_hp_loss":0,"event_name":"Purifier","floor":42,"gold_loss":0},{"damage_healed":0,"gold_gain":0,"player_choice":"Bought 2 Potions","damage_taken":0,"max_hp_gain":0,"max_hp_loss":0,"event_name":"The Woman in Blue","floor":47,"gold_loss":0}],"is_beta":false,"boss_relics":[{"not_picked":["Coffee Dripper","Lizard Tail"],"picked":"Calling Bell"},{"not_picked":["Pandora\u0027s Box","Black Star"],"picked":"Philosopher\u0027s Stone"}],"items_purged_floors":[4,21,44],"is_endless":false,"potions_floor_spawned":[6,11,16,22,23,31,35],"ascension_level":4}