{"gold_per_floor":[112,125,125,142,67,67,67,67,67,98,98,111,111,130,130,258,258,274,274,199,124,140,140,181,181,251,285,385,409,409,429,429,553,553,567,143,157,172,195,195,215,215,215,215,236,111,127,142,142,142],"floor_reached":51,"playtime":2534,"items_purged":["Anger","Normality","Strike_R"],"score":924,"play_id":"5064b9b0-1f69-4e82-84da-6e50f03f8802","local_time":"20190413235236","is_ascension_mode":true,"campfire_choices":[{"data":"Bash","floor":6,"key":"SMITH"},{"data":"Rampage","floor":8,"key":"SMITH"},{"data":"Cleave","floor":11,"key":"SMITH"},{"data":"Infernal Blade","floor":15,"key":"SMITH"},{"data":"Metallicize","floor":23,"key":"SMITH"},{"data":"Inflame","floor":25,"key":"SMITH"},{"data":"Feed","floor":30,"key":"SMITH"},{"floor":32,"key":"REST"},{"data":"Shrug It Off","floor":40,"key":"SMITH"},{"data":"1","floor":44,"key":"LIFT"},{"floor":49,"key":"REST"}],"neow_cost":"NONE","seed_source_timestamp":126982385400,"circlet_count":0,"master_deck":["Strike_R","Strike_R","Defend_R+1","Defend_R","Defend_R+1","Defend_R","Bash+1","Infernal Blade+1","Uppercut+1","Cleave+1","Rampage+1","Reaper","Metallicize+1","Headbutt","Feed+1","Flex+1","Inflame+1","Headbutt","Shrug It Off+1","Headbutt+1","Inflame","Pommel Strike+1","Burning Pact","Shrug It Off","Headbutt+1","Dropkick+1","Rage+1"],"relics":["Burning Blood","Ornamental Fan","Question Card","Golden Idol","Cursed Key","Ice Cream","Kunai","Blue Candle","Sozu","War Paint","Omamori","Girya"],"potions_floor_usage":[12,12,16,24,27,27,33],"damage_taken":[{"damage":17,"enemies":"2 Louse","floor":1,"turns":3},{"damage":6,"enemies":"Cultist","floor":2,"turns":3},{"damage":7,"enemies":"Jaw Worm","floor":4,"turns":2},{"damage":28,"enemies":"Gremlin Nob","floor":10,"turns":4},{"damage":6,"enemies":"Gremlin Gang","floor":12,"turns":3},{"damage":13,"enemies":"Large Slime","floor":14,"turns":2},{"damage":45,"enemies":"The Guardian","floor":16,"turns":11},{"damage":4,"enemies":"Spheric Guardian","floor":18,"turns":3},{"damage":7,"enemies":"Chosen","floor":22,"turns":4},{"damage":46,"enemies":"Gremlin Leader","floor":24,"turns":7},{"damage":31,"enemies":"Book of Stabbing","floor":27,"turns":4},{"damage":13,"enemies":"Centurion and Healer","floor":29,"turns":5},{"damage":21,"enemies":"Sentry and Sphere","floor":31,"turns":5},{"damage":75,"enemies":"Automaton","floor":33,"turns":11},{"damage":7,"enemies":"Orb Walker","floor":35,"turns":3},{"damage":31,"enemies":"3 Shapes","floor":37,"turns":5},{"damage":11,"enemies":"Transient","floor":38,"turns":5},{"damage":14,"enemies":"Maw","floor":39,"turns":7},{"damage":13,"enemies":"Writhing Mass","floor":41,"turns":6},{"damage":34,"enemies":"4 Shapes","floor":45,"turns":4},{"damage":49,"enemies":"Spire Growth","floor":47,"turns":5},{"damage":10,"enemies":"Sphere and 2 Shapes","floor":48,"turns":4},{"damage":64,"enemies":"Donu and Deca","floor":50,"turns":10}],"seed_played":"1598748222820818231","potions_obtained":[{"floor":1,"key":"Explosive Potion"},{"floor":10,"key":"BloodPotion"},{"floor":12,"key":"Fruit Juice"},{"floor":18,"key":"FearPotion"},{"floor":22,"key":"Fire Potion"},{"floor":24,"key":"BloodPotion"},{"floor":31,"key":"GamblersBrew"}],"is_trial":false,"path_per_floor":["M","M","?","M","$","R","?","R","T","E","R","M","?","M","R","B",null,"M","?","$","?","M","R","E","R","T","E","?","M","R","M","R","B",null,"M","$","M","M","M","R","M","?","T","R","M","$","M","M","R","B",null],"character_chosen":"IRONCLAD","items_purchased":["Rampage","Inflame","War Paint","Omamori"],"campfire_rested":2,"item_purchase_floors":[5,36,36,36],"current_hp_per_floor":[77,77,77,76,76,76,76,76,76,54,54,68,45,38,38,12,73,75,75,75,75,81,81,59,59,59,47,47,53,53,49,80,32,88,91,91,78,86,92,92,93,93,93,93,84,84,41,41,78,45],"gold":142,"neow_bonus":"TEN_PERCENT_HP_BONUS","is_prod":false,"is_daily":false,"chose_seed":false,"campfire_upgraded":8,"win_rate":0,"timestamp":1555213956,"path_taken":["M","M","?","M","?","R","?","R","T","E","R","?","?","M","R","BOSS","M","?","$","?","M","R","E","R","T","E","?","M","R","M","R","BOSS","M","$","M","M","M","R","?","?","T","R","M","?","M","M","R","BOSS"],"build_version":"2019-01-23","purchased_purges":3,"victory":true,"max_hp_per_floor":[88,88,88,88,88,88,88,88,88,88,88,93,93,93,93,93,93,93,93,93,93,96,96,99,99,99,99,99,102,102,106,106,106,106,110,110,110,110,114,114,118,118,118,118,122,122,122,126,126,126],"card_choices":[{"not_picked":["Clothesline","Havoc"],"picked":"Infernal Blade","floor":1},{"not_picked":["Pommel Strike","Shockwave"],"picked":"Uppercut","floor":2},{"not_picked":["Rampage","Headbutt"],"picked":"Cleave","floor":4},{"not_picked":["Clash","Twin Strike"],"picked":"Reaper","floor":10},{"not_picked":["Seeing Red","Flex","Carnage"],"picked":"Metallicize","floor":12},{"not_picked":["Wild Strike","Anger","Power Through"],"picked":"Headbutt","floor":14},{"not_picked":["Limit Break","Exhume","Barricade"],"picked":"Feed","floor":16},{"not_picked":["True Grit","Thunderclap","Bloodletting","Body Slam"],"picked":"SKIP","floor":18},{"not_picked":["Sentinel","Corruption","Combust"],"picked":"Flex+1","floor":22},{"not_picked":["Wild Strike","Intimidate","Sword Boomerang"],"picked":"Inflame","floor":24},{"not_picked":["Blood for Blood","Body Slam+1","Armaments+1"],"picked":"Headbutt","floor":27},{"not_picked":["Havoc","Sever Soul","Fiend Fire","Second Wind"],"picked":"SKIP","floor":29},{"not_picked":["Cleave","Heavy Blade","Sever Soul+1"],"picked":"Shrug It Off","floor":31},{"not_picked":["Pummel","Fire Breathing","Clash+1"],"picked":"Headbutt+1","floor":35},{"not_picked":["Rage+1","Wild Strike+1","Warcry+1"],"picked":"Pommel Strike+1","floor":37},{"not_picked":["Clash","Clothesline","Armaments"],"picked":"Burning Pact","floor":38},{"not_picked":["Havoc+1","Clothesline+1","Thunderclap+1"],"picked":"Spot Weakness","floor":39},{"not_picked":["Iron Wave","Uppercut","Rampage+1"],"picked":"Shrug It Off","floor":41},{"not_picked":["Cleave+1","Feed","Wild Strike"],"picked":"Headbutt+1","floor":45},{"not_picked":["Iron Wave","Headbutt+1","Inflame"],"picked":"Dropkick+1","floor":47},{"not_picked":["Clothesline+1","Thunderclap","Sword Boomerang"],"picked":"Rage+1","floor":48}],"player_experience":119992,"relics_obtained":[{"floor":9,"key":"Ornamental Fan"},{"floor":10,"key":"Question Card"},{"floor":24,"key":"Ice Cream"},{"floor":26,"key":"Kunai"},{"floor":27,"key":"Blue Candle"},{"floor":43,"key":"Girya"}],"event_choices":[{"damage_healed":0,"gold_gain":0,"cards_transformed":["Strike_R"],"player_choice":"Transformed","damage_taken":0,"max_hp_gain":0,"max_hp_loss":0,"event_name":"Transmorgrifier","floor":3,"gold_loss":0,"cards_obtained":["Anger"]},{"damage_healed":0,"gold_gain":0,"player_choice":"Forge","damage_taken":0,"max_hp_gain":0,"max_hp_loss":0,"event_name":"Accursed Blacksmith","floor":7,"gold_loss":0,"cards_upgraded":["Uppercut"]},{"damage_healed":0,"gold_gain":0,"player_choice":"Take Damage","damage_taken":23,"relics_obtained":["Golden Idol"],"max_hp_gain":0,"max_hp_loss":0,"event_name":"Golden Idol","floor":13,"gold_loss":0},{"damage_healed":0,"gold_gain":0,"player_choice":"Ignored","damage_taken":0,"max_hp_gain":0,"max_hp_loss":0,"event_name":"Vampires","floor":19,"gold_loss":0},{"cards_removed":["Strike_R"],"damage_healed":0,"gold_gain":0,"player_choice":"Gave Gold","damage_taken":0,"max_hp_gain":0,"max_hp_loss":0,"event_name":"Beggar","floor":21,"gold_loss":75},{"damage_healed":0,"gold_gain":100,"player_choice":"Pray","damage_taken":0,"max_hp_gain":0,"max_hp_loss":0,"event_name":"Golden Shrine","floor":28,"gold_loss":0},{"cards_removed":["Spot Weakness"],"damage_healed":0,"gold_gain":0,"player_choice":"Removed Skill","damage_taken":0,"max_hp_gain":0,"max_hp_loss":0,"event_name":"Falling","floor":42,"gold_loss":0}],"is_beta":false,"boss_relics":[{"not_picked":["Runic Cube","Fusion Hammer"],"picked":"Cursed Key"},{"not_picked":["Snecko Eye","Empty Cage"],"picked":"Sozu"}],"items_purged_floors":[20,36,46],"is_endless":false,"potions_floor_spawned":[1,10,12,18,22,24,31,37,39,48],"ascension_level":5}