{"gold_per_floor":[218,17,17,17,92,92,92,111,111,111,11,30,41,41,41,140,140,156,31,31,31,46,46,61,79,124,124,137,137,137,137,137,137],"floor_reached":33,"playtime":1020,"items_purged":["Strike_R","Strike_R","Defend_R"],"score":338,"play_id":"e663499d-13f6-402b-b9c7-696f3572fa1b","local_time":"20190429020140","is_ascension_mode":true,"campfire_choices":[{"data":"Carnage","floor":6,"key":"SMITH"},{"data":"Bash","floor":10,"key":"SMITH"},{"data":"True Grit","floor":15,"key":"SMITH"},{"data":"RitualDagger","floor":23,"key":"SMITH"},{"data":"Whirlwind","floor":27,"key":"SMITH"},{"data":"Disarm","floor":29,"key":"SMITH"},{"floor":32,"key":"REST"}],"neow_cost":"NONE","seed_source_timestamp":4970741982800,"circlet_count":0,"master_deck":["Strike_R","Strike_R","Defend_R","Defend_R","Bash+1","Pommel Strike+1","Carnage+1","Shrug It Off+1","Cleave","True Grit+1","Whirlwind+1","RitualDagger+1","Dark Embrace","Iron Wave","Disarm+1","Writhe"],"relics":["Burning Blood","Singing Bowl","Sundial","Sozu","Oddly Smooth Stone","Bag of Marbles"],"potions_floor_usage":[16,16],"damage_taken":[{"damage":9,"enemies":"Jaw Worm","floor":1,"turns":4},{"damage":7,"enemies":"Small Slimes","floor":8,"turns":3},{"damage":3,"enemies":"2 Louse","floor":12,"turns":2},{"damage":2,"enemies":"Large Slime","floor":13,"turns":4},{"damage":20,"enemies":"Hexaghost","floor":16,"turns":7},{"damage":3,"enemies":"Shell Parasite","floor":18,"turns":3},{"damage":13,"enemies":"2 Thieves","floor":22,"turns":3},{"damage":1,"enemies":"Cultist and Chosen","floor":24,"turns":4},{"damage":35,"enemies":"Sentry and Sphere","floor":25,"turns":5},{"damage":12,"enemies":"Chosen and Byrds","floor":28,"turns":4},{"damage":54,"enemies":"Automaton","floor":33,"turns":6}],"seed_played":"8471517977751461172","potions_obtained":[{"floor":12,"key":"SpeedPotion"},{"floor":13,"key":"AttackPotion"}],"is_trial":false,"path_per_floor":["M","$","?","?","?","R","?","M","T","R","$","M","M","?","R","B",null,"M","$","?","?","M","R","M","M","T","R","M","R","?","?","R","B"],"character_chosen":"IRONCLAD","items_purchased":["Carnage","Shrug It Off"],"campfire_rested":1,"item_purchase_floors":[2,2],"current_hp_per_floor":[69,69,62,62,51,51,48,49,49,49,49,52,56,40,40,28,70,73,73,67,67,60,60,67,40,40,40,34,34,34,17,44,0],"gold":137,"neow_bonus":"HUNDRED_GOLD","is_prod":false,"is_daily":false,"chose_seed":false,"campfire_upgraded":6,"win_rate":0,"timestamp":1556517700,"path_taken":["M","$","?","?","?","R","?","?","T","R","$","M","M","?","R","BOSS","M","$","?","?","M","R","M","M","T","R","?","R","?","?","R","BOSS"],"build_version":"2019-01-23","purchased_purges":3,"victory":false,"max_hp_per_floor":[80,80,80,80,80,80,80,82,82,82,82,82,82,82,82,84,84,84,84,84,84,84,84,86,88,88,88,88,88,88,93,93,93],"card_choices":[{"not_picked":["Iron Wave","Blood for Blood"],"picked":"Pommel Strike","floor":1},{"not_picked":["Wild Strike","Metallicize","Entrench"],"picked":"Singing Bowl","floor":8},{"not_picked":["Entrench","Twin Strike"],"picked":"Cleave","floor":12},{"not_picked":["Dropkick","Pommel Strike"],"picked":"True Grit","floor":13},{"not_picked":["Berserk","Juggernaut","Barricade"],"picked":"Singing Bowl","floor":16},{"not_picked":["Clothesline","Reckless Charge"],"picked":"Whirlwind","floor":18},{"not_picked":["Pommel Strike","Perfected Strike+1"],"picked":"Iron Wave","floor":22},{"not_picked":["Evolve+1","Warcry","Sword Boomerang"],"picked":"Singing Bowl","floor":24},{"not_picked":["Rupture","Warcry","Pommel Strike"],"picked":"Singing Bowl","floor":25},{"not_picked":["Carnage","Fiend Fire"],"picked":"Disarm","floor":28}],"player_experience":153916,"relics_obtained":[{"floor":9,"key":"Sundial"},{"floor":26,"key":"Oddly Smooth Stone"}],"event_choices":[{"cards_removed":["Strike_R"],"damage_healed":0,"gold_gain":0,"player_choice":"Card Removal","damage_taken":7,"max_hp_gain":0,"max_hp_loss":0,"event_name":"Golden Wing","floor":3,"gold_loss":0},{"damage_healed":0,"gold_gain":0,"player_choice":"Ignored","damage_taken":0,"max_hp_gain":0,"max_hp_loss":0,"event_name":"Liars Game","floor":4,"gold_loss":0},{"damage_healed":0,"gold_gain":75,"player_choice":"Gather Gold","damage_taken":11,"max_hp_gain":0,"max_hp_loss":0,"event_name":"World of Goop","floor":5,"gold_loss":0},{"damage_healed":0,"gold_gain":0,"player_choice":"Success","damage_taken":3,"relics_obtained":["Singing Bowl"],"max_hp_gain":0,"max_hp_loss":0,"event_name":"Scrap Ooze","floor":7,"gold_loss":0},{"damage_healed":0,"gold_gain":0,"player_choice":"Entered Light","damage_taken":16,"max_hp_gain":0,"max_hp_loss":0,"event_name":"Shining Light","floor":14,"gold_loss":0,"cards_upgraded":["Pommel Strike","Shrug It Off"]},{"damage_healed":0,"gold_gain":0,"player_choice":"Joined the Cult","damage_taken":6,"max_hp_gain":0,"max_hp_loss":0,"event_name":"Nest","floor":20,"gold_loss":0,"cards_obtained":["RitualDagger"]},{"damage_healed":0,"gold_gain":0,"cards_transformed":["Defend_R"],"player_choice":"Transformed","damage_taken":0,"max_hp_gain":0,"max_hp_loss":0,"event_name":"Transmorgrifier","floor":21,"gold_loss":0,"cards_obtained":["Dark Embrace"]},{"damage_healed":0,"gold_gain":0,"player_choice":"Opened","damage_taken":0,"relics_obtained":["Bag of Marbles"],"max_hp_gain":0,"max_hp_loss":0,"event_name":"The Mausoleum","floor":30,"gold_loss":0,"cards_obtained":["Writhe"]},{"damage_healed":0,"gold_gain":0,"player_choice":"Shed Blood","damage_taken":22,"max_hp_gain":5,"max_hp_loss":0,"event_name":"Forgotten Altar","floor":31,"gold_loss":0}],"is_beta":false,"boss_relics":[{"not_picked":["Philosopher\u0027s Stone","Fusion Hammer"],"picked":"Sozu"}],"items_purged_floors":[2,11,19],"is_endless":false,"potions_floor_spawned":[12,13,18,24],"killed_by":"Automaton","ascension_level":9}