{"gold_per_floor":[111,35,7,17,17,17,35,66,146,146,176,191,191,191,191,285,285,300,320,123,146,161,161,180,180,180,180,205,205,223,247,247,247],"floor_reached":33,"playtime":856,"items_purged":["Strike_R"],"score":492,"play_id":"e73e4980-7ea0-4ace-a5fe-59e43f875817","local_time":"20190706180438","is_ascension_mode":true,"campfire_choices":[{"data":"Bash","floor":6,"key":"SMITH"},{"data":"Immolate","floor":10,"key":"SMITH"},{"data":"Clothesline","floor":15,"key":"SMITH"},{"data":"Rage","floor":23,"key":"SMITH"},{"data":"True Grit","floor":25,"key":"SMITH"},{"floor":27,"key":"REST"},{"data":"Uppercut","floor":29,"key":"SMITH"},{"data":"Rampage","floor":32,"key":"SMITH"}],"neow_cost":"NONE","seed_source_timestamp":4949173228200,"circlet_count":0,"master_deck":["AscendersBane","Strike_R","Strike_R","Strike_R","Strike_R","Defend_R","Defend_R","Defend_R","Defend_R","Bash+1","Twin Strike","Pommel Strike","Immolate+1","Clothesline+1","Twin Strike","Reaper","Rampage+1","Rage+1","Uppercut+1","Flame Barrier+1","True Grit+1","Writhe","Battle Trance","Flame Barrier"],"relics":["Burning Blood","Vajra","Orichalcum","Regal Pillow","Kunai","Red Skull","Golden Idol","Cursed Key","Shuriken"],"potions_floor_usage":[12,21,33,33],"damage_taken":[{"damage":1,"enemies":"2 Louse","floor":1,"turns":4},{"damage":0,"enemies":"Cultist","floor":4,"turns":2},{"damage":2,"enemies":"Small Slimes","floor":7,"turns":3},{"damage":28,"enemies":"Lagavulin","floor":8,"turns":5},{"damage":14,"enemies":"3 Sentries","floor":11,"turns":4},{"damage":0,"enemies":"3 Louse","floor":12,"turns":2},{"damage":16,"enemies":"Hexaghost","floor":16,"turns":9},{"damage":3,"enemies":"Chosen","floor":18,"turns":3},{"damage":5,"enemies":"Spheric Guardian","floor":19,"turns":3},{"damage":45,"enemies":"Cultist and Chosen","floor":21,"turns":7},{"damage":17,"enemies":"Centurion and Healer","floor":22,"turns":5},{"damage":21,"enemies":"Snecko","floor":24,"turns":5},{"damage":27,"enemies":"Snake Plant","floor":28,"turns":4},{"damage":23,"enemies":"Shelled Parasite and Fungi","floor":30,"turns":4},{"damage":8,"enemies":"Centurion and Healer","floor":31,"turns":4},{"damage":60,"enemies":"Automaton","floor":33,"turns":10}],"seed_played":"4188807224960952580","potions_obtained":[{"floor":11,"key":"Explosive Potion"},{"floor":16,"key":"LiquidBronze"},{"floor":18,"key":"SkillPotion"},{"floor":24,"key":"Strength Potion"},{"floor":31,"key":"Block Potion"}],"is_trial":false,"path_per_floor":["M","?","$","M","$","R","M","E","T","R","E","M","?","?","R","B",null,"M","M","$","M","M","R","M","R","T","R","M","R","M","M","R","B"],"character_chosen":"IRONCLAD","items_purchased":["Pommel Strike","Rampage","Rage"],"campfire_rested":1,"item_purchase_floors":[3,20,20],"current_hp_per_floor":[73,73,73,75,75,75,75,53,53,53,45,51,25,50,50,40,66,69,70,70,36,45,45,35,35,35,72,51,51,44,59,59,0],"gold":247,"neow_bonus":"RANDOM_COMMON_RELIC","is_prod":false,"is_daily":false,"chose_seed":false,"campfire_upgraded":7,"win_rate":0,"timestamp":1562450678,"path_taken":["M","?","$","M","?","R","?","E","T","R","E","?","?","?","R","BOSS","M","M","$","M","M","R","M","R","T","R","M","R","M","M","R","BOSS"],"build_version":"2019-07-05","purchased_purges":1,"victory":false,"max_hp_per_floor":[75,75,75,75,75,75,75,75,75,75,75,75,75,75,75,75,75,75,75,75,75,75,75,75,75,75,75,75,75,75,75,75,75],"card_choices":[{"not_picked":["Wild Strike","Havoc"],"picked":"Twin Strike","floor":1},{"not_picked":["Sever Soul","Bloodletting","Flex"],"picked":"SKIP","floor":4},{"not_picked":["Corruption","Wild Strike"],"picked":"Immolate","floor":7},{"not_picked":["Pommel Strike","Heavy Blade"],"picked":"Clothesline","floor":8},{"not_picked":["Feel No Pain","Berserk","Second Wind"],"picked":"SKIP","floor":11},{"not_picked":["Body Slam","Dual Wield"],"picked":"Twin Strike","floor":12},{"not_picked":["Bludgeon","Immolate"],"picked":"Reaper","floor":16},{"not_picked":["Heavy Blade","Sword Boomerang","Rupture"],"picked":"SKIP","floor":18},{"not_picked":["Corruption","Flex","Combust"],"picked":"SKIP","floor":19},{"not_picked":["Twin Strike","Pommel Strike"],"picked":"Uppercut","floor":21},{"not_picked":["Rage","Armaments"],"picked":"Flame Barrier+1","floor":22},{"not_picked":["Warcry+1","Havoc"],"picked":"True Grit","floor":24},{"not_picked":["Headbutt+1","True Grit"],"picked":"Battle Trance","floor":28},{"not_picked":["Fiend Fire","Perfected Strike"],"picked":"Flame Barrier","floor":30},{"not_picked":["Hemokinesis","True Grit","Clothesline"],"picked":"SKIP","floor":31}],"player_experience":421972,"relics_obtained":[{"floor":8,"key":"Regal Pillow"},{"floor":9,"key":"Kunai"},{"floor":11,"key":"Red Skull"},{"floor":26,"key":"Shuriken"}],"event_choices":[{"damage_healed":0,"gold_gain":0,"player_choice":"Paid Gold","damage_taken":0,"relics_obtained":["Orichalcum"],"max_hp_gain":0,"max_hp_loss":0,"event_name":"WeMeetAgain","floor":2,"gold_loss":76},{"damage_healed":0,"gold_gain":0,"player_choice":"Take Damage","damage_taken":26,"relics_obtained":["Golden Idol"],"max_hp_gain":0,"max_hp_loss":0,"event_name":"Golden Idol","floor":13,"gold_loss":0},{"damage_healed":25,"gold_gain":0,"player_choice":"Banana","damage_taken":0,"max_hp_gain":0,"max_hp_loss":0,"event_name":"Big Fish","floor":14,"gold_loss":0}],"is_beta":false,"boss_relics":[{"not_picked":["Snecko Eye","Busted Crown"],"picked":"Cursed Key"}],"items_purged_floors":[20],"is_endless":false,"potions_floor_spawned":[11,16,18,19,24,30,31],"killed_by":"Automaton","ascension_level":18}