{"gold_per_floor":[114,114,133,150,170,170,197,197,279,279,304,304,322,322,322,422,422,439,439,354,366,386,386,386,418,418,432,432,109,127,144,144,243,243,261,261,278,6,17,17,27,27,53,53,79,96,96,96,96,96],"floor_reached":50,"playtime":2433,"items_purged":["Strike_R+1"],"score":737,"play_id":"116221c1-89a0-45b1-9b1c-366762c48a7d","local_time":"20190408160318","is_ascension_mode":true,"campfire_choices":[{"data":"Uppercut","floor":6,"key":"SMITH"},{"data":"Inflame","floor":8,"key":"SMITH"},{"floor":10,"key":"REST"},{"data":"Pommel Strike","floor":12,"key":"SMITH"},{"floor":15,"key":"REST"},{"data":"Feed","floor":23,"key":"SMITH"},{"data":"Iron Wave","floor":32,"key":"SMITH"},{"data":"Heavy Blade","floor":40,"key":"SMITH"},{"data":"Inflame","floor":42,"key":"SMITH"},{"data":"Impervious","floor":44,"key":"SMITH"},{"floor":49,"key":"REST"}],"neow_cost":"NONE","seed_source_timestamp":127927447900,"circlet_count":0,"master_deck":["Strike_R+1","Strike_R+1","Strike_R+1","Defend_R+1","Defend_R+1","Defend_R+1","Bash","Deep Breath","Clothesline","Inflame+1","Uppercut+1","Wild Strike","Pommel Strike+1","Cleave","Twin Strike","Feed+1","Dropkick","Pummel","Headbutt","RitualDagger","Iron Wave+1","Shrug It Off","Inflame+1","Thunderclap","Flex+1","Evolve","Impervious+1","Rage","Heavy Blade+1","Whirlwind","Wild Strike+1","Armaments+1","Clumsy","Inflame+1","Shrug It Off","Shrug It Off"],"relics":["Burning Blood","Pocketwatch","Mercury Hourglass","Boot","Darkstone Periapt","Cursed Key","Calipers","StoneCalendar","Pear","Juzu Bracelet","Empty Cage","Lee\u0027s Waffle","Bag of Marbles","Prayer Wheel"],"potions_floor_usage":[7,7,16,30,31,33,33,41,45,45,45,50,50,50,50,50,50],"damage_taken":[{"damage":5,"enemies":"Small Slimes","floor":1,"turns":3},{"damage":9,"enemies":"2 Louse","floor":3,"turns":2},{"damage":4,"enemies":"Jaw Worm","floor":4,"turns":4},{"damage":17,"enemies":"Blue Slaver","floor":5,"turns":3},{"damage":38,"enemies":"3 Sentries","floor":7,"turns":8},{"damage":25,"enemies":"Lagavulin","floor":11,"turns":4},{"damage":2,"enemies":"2 Fungi Beasts","floor":13,"turns":2},{"damage":0,"enemies":"Slime Boss","floor":16,"turns":5},{"damage":7,"enemies":"Chosen","floor":18,"turns":3},{"damage":22,"enemies":"2 Thieves","floor":21,"turns":3},{"damage":5,"enemies":"Snecko","floor":22,"turns":3},{"damage":22,"enemies":"Gremlin Leader","floor":25,"turns":5},{"damage":13,"enemies":"3 Cultists","floor":27,"turns":4},{"damage":0,"enemies":"Snake Plant","floor":30,"turns":3},{"damage":0,"enemies":"Snecko","floor":31,"turns":3},{"damage":40,"enemies":"Collector","floor":33,"turns":8},{"damage":19,"enemies":"Orb Walker","floor":35,"turns":3},{"damage":11,"enemies":"3 Shapes","floor":37,"turns":2},{"damage":5,"enemies":"Jaw Worm Horde","floor":39,"turns":4},{"damage":36,"enemies":"Spire Growth","floor":41,"turns":5},{"damage":46,"enemies":"Reptomancer","floor":45,"turns":6},{"damage":15,"enemies":"Transient","floor":46,"turns":5},{"damage":134,"enemies":"Time Eater","floor":50,"turns":11}],"seed_played":"2813584729133045711","potions_obtained":[{"floor":1,"key":"EntropicBrew"},{"floor":3,"key":"EssenceOfSteel"},{"floor":5,"key":"BloodPotion"},{"floor":7,"key":"Poison Potion"},{"floor":22,"key":"SneckoOil"},{"floor":27,"key":"Dexterity Potion"},{"floor":30,"key":"Block Potion"},{"floor":31,"key":"Dexterity Potion"},{"floor":37,"key":"BloodPotion"},{"floor":41,"key":"EssenceOfSteel"},{"floor":45,"key":"SkillPotion"}],"is_trial":false,"path_per_floor":["M","?","M","M","M","R","E","R","T","R","E","R","M","?","R","B",null,"M","?","?","M","M","R","?","E","T","M","?","$","M","M","R","B",null,"M","?","M","$","M","R","M","R","T","R","E","M","?","?","R","B"],"character_chosen":"IRONCLAD","items_purchased":["Inflame","Juzu Bracelet","Thunderclap","Whirlwind","Lee\u0027s Waffle"],"campfire_rested":3,"item_purchase_floors":[29,29,29,38,38],"current_hp_per_floor":[80,85,82,84,73,73,49,49,49,74,55,55,59,47,72,78,85,84,84,84,71,72,72,66,50,66,63,63,63,69,75,75,41,108,95,95,94,119,119,119,104,104,110,110,82,73,73,73,111,0],"gold":96,"neow_bonus":"RANDOM_COLORLESS","is_prod":false,"is_daily":false,"chose_seed":false,"campfire_upgraded":8,"win_rate":0,"timestamp":1554753798,"path_taken":["M","?","M","M","M","R","E","R","T","R","E","R","M","?","R","BOSS","M","?","?","M","M","R","?","E","T","?","?","$","M","M","R","BOSS","M","?","M","$","M","R","M","R","T","R","E","M","?","?","R","BOSS"],"build_version":"2019-01-23","purchased_purges":1,"victory":false,"max_hp_per_floor":[80,85,85,85,85,85,85,85,85,85,85,85,85,85,85,85,85,85,85,85,88,88,88,88,88,104,108,108,108,108,108,108,108,108,108,108,112,119,119,119,123,123,129,129,129,129,129,129,129,129],"card_choices":[{"not_picked":["Wild Strike","Sever Soul"],"picked":"Clothesline","floor":1},{"not_picked":["Sword Boomerang","Pummel"],"picked":"Inflame","floor":3},{"not_picked":["True Grit","Sentinel"],"picked":"Uppercut","floor":4},{"not_picked":["Entrench","Clothesline"],"picked":"Wild Strike","floor":5},{"not_picked":["True Grit","Offering"],"picked":"Pommel Strike","floor":7},{"not_picked":["Sentinel","Reckless Charge"],"picked":"Cleave","floor":11},{"not_picked":["Feel No Pain","Fire Breathing"],"picked":"Twin Strike","floor":13},{"not_picked":["Bludgeon","Double Tap"],"picked":"Feed","floor":16},{"not_picked":["Cleave","True Grit"],"picked":"Dropkick","floor":18},{"not_picked":["Sentinel","Shockwave"],"picked":"Pummel","floor":21},{"not_picked":["Heavy Blade","Clothesline"],"picked":"Headbutt","floor":22},{"not_picked":["Uppercut","Brutality"],"picked":"Iron Wave","floor":25},{"not_picked":["Bloodletting+1","Wild Strike"],"picked":"Shrug It Off","floor":27},{"not_picked":["Twin Strike","Thunderclap+1"],"picked":"Flex+1","floor":30},{"not_picked":["Entrench+1","Wild Strike"],"picked":"Evolve","floor":31},{"not_picked":["Barricade","Offering"],"picked":"Impervious","floor":33},{"not_picked":["Spot Weakness","Dual Wield+1"],"picked":"Rage","floor":35},{"not_picked":["Hemokinesis","Blood for Blood+1"],"picked":"Heavy Blade","floor":37},{"not_picked":["Flex","Dual Wield"],"picked":"Wild Strike+1","floor":39},{"not_picked":["Sword Boomerang","Headbutt"],"picked":"Armaments+1","floor":41},{"not_picked":["Demon Form","Thunderclap+1"],"picked":"Inflame+1","floor":45},{"not_picked":["Wild Strike+1","Havoc+1"],"picked":"Shrug It Off","floor":46},{"not_picked":["Thunderclap","Cleave"],"picked":"Shrug It Off","floor":46}],"player_experience":92159,"relics_obtained":[{"floor":7,"key":"Pocketwatch"},{"floor":9,"key":"Mercury Hourglass"},{"floor":11,"key":"Boot"},{"floor":25,"key":"StoneCalendar"},{"floor":26,"key":"Pear"},{"floor":43,"key":"Bag of Marbles"},{"floor":45,"key":"Prayer Wheel"}],"event_choices":[{"damage_healed":0,"gold_gain":0,"player_choice":"Donut","damage_taken":0,"max_hp_gain":5,"max_hp_loss":0,"event_name":"Big Fish","floor":2,"gold_loss":0},{"damage_healed":0,"gold_gain":0,"player_choice":"Success","damage_taken":12,"relics_obtained":["Darkstone Periapt"],"max_hp_gain":0,"max_hp_loss":0,"event_name":"Scrap Ooze","floor":14,"gold_loss":0},{"damage_healed":0,"gold_gain":0,"player_choice":"Simplicity","damage_taken":0,"max_hp_gain":0,"max_hp_loss":0,"event_name":"Back to Basics","floor":19,"gold_loss":0,"cards_upgraded":["Strike_R","Strike_R","Strike_R","Strike_R","Strike_R","Defend_R","Defend_R","Defend_R","Defend_R"]},{"damage_healed":0,"gold_gain":0,"player_choice":"Obtained Relic","damage_taken":0,"relics_obtained":["Calipers"],"max_hp_gain":0,"max_hp_loss":0,"event_name":"Addict","floor":20,"gold_loss":85},{"damage_healed":0,"gold_gain":0,"player_choice":"Joined the Cult","damage_taken":6,"max_hp_gain":0,"max_hp_loss":0,"event_name":"Nest","floor":24,"gold_loss":0,"cards_obtained":["RitualDagger"]},{"damage_healed":0,"gold_gain":0,"player_choice":"Ignored","damage_taken":0,"max_hp_gain":0,"max_hp_loss":0,"event_name":"Ghosts","floor":28,"gold_loss":0},{"cards_removed":["Defend_R"],"damage_healed":0,"gold_gain":0,"player_choice":"Removed Skill","damage_taken":0,"max_hp_gain":0,"max_hp_loss":0,"event_name":"Falling","floor":36,"gold_loss":0},{"damage_healed":0,"gold_gain":0,"player_choice":"Memory 1","damage_taken":0,"max_hp_gain":0,"max_hp_loss":0,"event_name":"SensoryStone","floor":47,"gold_loss":0},{"damage_healed":0,"gold_gain":0,"player_choice":"Bought 0 Potions","damage_taken":0,"max_hp_gain":0,"max_hp_loss":0,"event_name":"The Woman in Blue","floor":48,"gold_loss":0}],"is_beta":false,"boss_relics":[{"not_picked":["Pandora\u0027s Box","Snecko Eye"],"picked":"Cursed Key"},{"not_picked":["White Beast Statue","Sozu"],"picked":"Empty Cage"}],"items_purged_floors":[29],"is_endless":false,"potions_floor_spawned":[1,3,5,7,22,27,30,31,37,41,45],"killed_by":"Time Eater","ascension_level":4}