{"gold_per_floor":[109,124,26,26,43,43,57,57,105,135,145,145,145,162,162,257,257,222,235,235,235],"floor_reached":21,"playtime":958,"items_purged":["Strike_R"],"score":290,"play_id":"2e6c4ecb-88ea-4b0d-abdf-d267568816a5","local_time":"20190518105747","is_ascension_mode":true,"campfire_choices":[{"data":"True Grit","floor":6,"key":"SMITH"},{"data":"Double Tap","floor":12,"key":"SMITH"},{"data":"Pommel Strike","floor":15,"key":"SMITH"}],"neow_cost":"NONE","seed_source_timestamp":1620667891400,"circlet_count":0,"master_deck":["AscendersBane","Strike_R","Defend_R","Defend_R+1","Defend_R","Defend_R","Bash+1","Headbutt","True Grit+1","Pommel Strike+1","Double Tap+1","Disarm+1","Dropkick","Immolate","Hemokinesis+1","Fiend Fire+1","Exhume+1","Shrug It Off","Rampage","RitualDagger"],"relics":["Burning Blood","NeowsBlessing","Smiling Mask","Omamori","Astrolabe"],"potions_floor_usage":[10,18],"damage_taken":[{"damage":0,"enemies":"Cultist","floor":1,"turns":1},{"damage":0,"enemies":"Jaw Worm","floor":2,"turns":1},{"damage":0,"enemies":"2 Louse","floor":5,"turns":1},{"damage":2,"enemies":"2 Fungi Beasts","floor":7,"turns":4},{"damage":6,"enemies":"Lagavulin","floor":10,"turns":3},{"damage":20,"enemies":"Exordium Wildlife","floor":11,"turns":6},{"damage":8,"enemies":"3 Louse","floor":14,"turns":5},{"damage":22,"enemies":"Slime Boss","floor":16,"turns":8},{"damage":37,"enemies":"2 Thieves","floor":18,"turns":5},{"damage":18,"enemies":"Spheric Guardian","floor":19,"turns":4},{"damage":32,"enemies":"Snecko","floor":21,"turns":4}],"seed_played":"-1979069088289494123","potions_obtained":[{"floor":7,"key":"AttackPotion"},{"floor":10,"key":"FearPotion"},{"floor":11,"key":"Ancient Potion"},{"floor":16,"key":"PowerPotion"}],"is_trial":false,"path_per_floor":["M","M","$","?","M","R","M","$","T","E","M","R","?","M","R","B",null,"M","M","?","M"],"character_chosen":"IRONCLAD","items_purchased":["True Grit"],"campfire_rested":0,"item_purchase_floors":[3],"current_hp_per_floor":[78,80,80,80,80,80,80,80,80,80,66,66,50,48,48,32,68,37,25,19,0],"gold":235,"neow_bonus":"THREE_ENEMY_KILL","is_prod":false,"is_daily":false,"chose_seed":false,"campfire_upgraded":3,"win_rate":0,"timestamp":1558191467,"path_taken":["M","M","?","?","?","R","M","$","T","E","M","R","?","M","R","BOSS","M","M","?","M"],"build_version":"2019-01-23","purchased_purges":1,"victory":false,"max_hp_per_floor":[80,80,80,80,80,80,80,80,80,80,80,80,80,80,80,80,80,80,80,80,80],"card_choices":[{"not_picked":["Havoc","Sword Boomerang"],"picked":"Headbutt","floor":1},{"not_picked":["Body Slam","Fire Breathing","Warcry"],"picked":"SKIP","floor":2},{"not_picked":["Feel No Pain","Anger"],"picked":"Pommel Strike","floor":5},{"not_picked":["True Grit","Cleave"],"picked":"Double Tap","floor":7},{"not_picked":["Bloodletting","Body Slam","Pummel"],"picked":"SKIP","floor":10},{"not_picked":["Infernal Blade","Feel No Pain"],"picked":"Disarm","floor":11},{"not_picked":["Entrench","Thunderclap"],"picked":"Dropkick","floor":14},{"not_picked":["Reaper","Demon Form"],"picked":"Immolate","floor":16},{"not_picked":["Thunderclap+1","Uppercut"],"picked":"Shrug It Off","floor":18},{"not_picked":["Wild Strike","Heavy Blade+1"],"picked":"Rampage","floor":19}],"player_experience":299510,"relics_obtained":[{"floor":9,"key":"Smiling Mask"},{"floor":10,"key":"Omamori"}],"event_choices":[{"damage_healed":0,"gold_gain":0,"player_choice":"Upgraded","damage_taken":0,"max_hp_gain":0,"max_hp_loss":0,"event_name":"Upgrade Shrine","floor":4,"gold_loss":0,"cards_upgraded":["Bash"]},{"damage_healed":0,"gold_gain":0,"player_choice":"Entered Light","damage_taken":16,"max_hp_gain":0,"max_hp_loss":0,"event_name":"Shining Light","floor":13,"gold_loss":0,"cards_upgraded":["Defend_R","Disarm"]},{"damage_healed":0,"gold_gain":0,"player_choice":"Joined the Cult","damage_taken":6,"max_hp_gain":0,"max_hp_loss":0,"event_name":"Nest","floor":20,"gold_loss":0,"cards_obtained":["RitualDagger"]}],"is_beta":false,"boss_relics":[{"not_picked":["Snecko Eye","Pandora\u0027s Box"],"picked":"Astrolabe"}],"items_purged_floors":[3],"is_endless":false,"potions_floor_spawned":[7,10,11,16],"killed_by":"Snecko","ascension_level":12}