{"gold_per_floor":[218,143,162,177,86,86,98,98,98,118,197,97,114,114,114,214,214,225,225,76,95,95],"floor_reached":22,"playtime":1254,"items_purged":["Strike_B","Strike_B"],"score":202,"play_id":"1f7c486c-5ea6-441b-8868-049d51098a70","local_time":"20190712114319","is_ascension_mode":true,"campfire_choices":[{"data":"Zap","floor":6,"key":"SMITH"},{"data":"Dualcast","floor":8,"key":"SMITH"},{"floor":15,"key":"REST"}],"neow_cost":"NONE","seed_source_timestamp":150358978445609,"circlet_count":0,"master_deck":["Strike_B","Defend_B","Defend_B","Zap+1","Dualcast+1","Ball Lightning","Steam","Panacea","Cold Snap","Coolheaded","All For One","Echo Form","Force Field+1","Static Discharge+1","Genetic Algorithm+1","Defragment"],"relics":["Cracked Core","Bottled Flame","Letter Opener","Astrolabe","Bag of Preparation"],"potions_floor_usage":[],"damage_taken":[{"damage":0,"enemies":"Cultist","floor":1,"turns":2},{"damage":12,"enemies":"Jaw Worm","floor":3,"turns":3},{"damage":9,"enemies":"2 Louse","floor":4,"turns":2},{"damage":8,"enemies":"Red Slaver","floor":7,"turns":3},{"damage":9,"enemies":"3 Louse","floor":10,"turns":3},{"damage":3,"enemies":"Large Slime","floor":13,"turns":4},{"damage":43,"enemies":"Hexaghost","floor":16,"turns":11},{"damage":34,"enemies":"2 Thieves","floor":18,"turns":4},{"damage":16,"enemies":"Shell Parasite","floor":21,"turns":6},{"damage":19,"enemies":"Snake Plant","floor":22,"turns":2}],"seed_played":"-1716980111996961077","potions_obtained":[{"floor":3,"key":"Weak Potion"},{"floor":4,"key":"FearPotion"},{"floor":13,"key":"Ancient Potion"}],"is_trial":false,"path_per_floor":["M","$","M","M","$","R","M","R","T","M","T","$","M","?","R","B",null,"M","?","$","M","M"],"character_chosen":"DEFECT","items_purchased":["Panacea","Bag of Preparation"],"campfire_rested":1,"item_purchase_floors":[5,20],"current_hp_per_floor":[75,75,63,54,54,54,46,46,46,37,37,37,34,34,56,13,75,41,34,34,18,0],"gold":95,"neow_bonus":"HUNDRED_GOLD","is_prod":false,"is_daily":false,"chose_seed":false,"campfire_upgraded":2,"win_rate":0,"timestamp":1562956999,"path_taken":["M","$","M","M","$","R","M","R","T","M","?","$","?","?","R","BOSS","M","?","$","M","M"],"build_version":"2019-07-05","purchased_purges":2,"victory":false,"max_hp_per_floor":[75,75,75,75,75,75,75,75,75,75,75,75,75,75,75,75,75,75,75,75,75,75],"card_choices":[{"not_picked":["Redo","Sunder"],"picked":"Ball Lightning","floor":1},{"not_picked":["Ball Lightning","Aggregate"],"picked":"Steam","floor":3},{"not_picked":["Steam","Stack","Hologram"],"picked":"SKIP","floor":4},{"not_picked":["Reprogram","Recycle"],"picked":"Cold Snap","floor":7},{"not_picked":["Tempest","Gash"],"picked":"Coolheaded","floor":10},{"not_picked":["Coolheaded","Hello World"],"picked":"All For One","floor":13},{"not_picked":["Rainbow","Core Surge"],"picked":"Echo Form","floor":16},{"not_picked":["Streamline+1","Melter+1"],"picked":"Defragment","floor":18},{"not_picked":["Cold Snap","Static Discharge+1","Storm+1"],"picked":"SKIP","floor":21}],"player_experience":122727,"relics_obtained":[{"floor":9,"key":"Bottled Flame"},{"floor":11,"key":"Letter Opener"}],"event_choices":[{"damage_healed":0,"gold_gain":0,"player_choice":"Ignored","damage_taken":0,"max_hp_gain":0,"max_hp_loss":0,"event_name":"Liars Game","floor":14,"gold_loss":0},{"damage_healed":0,"gold_gain":0,"player_choice":"Damaged","damage_taken":7,"max_hp_gain":0,"max_hp_loss":0,"event_name":"Wheel of Change","floor":19,"gold_loss":0}],"is_beta":false,"boss_relics":[{"not_picked":["Cursed Key","Fusion Hammer"],"picked":"Astrolabe"}],"items_purged_floors":[2,12],"is_endless":false,"potions_floor_spawned":[3,4,13],"killed_by":"Snake Plant","ascension_level":3}