{"gold_per_floor":[115,115,130,50,50,50,76,76,157,157,190,204,219,229,229,325,325,342,342,67,81,93,93,93],"floor_reached":24,"playtime":584,"items_purged":["Defend_B"],"score":337,"play_id":"ba37c940-1b34-498e-9709-440badf0a17b","local_time":"20190527221606","is_ascension_mode":true,"campfire_choices":[{"data":"Zap","floor":6,"key":"SMITH"},{"data":"Chill","floor":8,"key":"SMITH"},{"data":"Hologram","floor":10,"key":"SMITH"},{"data":"Redo","floor":15,"key":"SMITH"},{"data":"Fission","floor":23,"key":"SMITH"}],"neow_cost":"NONE","seed_source_timestamp":14107175151400,"circlet_count":0,"master_deck":["Strike_B","Strike_B","Defend_B","Defend_B","Defend_B","Zap+1","Dualcast","Hologram+1","Fusion","Ball Lightning","Melter","Chill+1","Conserve Battery","Redo+1","Conserve Battery","Fission+1","Steam","Static Discharge","Gash+1","Stack"],"relics":["Cracked Core","NeowsBlessing","Smiling Mask","Symbiotic Virus","Juzu Bracelet","Philosopher\u0027s Stone","Boot"],"potions_floor_usage":[16,16,24],"damage_taken":[{"damage":0,"enemies":"Small Slimes","floor":1,"turns":1},{"damage":0,"enemies":"Cultist","floor":3,"turns":1},{"damage":0,"enemies":"3 Sentries","floor":7,"turns":1},{"damage":14,"enemies":"Gremlin Nob","floor":11,"turns":3},{"damage":0,"enemies":"Jaw Worm","floor":12,"turns":2},{"damage":0,"enemies":"Gremlin Gang","floor":13,"turns":5},{"damage":6,"enemies":"Blue Slaver","floor":14,"turns":2},{"damage":0,"enemies":"Slime Boss","floor":16,"turns":6},{"damage":0,"enemies":"Spheric Guardian","floor":18,"turns":3},{"damage":21,"enemies":"Shell Parasite","floor":21,"turns":5},{"damage":13,"enemies":"Shelled Parasite and Fungi","floor":22,"turns":5},{"damage":48,"enemies":"Book of Stabbing","floor":24,"turns":5}],"seed_played":"1644736295659832509","potions_obtained":[{"floor":7,"key":"GamblersBrew"},{"floor":12,"key":"Poison Potion"},{"floor":14,"key":"GamblersBrew"},{"floor":18,"key":"Ancient Potion"}],"is_trial":false,"path_per_floor":["M","?","M","$","?","R","E","R","T","R","E","M","M","M","R","B",null,"M","?","$","M","M","R","E"],"character_chosen":"DEFECT","items_purchased":["Melter","Static Discharge","Boot"],"campfire_rested":0,"item_purchase_floors":[4,20,20],"current_hp_per_floor":[75,75,75,75,75,75,75,75,75,75,61,61,61,55,55,55,75,75,75,75,54,41,41,0],"gold":93,"neow_bonus":"THREE_ENEMY_KILL","is_prod":false,"is_daily":false,"chose_seed":false,"campfire_upgraded":5,"win_rate":0,"timestamp":1559009766,"path_taken":["M","?","?","$","?","R","E","R","T","R","E","M","M","M","R","BOSS","M","?","$","M","M","R","E"],"build_version":"2019-01-23","purchased_purges":1,"victory":false,"max_hp_per_floor":[75,75,75,75,75,75,75,75,75,75,75,75,75,75,75,75,75,75,75,75,75,75,75,75],"card_choices":[{"not_picked":["Steam","Stack"],"picked":"Hologram","floor":1},{"not_picked":["Go for the Eyes","Beam Cell"],"picked":"Ball Lightning","floor":3},{"not_picked":["Coolheaded","Multi-Cast"],"picked":"Chill","floor":7},{"not_picked":["Creative AI","Hologram","Turbo"],"picked":"SKIP","floor":11},{"not_picked":["Lockon","White Noise"],"picked":"Conserve Battery","floor":12},{"not_picked":["Hologram","Echo Form"],"picked":"Redo","floor":13},{"not_picked":["Hologram","Force Field"],"picked":"Conserve Battery","floor":14},{"not_picked":["All For One","Amplify"],"picked":"Fission","floor":16},{"not_picked":["Barrage+1","Streamline+1"],"picked":"Steam","floor":18},{"not_picked":["Force Field","Sweeping Beam"],"picked":"Gash+1","floor":21},{"not_picked":["Coolheaded","Steam"],"picked":"Stack","floor":22}],"player_experience":349951,"relics_obtained":[{"floor":7,"key":"Smiling Mask"},{"floor":9,"key":"Symbiotic Virus"},{"floor":11,"key":"Juzu Bracelet"}],"event_choices":[{"damage_healed":0,"gold_gain":0,"cards_transformed":["Strike_B"],"player_choice":"Transformed","damage_taken":0,"max_hp_gain":0,"max_hp_loss":0,"event_name":"Transmorgrifier","floor":2,"gold_loss":0,"cards_obtained":["Fusion"]},{"cards_removed":["Strike_B"],"damage_healed":0,"gold_gain":0,"player_choice":"Purged","damage_taken":0,"max_hp_gain":0,"max_hp_loss":0,"event_name":"Purifier","floor":5,"gold_loss":0},{"damage_healed":0,"gold_gain":0,"player_choice":"Ignored","damage_taken":0,"max_hp_gain":0,"max_hp_loss":0,"event_name":"Ghosts","floor":19,"gold_loss":0}],"is_beta":false,"boss_relics":[{"not_picked":["Runic Pyramid","White Beast Statue"],"picked":"Philosopher\u0027s Stone"}],"items_purged_floors":[20],"is_endless":false,"potions_floor_spawned":[7,12,14,18],"killed_by":"Book of Stabbing","ascension_level":4}