{"gold_per_floor":[217,217,227,19,38,65,84,84,109,127,127,141,158,178,178,281,281,298,258,269,116,116,116],"floor_reached":23,"playtime":652,"items_purged":["Cleave"],"score":312,"play_id":"5ebcc333-0310-4289-ba62-4061e9c8c09a","local_time":"20190521193037","is_ascension_mode":true,"campfire_choices":[{"data":"Uppercut","floor":8,"key":"SMITH"},{"data":"Immolate","floor":11,"key":"SMITH"},{"data":"Bash","floor":15,"key":"SMITH"}],"neow_cost":"NONE","seed_source_timestamp":9768449219500,"circlet_count":0,"master_deck":["AscendersBane","Strike_R","Strike_R","Strike_R","Strike_R","Strike_R","Defend_R","Defend_R","Defend_R","Defend_R","Bash+1","Heavy Blade","Armaments","Uppercut+1","Immolate+1","Rage","Shrug It Off","Headbutt","Reaper","Perfected Strike+1","Twin Strike","Inflame"],"relics":["Burning Blood","Orichalcum","ClockworkSouvenir","Lantern","Regal Pillow","White Beast Statue"],"potions_floor_usage":[6,13],"damage_taken":[{"damage":7,"enemies":"Small Slimes","floor":1,"turns":4},{"damage":10,"enemies":"Jaw Worm","floor":3,"turns":5},{"damage":0,"enemies":"Cultist","floor":5,"turns":2},{"damage":35,"enemies":"Lagavulin","floor":6,"turns":10},{"damage":5,"enemies":"2 Fungi Beasts","floor":7,"turns":3},{"damage":0,"enemies":"Exordium Thugs","floor":10,"turns":2},{"damage":3,"enemies":"Blue Slaver","floor":12,"turns":3},{"damage":0,"enemies":"Looter","floor":13,"turns":2},{"damage":1,"enemies":"Gremlin Gang","floor":14,"turns":2},{"damage":33,"enemies":"The Guardian","floor":16,"turns":14},{"damage":18,"enemies":"3 Byrds","floor":18,"turns":5},{"damage":17,"enemies":"2 Thieves","floor":20,"turns":4},{"damage":75,"enemies":"Slavers","floor":23,"turns":3}],"seed_played":"94379411329335416","potions_obtained":[{"floor":3,"key":"Strength Potion"},{"floor":5,"key":"SkillPotion"},{"floor":12,"key":"AttackPotion"},{"floor":13,"key":"Ancient Potion"}],"is_trial":false,"path_per_floor":["M","?","M","$","M","E","M","R","T","M","R","M","M","M","R","B",null,"M","?","M","$","$","E"],"character_chosen":"IRONCLAD","items_purchased":["ClockworkSouvenir","Inflame"],"campfire_rested":0,"item_purchase_floors":[4,21],"current_hp_per_floor":[71,64,60,60,66,37,38,38,38,44,44,47,53,58,58,31,68,67,67,60,60,60,0],"gold":116,"neow_bonus":"HUNDRED_GOLD","is_prod":false,"is_daily":false,"chose_seed":false,"campfire_upgraded":3,"win_rate":0,"timestamp":1558481437,"path_taken":["M","?","M","?","M","E","?","R","T","M","R","M","M","M","R","BOSS","M","?","M","?","$","E"],"build_version":"2019-01-23","purchased_purges":1,"victory":false,"max_hp_per_floor":[80,80,80,80,80,80,80,80,80,80,80,80,80,80,80,80,80,80,80,80,80,80,80],"card_choices":[{"not_picked":["Havoc","Warcry"],"picked":"Cleave","floor":1},{"not_picked":["Infernal Blade","Wild Strike"],"picked":"Heavy Blade","floor":3},{"not_picked":["Reckless Charge","Hemokinesis"],"picked":"Armaments","floor":5},{"not_picked":["Body Slam","Infernal Blade"],"picked":"Uppercut","floor":6},{"not_picked":["Flex","Perfected Strike"],"picked":"Immolate","floor":7},{"not_picked":["Clothesline","Warcry","Thunderclap"],"picked":"SKIP","floor":10},{"not_picked":["Cleave","Second Wind"],"picked":"Rage","floor":12},{"not_picked":["Havoc","Shockwave"],"picked":"Shrug It Off","floor":13},{"not_picked":["Flex","Thunderclap"],"picked":"Headbutt","floor":14},{"not_picked":["Impervious","Immolate"],"picked":"Reaper","floor":16},{"not_picked":["Thunderclap","Warcry"],"picked":"Perfected Strike","floor":18},{"not_picked":["Clash","Seeing Red"],"picked":"Twin Strike","floor":20}],"player_experience":342491,"relics_obtained":[{"floor":6,"key":"Lantern"},{"floor":9,"key":"Regal Pillow"}],"event_choices":[{"damage_healed":0,"gold_gain":0,"player_choice":"Success","damage_taken":7,"relics_obtained":["Orichalcum"],"max_hp_gain":0,"max_hp_loss":0,"event_name":"Scrap Ooze","floor":2,"gold_loss":0},{"damage_healed":0,"gold_gain":0,"player_choice":"Upgrade","damage_taken":0,"max_hp_gain":0,"max_hp_loss":0,"event_name":"Designer","floor":19,"gold_loss":40,"cards_upgraded":["Perfected Strike"]}],"is_beta":false,"boss_relics":[{"not_picked":["Calling Bell","Coffee Dripper"],"picked":"White Beast Statue"}],"items_purged_floors":[21],"is_endless":false,"potions_floor_spawned":[3,5,12,13,14,18,20],"killed_by":"Slavers","ascension_level":12}