{"gold_per_floor":[12,29,29,42,57,84,84,112,112,112,131,148,148,148,148,249,249,259,271,103,103,64,64,78,78],"floor_reached":25,"playtime":1362,"items_purged":[],"score":438,"play_id":"0a25fe04-cb6e-4fa9-bda1-767b186b5cb7","local_time":"20190904185958","is_ascension_mode":true,"campfire_choices":[{"floor":7,"key":"REST"},{"data":"Zap","floor":13,"key":"SMITH"},{"floor":15,"key":"REST"},{"floor":23,"key":"REST"}],"neow_cost":"NO_GOLD","seed_source_timestamp":1598449071151900,"circlet_count":0,"master_deck":["Strike_B","Strike_B","Defend_B","Defend_B","Defend_B+1","Zap+1","Dualcast","Scrape","Streamline","Beam Cell","Redo+1","Undo","Leap","Conserve Battery","All For One","Go for the Eyes","Gash","FTL","Gash","Flash of Steel","Steam","BootSequence"],"special_seed":0,"relics":["Cracked Core","Nunchaku","Pocketwatch","The Courier","Shuriken","Empty Cage"],"potions_floor_usage":[8,16,25],"damage_taken":[{"damage":1,"enemies":"Small Slimes","floor":1,"turns":3},{"damage":1,"enemies":"Cultist","floor":2,"turns":3},{"damage":2,"enemies":"2 Louse","floor":4,"turns":2},{"damage":14,"enemies":"Large Slime","floor":5,"turns":7},{"damage":35,"enemies":"3 Sentries","floor":6,"turns":9},{"damage":5,"enemies":"Gremlin Nob","floor":8,"turns":3},{"damage":0,"enemies":"Exordium Wildlife","floor":11,"turns":5},{"damage":2,"enemies":"3 Louse","floor":12,"turns":4},{"damage":35,"enemies":"Hexaghost","floor":16,"turns":8},{"damage":4,"enemies":"3 Byrds","floor":18,"turns":4},{"damage":18,"enemies":"2 Thieves","floor":19,"turns":3},{"damage":12,"enemies":"Snake Plant","floor":24,"turns":4},{"damage":51,"enemies":"Gremlin Leader","floor":25,"turns":5}],"seed_played":"-4328650151914609053","potions_obtained":[{"floor":4,"key":"Poison Potion"},{"floor":8,"key":"SteroidPotion"},{"floor":11,"key":"Poison Potion"},{"floor":19,"key":"Explosive Potion"},{"floor":24,"key":"SteroidPotion"}],"is_trial":false,"path_per_floor":["M","M","?","M","M","E","R","E","T","?","M","M","R","?","R","B",null,"M","M","$","?","$","R","M","E"],"character_chosen":"DEFECT","items_purchased":["FTL","Gash","Flash of Steel","Steam"],"campfire_rested":3,"item_purchase_floors":[20,20,20,22],"current_hp_per_floor":[67,66,66,64,50,15,37,32,32,32,32,30,30,15,37,2,57,53,35,35,35,35,57,45,0],"gold":78,"neow_bonus":"ONE_RARE_RELIC","is_prod":false,"is_daily":false,"chose_seed":false,"campfire_upgraded":1,"win_rate":0,"timestamp":1567648798,"path_taken":["M","M","?","M","?","E","R","E","T","?","M","M","R","?","R","BOSS","M","M","$","?","$","R","M","E"],"build_version":"2019-07-17","purchased_purges":0,"victory":false,"max_hp_per_floor":[75,75,75,75,75,75,75,75,75,75,75,75,75,75,75,75,75,75,75,75,75,75,75,75,75],"card_choices":[{"not_picked":["Redo","Reinforced Body"],"picked":"Scrape","floor":1},{"not_picked":["Redo","Capacitor"],"picked":"Streamline","floor":2},{"not_picked":["Creative AI","Hologram"],"picked":"Beam Cell","floor":4},{"not_picked":["Coolheaded","Barrage"],"picked":"Redo","floor":5},{"not_picked":["Fission","Rip and Tear"],"picked":"Undo","floor":6},{"not_picked":["Skim","Storm"],"picked":"Leap","floor":8},{"not_picked":["Sweeping Beam","Leap","Compile Driver"],"picked":"SKIP","floor":11},{"not_picked":["Streamline","Fusion"],"picked":"Conserve Battery","floor":12},{"not_picked":["Thunder Strike","Core Surge"],"picked":"All For One","floor":16},{"not_picked":["Turbo+1","Undo"],"picked":"Go for the Eyes","floor":18},{"not_picked":["Undo","Glacier+1"],"picked":"Gash","floor":19},{"not_picked":["Reinforced Body","Compile Driver"],"picked":"BootSequence","floor":24}],"player_experience":256764,"relics_obtained":[{"floor":6,"key":"Pocketwatch"},{"floor":8,"key":"The Courier"},{"floor":9,"key":"Shuriken"}],"event_choices":[{"cards_removed":["Strike_B"],"damage_healed":0,"gold_gain":0,"player_choice":"Purged","damage_taken":0,"max_hp_gain":0,"max_hp_loss":0,"event_name":"Purifier","floor":3,"gold_loss":0},{"damage_healed":0,"gold_gain":0,"player_choice":"Searched \u00271\u0027 times","damage_taken":0,"max_hp_gain":0,"max_hp_loss":0,"event_name":"Dead Adventurer","floor":10,"gold_loss":0},{"damage_healed":0,"gold_gain":0,"player_choice":"Entered Light","damage_taken":15,"max_hp_gain":0,"max_hp_loss":0,"event_name":"Shining Light","floor":14,"gold_loss":0,"cards_upgraded":["Redo","Defend_B"]},{"damage_healed":0,"gold_gain":0,"player_choice":"Ignored","damage_taken":0,"max_hp_gain":0,"max_hp_loss":0,"event_name":"Beggar","floor":21,"gold_loss":0}],"is_beta":false,"boss_relics":[{"not_picked":["Inserter","Snecko Eye"],"picked":"Empty Cage"}],"items_purged_floors":[],"is_endless":false,"potions_floor_spawned":[4,8,11,19,24],"killed_by":"Gremlin Leader","ascension_level":8}