{"gold_per_floor":[16,16,34,34,34,63,63,75,75,91,102,52,65,165,165,263,263,279,15,46,82,98,98,118,118,118,118,143,143,155,167,167,268,268,288,288,40,53,63,63,81,110,110,110,138,138,138,149,149,149],"floor_reached":51,"playtime":11001,"items_purged":[],"score":1065,"play_id":"2879cd10-c4bd-4db5-a433-8e18cea3bc20","local_time":"20190907045445","is_ascension_mode":true,"campfire_choices":[{"floor":7.0,"key":"REST"},{"data":"Deadly Poison","floor":15.0,"key":"SMITH"},{"floor":23.0,"key":"REST"},{"floor":25.0,"key":"REST"},{"data":"Glass Knife","floor":27.0,"key":"SMITH"},{"data":"Neutralize","floor":29.0,"key":"SMITH"},{"floor":32,"key":"REST"},{"data":"Apotheosis","floor":40,"key":"SMITH"},{"floor":44,"key":"REST"},{"data":"Master of Strategy","floor":46,"key":"SMITH"},{"floor":49,"key":"REST"}],"neow_cost":"NO_GOLD","seed_source_timestamp":388329460651500,"circlet_count":0,"master_deck":["Strike_G","Strike_G","Strike_G","Strike_G","Strike_G","Defend_G","Defend_G","Defend_G","Defend_G","Defend_G","Survivor","Neutralize+1","Purity","Magnetism+1","Quick Slash","Deadly Poison+1","Bullet Time","Escape Plan","Dodge and Roll","Backflip","Caltrops","Glass Knife+1","Acrobatics+1","Master of Strategy+1","Footwork","Infinite Blades+1","Dash+1","PiercingWail","All Out Attack","Heel Hook","Cloak And Dagger+1","Bouncing Flask","Malaise","Bane+1","Master of Strategy","Apotheosis+1","Catalyst","Noxious Fumes","Dodge and Roll+1","Accuracy","Deadly Poison+1","Backflip+1","Dodge and Roll+1"],"special_seed":0,"relics":["Ring of the Snake","Matryoshka","Regal Pillow","Question Card","Sozu","Red Mask","Snake Skull","Dodecahedron","Pear","Eternal Feather","Darkstone Periapt","Toxic Egg 2","Strawberry"],"potions_floor_usage":[],"damage_taken":[{"damage":4.0,"enemies":"2 Louse","floor":1.0,"turns":6.0},{"damage":3.0,"enemies":"Cultist","floor":3.0,"turns":4.0},{"damage":33.0,"enemies":"Lagavulin","floor":6.0,"turns":8.0},{"damage":3.0,"enemies":"Jaw Worm","floor":8.0,"turns":5.0},{"damage":12.0,"enemies":"Gremlin Gang","floor":10.0,"turns":5.0},{"damage":2.0,"enemies":"2 Fungi Beasts","floor":11.0,"turns":5.0},{"damage":0.0,"enemies":"Looter","floor":13.0,"turns":4.0},{"damage":6.0,"enemies":"Hexaghost","floor":16.0,"turns":14.0},{"damage":0.0,"enemies":"3 Byrds","floor":18.0,"turns":5.0},{"damage":32.0,"enemies":"Masked Bandits","floor":20.0,"turns":5.0},{"damage":26.0,"enemies":"Spheric Guardian","floor":21.0,"turns":8.0},{"damage":8.0,"enemies":"Snake Plant","floor":22.0,"turns":3.0},{"damage":13.0,"enemies":"Snecko","floor":24.0,"turns":5.0},{"damage":9.0,"enemies":"Gremlin Leader","floor":28.0,"turns":6.0},{"damage":37,"enemies":"Cultist and Chosen","floor":30,"turns":8},{"damage":4,"enemies":"Chosen and Byrds","floor":31,"turns":4},{"damage":48,"enemies":"Automaton","floor":33,"turns":12},{"damage":20,"enemies":"3 Darklings","floor":35,"turns":7},{"damage":0,"enemies":"3 Shapes","floor":38,"turns":4},{"damage":21,"enemies":"Maw","floor":39,"turns":6},{"damage":15,"enemies":"Spire Growth","floor":41,"turns":7},{"damage":33,"enemies":"Nemesis","floor":42,"turns":7},{"damage":44,"enemies":"Giant Head","floor":45,"turns":8},{"damage":40,"enemies":"Transient","floor":48,"turns":5},{"damage":62,"enemies":"Donu and Deca","floor":50,"turns":12}],"seed_played":"6201764487112027311","potions_obtained":[{"floor":8.0,"key":"GhostInAJar"},{"floor":10.0,"key":"FearPotion"},{"floor":16.0,"key":"AttackPotion"}],"is_trial":false,"path_per_floor":["M","?","M","$","?","E","R","M","T","M","M","?","M","?","R","B",null,"M","$","?","M","M","R","M","R","T","R","E","R","M","M","R","B",null,"M","?","$","M","M","R","M","E","T","R","E","R","?","M","R","B",null],"character_chosen":"THE_SILENT","items_purchased":["Master of Strategy","Footwork","Apotheosis","Catalyst"],"campfire_rested":6,"item_purchase_floors":[19,19,37,37],"current_hp_per_floor":[66,66,63,63,63,30,51,48,48,36,34,34,34,34,34,28,70,70,70,38,12,4,40,27,63,63,63,64,64,27,23,62,14,80,60,60,60,60,39,60,45,12,12,75,38,62,62,22,83,21],"gold":149,"neow_bonus":"RANDOM_COLORLESS_2","is_prod":false,"is_daily":false,"chose_seed":false,"campfire_upgraded":5,"win_rate":1,"timestamp":1567821285,"path_taken":["M","?","?","?","?","E","R","M","T","?","M","?","M","?","R","BOSS","M","$","?","M","M","R","M","R","T","R","E","R","M","M","R","BOSS","M","?","$","?","M","R","M","E","T","R","E","R","?","M","R","BOSS"],"build_version":"2019-07-17","purchased_purges":0,"victory":true,"max_hp_per_floor":[70,70,70,70,70,70,70,70,70,70,70,70,70,70,70,70,70,70,70,70,70,70,70,70,70,70,70,80,80,80,80,80,80,80,80,80,80,80,80,80,80,80,80,80,87,87,83,83,83,83],"card_choices":[{"not_picked":["Heel Hook","Outmaneuver"],"picked":"Quick Slash","floor":1.0},{"not_picked":["Riddle With Holes","Expertise"],"picked":"Deadly Poison","floor":3.0},{"not_picked":["Infinite Blades","Endless Agony"],"picked":"Bullet Time","floor":6.0},{"not_picked":["Distraction","Underhanded Strike"],"picked":"Escape Plan","floor":8.0},{"not_picked":["Eviscerate","Poisoned Stab","Slice"],"picked":"Dodge and Roll","floor":10.0},{"not_picked":["Burst","Dodge and Roll","Flechettes"],"picked":"Backflip","floor":11.0},{"not_picked":["Backflip","Quick Slash","Dagger Throw"],"picked":"Caltrops","floor":13.0},{"not_picked":["Venomology","Unload","Wraith Form v2"],"picked":"Glass Knife","floor":16.0},{"not_picked":["Prepared+1","Masterful Stab+1","Reflex+1"],"picked":"Acrobatics+1","floor":18.0},{"not_picked":["Outmaneuver","Underhanded Strike","Dagger Throw"],"picked":"Infinite Blades+1","floor":20.0},{"not_picked":["Dagger Spray","Outmaneuver","Blade Dance"],"picked":"Dash+1","floor":21.0},{"not_picked":["Venomology","Calculated Gamble","Outmaneuver"],"picked":"PiercingWail","floor":22.0},{"not_picked":["Backflip","Outmaneuver","Prepared"],"picked":"All Out Attack","floor":24.0},{"not_picked":["All Out Attack+1","Deadly Poison","Bullet Time"],"picked":"Heel Hook","floor":28.0},{"not_picked":["Slice","Blade Dance","PiercingWail"],"picked":"Cloak And Dagger+1","floor":30},{"not_picked":["Eviscerate+1","Masterful Stab","Escape Plan"],"picked":"Bouncing Flask","floor":31},{"not_picked":["Night Terror","Bullet Time","After Image"],"picked":"Malaise","floor":33},{"not_picked":["Acrobatics","Outmaneuver+1","Sucker Punch"],"picked":"Bane+1","floor":35},{"not_picked":["Escape Plan","Quick Slash","Acrobatics"],"picked":"Noxious Fumes","floor":38},{"not_picked":["Deadly Poison","Leg Sweep+1","Riddle With Holes+1"],"picked":"Dodge and Roll+1","floor":39},{"not_picked":["Deflect+1","Blur+1","Underhanded Strike+1"],"picked":"Accuracy","floor":41},{"not_picked":["Accuracy+1","Skewer","Tactician+1"],"picked":"Deadly Poison+1","floor":42},{"not_picked":["Reflex+1","Deflect+1","Poisoned Stab+1"],"picked":"Backflip+1","floor":45},{"not_picked":["Outmaneuver+1","Bane+1","Dagger Throw"],"picked":"Dodge and Roll+1","floor":48}],"player_experience":204229,"relics_obtained":[{"floor":6.0,"key":"Matryoshka"},{"floor":9.0,"key":"Regal Pillow"},{"floor":9.0,"key":"Question Card"},{"floor":20.0,"key":"Red Mask"},{"floor":26.0,"key":"Snake Skull"},{"floor":26.0,"key":"Dodecahedron"},{"floor":28.0,"key":"Pear"},{"floor":42,"key":"Darkstone Periapt"},{"floor":43,"key":"Toxic Egg 2"},{"floor":45,"key":"Strawberry"}],"event_choices":[{"damage_healed":0.0,"max_hp_gain":0.0,"max_hp_loss":0.0,"gold_gain":0.0,"event_name":"Upgrade Shrine","player_choice":"Upgraded","floor":2.0,"gold_loss":0.0,"damage_taken":0.0,"cards_upgraded":["Magnetism"]},{"damage_healed":0.0,"max_hp_gain":0.0,"max_hp_loss":0.0,"gold_gain":0.0,"event_name":"Wheel of Change","player_choice":"Cursed","floor":5.0,"gold_loss":0.0,"damage_taken":0.0,"cards_obtained":["Decay"]},{"cards_removed":["Decay"],"damage_healed":0.0,"max_hp_gain":0.0,"max_hp_loss":0.0,"gold_gain":0.0,"event_name":"The Cleric","player_choice":"Card Removal","floor":12.0,"gold_loss":50.0,"damage_taken":0.0},{"damage_healed":0.0,"max_hp_gain":0.0,"max_hp_loss":0.0,"gold_gain":100.0,"event_name":"Golden Shrine","player_choice":"Pray","floor":14.0,"gold_loss":0.0,"damage_taken":0.0},{"damage_healed":0.0,"max_hp_gain":0.0,"max_hp_loss":0.0,"gold_gain":0.0,"event_name":"Masked Bandits","player_choice":"Fought Bandits","floor":20.0,"gold_loss":0.0,"damage_taken":0.0},{"damage_healed":0,"gold_gain":0,"player_choice":"Copied","damage_taken":0,"max_hp_gain":0,"max_hp_loss":0,"event_name":"Duplicator","floor":36,"gold_loss":0,"cards_obtained":["Master of Strategy"]},{"damage_healed":0,"gold_gain":0,"player_choice":"Max HP","damage_taken":0,"max_hp_gain":0,"max_hp_loss":4,"event_name":"Winding Halls","floor":47,"gold_loss":0}],"is_beta":false,"boss_relics":[{"not_picked":["Lizard Tail","Orrery"],"picked":"Sozu"},{"not_picked":["Cursed Key","Coffee Dripper"],"picked":"Eternal Feather"}],"items_purged_floors":[],"is_endless":false,"potions_floor_spawned":[8,10,16,22,24,28,30,35,39,45],"ascension_level":3}