{"gold_per_floor":[109,121,12,32,32,67,67,92,117,147,161,161,161,161,161,256,306,324,423,19,19,19,19,52,70,70,70,101,101,134,154,154,252,252,263,155,155,377,392,392,423,438,438,491,491,507,521,540,540,540,540,540,30,57,57],"floor_reached":56,"playtime":3428,"items_purged":["Strike_B","Strike_B+1"],"score":1699,"play_id":"628c2f93-d909-4189-ac99-87c946996d75","local_time":"20190903184039","is_ascension_mode":true,"campfire_choices":[{"data":"Defragment","floor":7.0,"key":"SMITH"},{"floor":12.0,"key":"REST"},{"data":"Defragment","floor":15.0,"key":"SMITH"},{"data":"Chaos","floor":23.0,"key":"SMITH"},{"data":"Loop","floor":27.0,"key":"SMITH"},{"data":"Coolheaded","floor":29.0,"key":"SMITH"},{"floor":32.0,"key":"REST"},{"floor":40.0,"key":"RECALL"},{"floor":49,"key":"REST"},{"floor":52,"key":"DIG"}],"neow_cost":"NONE","seed_source_timestamp":0,"circlet_count":0,"master_deck":["Defend_B","Defend_B","Defend_B","Dualcast","Cold Snap","Ball Lightning","Defragment+1","Blizzard","FTL","Defragment+1","Genetic Algorithm","Conserve Battery","Loop+1","Chaos+1","Coolheaded+1","Defragment","Defragment+1","Electrodynamics","Chill","Defragment","Cold Snap","Tempest+1","Capacitor","Glacier"],"special_seed":0,"relics":["Cracked Core","DataDisk","Bag of Preparation","Bag of Marbles","Dream Catcher","Ice Cream","Ancient Tea Set","Tiny House","Emotion Chip","Smiling Mask","Incense Burner","Oddly Smooth Stone","Mercury Hourglass","Mummified Hand","Red Mask","Empty Cage","Du-Vu Doll","Shovel","Sundial","Letter Opener","Mango","Gambling Chip"],"potions_floor_usage":[55,55,55],"damage_taken":[{"damage":0.0,"enemies":"Cultist","floor":1.0,"turns":2.0},{"damage":0.0,"enemies":"Small Slimes","floor":2.0,"turns":3.0},{"damage":12.0,"enemies":"Jaw Worm","floor":4.0,"turns":2.0},{"damage":12.0,"enemies":"Lagavulin","floor":6.0,"turns":6.0},{"damage":10.0,"enemies":"3 Sentries","floor":8.0,"turns":6.0},{"damage":14.0,"enemies":"Lagavulin","floor":10.0,"turns":6.0},{"damage":5.0,"enemies":"3 Louse","floor":11.0,"turns":3.0},{"damage":0.0,"enemies":"Slime Boss","floor":16.0,"turns":7.0},{"damage":23.0,"enemies":"2 Thieves","floor":18.0,"turns":5.0},{"damage":3.0,"enemies":"Book of Stabbing","floor":24.0,"turns":5.0},{"damage":0.0,"enemies":"Chosen","floor":25.0,"turns":3.0},{"damage":13.0,"enemies":"Slavers","floor":28.0,"turns":6.0},{"damage":0.0,"enemies":"Masked Bandits","floor":30.0,"turns":4.0},{"damage":7.0,"enemies":"Snake Plant","floor":31.0,"turns":3.0},{"damage":17.0,"enemies":"Collector","floor":33.0,"turns":8.0},{"damage":0.0,"enemies":"Orb Walker","floor":35.0,"turns":2.0},{"damage":0.0,"enemies":"3 Shapes","floor":39.0,"turns":3.0},{"damage":3.0,"enemies":"Nemesis","floor":41.0,"turns":7.0},{"damage":14.0,"enemies":"Writhing Mass","floor":42.0,"turns":4.0},{"damage":2.0,"enemies":"2 Orb Walkers","floor":44.0,"turns":5.0},{"damage":1.0,"enemies":"Maw","floor":46.0,"turns":5.0},{"damage":8,"enemies":"Sphere and 2 Shapes","floor":47,"turns":3},{"damage":0,"enemies":"Jaw Worm Horde","floor":48,"turns":3},{"damage":33,"enemies":"Awakened One","floor":50,"turns":12},{"damage":9,"enemies":"Shield and Spear","floor":54,"turns":5},{"damage":31,"enemies":"The Heart","floor":55,"turns":10}],"seed_played":"-8636700998118459354","potions_obtained":[{"floor":4.0,"key":"Explosive Potion"},{"floor":11.0,"key":"EssenceOfSteel"},{"floor":17.0,"key":"FocusPotion"},{"floor":28.0,"key":"Block Potion"},{"floor":33.0,"key":"Block Potion"},{"floor":44.0,"key":"PowerPotion"},{"floor":54,"key":"FocusPotion"}],"is_trial":false,"path_per_floor":["M","M","$","M","?","E","R","E","T","E","M","R","?","?","R","B",null,"M","?","$","?","T","R","E","M","T","R","E","R","?","M","R","B",null,"M","$","?","?","M","R","E","M","T","?","T","M","M","M","R","B",null,"R","$","E","B",null],"character_chosen":"DEFECT","items_purchased":["Defragment","Blizzard","Coolheaded","Emotion Chip","Chill","Defragment","Capacitor","Glacier","Mango"],"campfire_rested":3,"item_purchase_floors":[3,3,20,20,36,36,53,53,53],"current_hp_per_floor":[68,68,68,56,61,49,49,39,39,25,20,44,41,34,34,34,74,51,51,51,51,51,51,48,48,48,48,35,35,35,28,53,36,73,73,73,73,73,73,73,70,56,56,54,54,53,45,45,70,37,73,73,87,78,47],"gold":57,"neow_bonus":"RANDOM_COMMON_RELIC","is_prod":false,"is_daily":false,"chose_seed":false,"campfire_upgraded":5,"win_rate":0,"timestamp":1567561239,"path_taken":["M","M","?","?","?","E","R","E","T","E","M","R","?","?","R","BOSS","M","?","$","?","?","R","E","M","T","R","E","R","?","M","R","BOSS","M","$","?","?","M","R","E","M","T","?","?","?","M","?","R","BOSS","R","$","E","BOSS"],"build_version":"2019-07-17","purchased_purges":2,"victory":true,"max_hp_per_floor":[75,75,75,75,80,80,80,80,80,80,80,80,80,80,80,80,85,85,85,85,85,85,85,85,85,85,85,85,85,85,85,85,85,85,85,85,85,85,85,85,85,85,85,85,85,85,85,85,85,85,85,85,99,99,99],"card_choices":[{"not_picked":["Coolheaded","Steam Power"],"picked":"Cold Snap","floor":1.0},{"not_picked":["Skim","Beam Cell"],"picked":"Ball Lightning","floor":2.0},{"not_picked":["Barrage","Sweeping Beam","Leap"],"picked":"SKIP","floor":4.0},{"not_picked":["Sweeping Beam","Steam"],"picked":"FTL","floor":6.0},{"not_picked":["Sweeping Beam","Reboot","Hologram"],"picked":"SKIP","floor":8.0},{"not_picked":["Go for the Eyes","Stack"],"picked":"Defragment","floor":10.0},{"not_picked":["Rebound","Ball Lightning"],"picked":"Genetic Algorithm","floor":11.0},{"not_picked":["Auto Shields","Redo"],"picked":"Conserve Battery","floor":12.0},{"not_picked":["Consume","Conserve Battery"],"picked":"Loop","floor":17.0},{"not_picked":["Stack+1","Storm"],"picked":"Chaos","floor":18.0},{"not_picked":["Beam Cell","Sweeping Beam"],"picked":"Defragment","floor":24.0},{"not_picked":["Gash+1","Sweeping Beam"],"picked":"Defragment+1","floor":25.0},{"not_picked":["Genetic Algorithm","Aggregate","Rip and Tear+1"],"picked":"SKIP","floor":28.0},{"not_picked":["Barrage+1","Leap","Ball Lightning+1"],"picked":"SKIP","floor":31.0},{"not_picked":["All For One","Seek"],"picked":"Electrodynamics","floor":33.0},{"not_picked":["Consume+1","Turbo+1","Beam Cell"],"picked":"SKIP","floor":35.0},{"not_picked":["Turbo+1","Go for the Eyes+1"],"picked":"Cold Snap","floor":39.0},{"not_picked":["Melter+1","Loop","Hologram+1"],"picked":"SKIP","floor":41.0},{"not_picked":["Steam+1","Undo+1"],"picked":"Tempest+1","floor":42.0},{"not_picked":["Barrage+1","Fusion+1","Go for the Eyes"],"picked":"SKIP","floor":46},{"not_picked":["Auto Shields+1","Cold Snap","Gash+1"],"picked":"SKIP","floor":47},{"not_picked":["Rebound","Coolheaded","Hologram"],"picked":"SKIP","floor":48},{"not_picked":["Ball Lightning","Leap","Hologram+1"],"picked":"SKIP","floor":54}],"player_experience":251320,"relics_obtained":[{"floor":6.0,"key":"Bag of Preparation"},{"floor":8.0,"key":"Bag of Marbles"},{"floor":9.0,"key":"Dream Catcher"},{"floor":10.0,"key":"Ice Cream"},{"floor":22.0,"key":"Incense Burner"},{"floor":24.0,"key":"Oddly Smooth Stone"},{"floor":26.0,"key":"Mercury Hourglass"},{"floor":28.0,"key":"Mummified Hand"},{"floor":30.0,"key":"Red Mask"},{"floor":41.0,"key":"Du-Vu Doll"},{"floor":44.0,"key":"Shovel"},{"floor":45.0,"key":"Sundial"},{"floor":52,"key":"Letter Opener"},{"floor":54,"key":"Gambling Chip"}],"event_choices":[{"damage_healed":0.0,"max_hp_gain":5.0,"max_hp_loss":0.0,"gold_gain":0.0,"event_name":"Big Fish","player_choice":"Donut","floor":5.0,"gold_loss":0.0,"damage_taken":0.0},{"damage_healed":0.0,"max_hp_gain":0.0,"max_hp_loss":0.0,"gold_gain":0.0,"event_name":"Scrap Ooze","player_choice":"Success","floor":13.0,"gold_loss":0.0,"damage_taken":3.0,"relics_obtained":["Ancient Tea Set"]},{"cards_removed":["Strike_B"],"damage_healed":0.0,"max_hp_gain":0.0,"max_hp_loss":0.0,"gold_gain":0.0,"event_name":"Golden Wing","player_choice":"Card Removal","floor":14.0,"gold_loss":0.0,"damage_taken":7.0},{"damage_healed":0.0,"max_hp_gain":0.0,"max_hp_loss":0.0,"gold_gain":99.0,"event_name":"Nest","player_choice":"Stole From Cult","floor":19.0,"gold_loss":0.0,"damage_taken":0.0},{"damage_healed":0.0,"max_hp_gain":0.0,"max_hp_loss":0.0,"gold_gain":0.0,"event_name":"The Mausoleum","player_choice":"Opened","floor":21.0,"gold_loss":0.0,"damage_taken":0.0,"relics_obtained":["Smiling Mask"]},{"damage_healed":0.0,"max_hp_gain":0.0,"max_hp_loss":0.0,"gold_gain":0.0,"event_name":"Masked Bandits","player_choice":"Fought Bandits","floor":30.0,"gold_loss":0.0,"damage_taken":0.0},{"cards_removed":["Zap"],"damage_healed":0.0,"max_hp_gain":0.0,"max_hp_loss":0.0,"gold_gain":0.0,"event_name":"Falling","player_choice":"Removed Skill","floor":37.0,"gold_loss":0.0,"damage_taken":0.0},{"damage_healed":0.0,"max_hp_gain":0.0,"max_hp_loss":0.0,"gold_gain":222.0,"event_name":"Tomb of Lord Red Mask","player_choice":"Wore Mask","floor":38.0,"gold_loss":0.0,"damage_taken":0.0},{"damage_healed":0.0,"max_hp_gain":0.0,"max_hp_loss":0.0,"gold_gain":0.0,"event_name":"Mysterious Sphere","player_choice":"Fight","floor":44.0,"gold_loss":0.0,"damage_taken":0.0}],"is_beta":false,"boss_relics":[{"not_picked":["White Beast Statue","Runic Pyramid"],"picked":"Tiny House"},{"not_picked":["Fusion Hammer","Philosopher\u0027s Stone"],"picked":"Empty Cage"}],"items_purged_floors":[20,53],"is_endless":false,"potions_floor_spawned":[4,11,28,33,39,44,46,54],"ascension_level":7}