{"gold_per_floor":[109,124,124,299,299,334,25,57,112,112,112,12,25,39,39,137,137,153,0,0,0,19,19],"floor_reached":23,"playtime":820,"items_purged":["Doubt","Strike_R"],"score":344,"play_id":"69a23456-926e-4b91-aaa7-8101474b94e8","local_time":"20190512221544","is_ascension_mode":true,"campfire_choices":[{"data":"Flame Barrier","floor":10,"key":"SMITH"},{"data":"True Grit","floor":15,"key":"SMITH"}],"neow_cost":"NONE","seed_source_timestamp":1205715524600,"circlet_count":0,"master_deck":["AscendersBane","Strike_R","Strike_R","Strike_R+1","Defend_R","Defend_R","Defend_R","Defend_R","Bash+1","Anger+1","Clothesline","Flame Barrier+1","Whirlwind","Inflame","True Grit+1","Ghostly Armor","Offering","Spot Weakness"],"relics":["Burning Blood","NeowsBlessing","Bronze Scales","Regal Pillow","Potion Belt","Omamori","White Beast Statue"],"potions_floor_usage":[8,16,18,20,20,23],"damage_taken":[{"damage":0,"enemies":"Jaw Worm","floor":1,"turns":1},{"damage":0,"enemies":"2 Louse","floor":2,"turns":1},{"damage":0,"enemies":"Gremlin Nob","floor":6,"turns":1},{"damage":25,"enemies":"3 Sentries","floor":8,"turns":5},{"damage":0,"enemies":"Small Slimes","floor":13,"turns":2},{"damage":7,"enemies":"Looter","floor":14,"turns":3},{"damage":42,"enemies":"The Guardian","floor":16,"turns":11},{"damage":8,"enemies":"Shell Parasite","floor":18,"turns":4},{"damage":23,"enemies":"Colosseum Slavers","floor":20,"turns":4},{"damage":6,"enemies":"3 Byrds","floor":22,"turns":4},{"damage":50,"enemies":"Slavers","floor":23,"turns":5}],"seed_played":"5290246367369548696","potions_obtained":[{"floor":2,"key":"SkillPotion"},{"floor":6,"key":"SkillPotion"},{"floor":13,"key":"FearPotion"},{"floor":14,"key":"EssenceOfSteel"},{"floor":18,"key":"Weak Potion"},{"floor":22,"key":"Dexterity Potion"}],"is_trial":false,"path_per_floor":["M","M","?","?","?","E","$","E","T","R","?","$","M","M","R","B",null,"M","?","?","$","M","E"],"character_chosen":"IRONCLAD","items_purchased":["Whirlwind","Regal Pillow"],"campfire_rested":0,"item_purchase_floors":[7,7],"current_hp_per_floor":[78,80,80,80,64,70,70,51,51,51,44,44,50,49,49,13,63,61,61,44,44,44,0],"gold":19,"neow_bonus":"THREE_ENEMY_KILL","is_prod":false,"is_daily":false,"chose_seed":false,"campfire_upgraded":2,"win_rate":0,"timestamp":1557713744,"path_taken":["M","M","?","?","?","E","$","E","T","R","?","?","M","?","R","BOSS","M","?","?","?","M","E"],"build_version":"2019-01-23","purchased_purges":2,"victory":false,"max_hp_per_floor":[80,80,80,80,80,80,80,80,80,80,80,80,80,80,80,80,80,80,80,80,80,80,80],"card_choices":[{"not_picked":["Clash","Thunderclap"],"picked":"Anger","floor":1},{"not_picked":["Ghostly Armor","Sword Boomerang"],"picked":"Clothesline","floor":2},{"not_picked":["Shrug It Off","Disarm"],"picked":"Flame Barrier","floor":6},{"not_picked":["Reaper","Thunderclap"],"picked":"Inflame","floor":8},{"not_picked":["Armaments","Anger"],"picked":"True Grit","floor":13},{"not_picked":["Cleave","Blood for Blood"],"picked":"Ghostly Armor","floor":14},{"not_picked":["Demon Form","Exhume"],"picked":"Offering","floor":16},{"not_picked":["Warcry","Shockwave","Wild Strike+1"],"picked":"SKIP","floor":18},{"not_picked":["Pommel Strike","Pummel"],"picked":"Spot Weakness","floor":22}],"player_experience":267842,"relics_obtained":[{"floor":6,"key":"Bronze Scales"},{"floor":8,"key":"Potion Belt"},{"floor":9,"key":"Omamori"}],"event_choices":[{"damage_healed":0,"gold_gain":0,"player_choice":"Grow","damage_taken":0,"max_hp_gain":0,"max_hp_loss":0,"event_name":"Living Wall","floor":3,"gold_loss":0,"cards_upgraded":["Bash"]},{"damage_healed":0,"gold_gain":175,"player_choice":"AGREE","damage_taken":0,"max_hp_gain":0,"max_hp_loss":0,"event_name":"Liars Game","floor":4,"gold_loss":0,"cards_obtained":["Doubt"]},{"damage_healed":0,"gold_gain":0,"player_choice":"Entered Light","damage_taken":16,"max_hp_gain":0,"max_hp_loss":0,"event_name":"Shining Light","floor":5,"gold_loss":0,"cards_upgraded":["Anger","Strike_R"]},{"cards_removed":["Strike_R"],"damage_healed":0,"gold_gain":0,"player_choice":"Card Removal","damage_taken":7,"max_hp_gain":0,"max_hp_loss":0,"event_name":"Golden Wing","floor":11,"gold_loss":0},{"damage_healed":0,"gold_gain":0,"player_choice":"Paid Fearfully","damage_taken":0,"max_hp_gain":0,"max_hp_loss":0,"event_name":"Masked Bandits","floor":19,"gold_loss":153},{"damage_healed":0,"gold_gain":0,"player_choice":"Fight","damage_taken":0,"max_hp_gain":0,"max_hp_loss":0,"event_name":"Colosseum","floor":20,"gold_loss":0},{"damage_healed":0,"gold_gain":0,"player_choice":"Fled From Nobs","damage_taken":0,"max_hp_gain":0,"max_hp_loss":0,"event_name":"Colosseum","floor":20,"gold_loss":0}],"is_beta":false,"boss_relics":[{"not_picked":["Tiny House","Empty Cage"],"picked":"White Beast Statue"}],"items_purged_floors":[7,12],"is_endless":false,"potions_floor_spawned":[2,6,13,14,18,20,22],"killed_by":"Slavers","ascension_level":11}