{"gold_per_floor":[117,127,127,127,140,140,168,168,194,212,212,32,51,64,64,160,160,171,188,188,201,201,201,219,67,93,105,105,36,49,69,69,170,170,189,203,217,9,9,9,22,22,22,36,50,0,12,29,29,29],"floor_reached":50,"playtime":2631,"items_purged":[],"score":545,"play_id":"6416c509-e590-44f9-8dcb-4500cdde192e","local_time":"20190324030653","is_ascension_mode":true,"campfire_choices":[{"data":"Hello World","floor":6,"key":"SMITH"},{"floor":8,"key":"REST"},{"floor":11,"key":"REST"},{"floor":15,"key":"REST"},{"floor":23,"key":"REST"},{"floor":28,"key":"REST"},{"floor":32,"key":"REST"},{"floor":40,"key":"REST"},{"floor":42,"key":"REST"},{"floor":49,"key":"REST"}],"neow_cost":"NONE","seed_source_timestamp":4005451256300,"circlet_count":0,"master_deck":["Defend_B","Defend_B","Defend_B","Defend_B","Zap","Dualcast","Biased Cognition","Static Discharge","Hello World+1","Stack","Leap","Ball Lightning","Beam Cell","Doom and Gloom","Go for the Eyes","Thunder Strike","FTL+1","Ball Lightning+1","Redo+1","Glacier+1","Gash","Conserve Battery","Capacitor","Hello World","FTL","Auto Shields","Machine Learning","Coolheaded+1","Redo+1","Auto Shields+1","Ball Lightning+1","Defragment","Conserve Battery+1","Steam","Coolheaded+1","Tempest+1","White Noise+1","Go for the Eyes+1","Redo+1"],"relics":["Cracked Core","Omamori","DataDisk","Orichalcum","Oddly Smooth Stone","Cursed Key","MutagenicStrength","Potion Belt","Astrolabe","Anchor","Centennial Puzzle","Dodecahedron"],"potions_floor_usage":[13,16,33,33,37,37,50,50,50],"damage_taken":[{"damage":0,"enemies":"Jaw Worm","floor":1,"turns":3},{"damage":0,"enemies":"Small Slimes","floor":2,"turns":2},{"damage":5,"enemies":"2 Louse","floor":5,"turns":3},{"damage":25,"enemies":"3 Sentries","floor":7,"turns":7},{"damage":29,"enemies":"Gremlin Gang","floor":10,"turns":4},{"damage":7,"enemies":"Large Slime","floor":13,"turns":2},{"damage":9,"enemies":"2 Fungi Beasts","floor":14,"turns":3},{"damage":12,"enemies":"Hexaghost","floor":16,"turns":9},{"damage":19,"enemies":"2 Thieves","floor":18,"turns":4},{"damage":0,"enemies":"Chosen","floor":19,"turns":3},{"damage":18,"enemies":"Shelled Parasite and Fungi","floor":21,"turns":4},{"damage":6,"enemies":"Chosen and Byrds","floor":24,"turns":3},{"damage":13,"enemies":"Snecko","floor":27,"turns":5},{"damage":21,"enemies":"Snake Plant","floor":30,"turns":3},{"damage":23,"enemies":"Shelled Parasite and Fungi","floor":31,"turns":5},{"damage":24,"enemies":"Champ","floor":33,"turns":9},{"damage":8,"enemies":"3 Shapes","floor":35,"turns":3},{"damage":6,"enemies":"Orb Walker","floor":36,"turns":3},{"damage":34,"enemies":"4 Shapes","floor":37,"turns":4},{"damage":6,"enemies":"Spire Growth","floor":41,"turns":6},{"damage":4,"enemies":"Sphere and 2 Shapes","floor":44,"turns":4},{"damage":6,"enemies":"Jaw Worm Horde","floor":45,"turns":3},{"damage":23,"enemies":"Transient","floor":47,"turns":5},{"damage":6,"enemies":"4 Shapes","floor":48,"turns":3},{"damage":66,"enemies":"Donu and Deca","floor":50,"turns":10}],"seed_played":"7555933825792732711","potions_obtained":[{"floor":1,"key":"LiquidBronze"},{"floor":7,"key":"Swift Potion"},{"floor":10,"key":"Weak Potion"},{"floor":19,"key":"Regen Potion"},{"floor":27,"key":"Regen Potion"},{"floor":33,"key":"PowerPotion"},{"floor":35,"key":"Block Potion"},{"floor":47,"key":"SkillPotion"},{"floor":48,"key":"Weak Potion"}],"is_trial":false,"path_per_floor":["M","M","?","?","M","R","E","R","T","M","R","$","M","M","R","B",null,"M","M","?","M","?","R","M","$","T","M","R","$","M","M","R","B",null,"M","M","M","$","?","R","M","R","T","M","M","?","M","M","R","B"],"character_chosen":"DEFECT","items_purchased":["Beam Cell","Oddly Smooth Stone","Gash","Conserve Battery","Capacitor","FTL","Anchor","Steam"],"campfire_rested":9,"item_purchase_floors":[12,12,25,25,25,29,38,38],"current_hp_per_floor":[75,75,63,63,58,58,33,55,55,26,48,48,41,32,54,42,75,56,56,56,38,38,60,54,54,54,41,63,63,42,19,41,51,75,67,61,27,27,27,49,43,65,65,61,55,55,32,26,48,0],"gold":29,"neow_bonus":"ONE_RANDOM_RARE_CARD","is_prod":false,"is_daily":false,"chose_seed":false,"campfire_upgraded":1,"win_rate":0,"timestamp":1553411213,"path_taken":["M","M","?","?","M","R","E","R","T","?","R","$","M","M","R","BOSS","M","M","?","M","?","R","M","$","T","M","R","$","M","M","R","BOSS","M","M","?","$","?","R","M","R","T","M","M","?","M","?","R","BOSS"],"build_version":"2019-01-23","purchased_purges":0,"victory":false,"max_hp_per_floor":[75,75,75,75,75,75,75,75,75,75,75,75,75,75,75,75,75,75,75,75,75,75,75,75,75,75,75,75,75,75,75,75,75,75,75,75,75,75,75,75,75,75,75,75,75,75,75,75,75,75],"card_choices":[{"not_picked":["Sweeping Beam","Double Energy"],"picked":"Static Discharge","floor":1},{"not_picked":["Rebound","Loop"],"picked":"Hello World","floor":2},{"not_picked":["Sweeping Beam","BootSequence"],"picked":"Stack","floor":5},{"not_picked":["Coolheaded","Barrage"],"picked":"Leap","floor":7},{"not_picked":["Double Energy","Coolheaded"],"picked":"Ball Lightning","floor":10},{"not_picked":["Chill","Storm"],"picked":"Doom and Gloom","floor":13},{"not_picked":["Aggregate","Sunder"],"picked":"Go for the Eyes","floor":14},{"not_picked":["Fission","Echo Form"],"picked":"Thunder Strike","floor":16},{"not_picked":["Doom and Gloom","Coolheaded"],"picked":"FTL+1","floor":18},{"not_picked":["Conserve Battery","Cold Snap"],"picked":"Ball Lightning+1","floor":19},{"not_picked":["Undo+1","Blizzard"],"picked":"Redo+1","floor":21},{"not_picked":["Consume","Beam Cell"],"picked":"Glacier+1","floor":24},{"not_picked":["Recycle","Coolheaded"],"picked":"Hello World","floor":27},{"not_picked":["Steam","Hologram"],"picked":"Barrage","floor":30},{"not_picked":["Hello World+1","Steam"],"picked":"Auto Shields","floor":31},{"not_picked":["Thunder Strike","Meteor Strike"],"picked":"Machine Learning","floor":33},{"not_picked":["Melter+1","Cold Snap+1"],"picked":"Ball Lightning+1","floor":35},{"not_picked":["Compile Driver","Auto Shields+1"],"picked":"Defragment","floor":36},{"not_picked":["Coolheaded","Ball Lightning+1"],"picked":"Conserve Battery+1","floor":37},{"not_picked":["Rip and Tear","Hologram+1"],"picked":"Coolheaded+1","floor":41},{"not_picked":["Hologram+1","Melter"],"picked":"Tempest+1","floor":44},{"not_picked":["Rebound+1","Recycle"],"picked":"White Noise+1","floor":45},{"not_picked":["Undo+1","Steam"],"picked":"Go for the Eyes+1","floor":47},{"not_picked":["Chaos","Reprogram+1"],"picked":"Redo+1","floor":48}],"player_experience":60036,"relics_obtained":[{"floor":7,"key":"DataDisk"},{"floor":9,"key":"Orichalcum"},{"floor":26,"key":"Potion Belt"},{"floor":43,"key":"Centennial Puzzle"}],"event_choices":[{"damage_healed":0,"gold_gain":0,"player_choice":"Success","damage_taken":12,"relics_obtained":["Omamori"],"max_hp_gain":0,"max_hp_loss":0,"event_name":"Scrap Ooze","floor":3,"gold_loss":0},{"damage_healed":0,"gold_gain":0,"player_choice":"Leave","damage_taken":0,"max_hp_gain":0,"max_hp_loss":0,"event_name":"The Cleric","floor":4,"gold_loss":0},{"damage_healed":0,"gold_gain":0,"player_choice":"Inject Mutagens","damage_taken":0,"relics_obtained":["MutagenicStrength"],"max_hp_gain":0,"max_hp_loss":0,"event_name":"Drug Dealer","floor":20,"gold_loss":0},{"cards_removed":["Strike_B"],"damage_healed":0,"gold_gain":0,"player_choice":"Offered Basic","damage_taken":0,"max_hp_gain":0,"max_hp_loss":0,"event_name":"Bonfire Elementals","floor":22,"gold_loss":0},{"cards_removed":["Barrage"],"damage_healed":0,"gold_gain":0,"player_choice":"Removed Attack","damage_taken":0,"max_hp_gain":0,"max_hp_loss":0,"event_name":"Falling","floor":39,"gold_loss":0},{"damage_healed":0,"gold_gain":0,"player_choice":"Paid Gold","damage_taken":0,"relics_obtained":["Dodecahedron"],"max_hp_gain":0,"max_hp_loss":0,"event_name":"WeMeetAgain","floor":46,"gold_loss":50}],"is_beta":false,"boss_relics":[{"not_picked":["Snecko Eye","Coffee Dripper"],"picked":"Cursed Key"},{"not_picked":["Philosopher\u0027s Stone","Sozu"],"picked":"Astrolabe"}],"items_purged_floors":[],"is_endless":false,"potions_floor_spawned":[1,7,10,19,27,33,35,47,48],"killed_by":"Donu and Deca","ascension_level":3}