{"gold_per_floor":[114,130,130,130,130,161,161,193,218,237,292,217,248,32,32,132,132,143,160,160,187,200,200,125,125,125,3,3,3,13,32,32,32],"floor_reached":33,"playtime":1274,"items_purged":["Strike_R","Defend_R"],"score":546,"play_id":"93d5abe6-02ce-4272-a1e4-8b0656dba17c","local_time":"20190510175958","is_ascension_mode":true,"campfire_choices":[{"data":"Ghostly Armor","floor":7,"key":"SMITH"},{"data":"Carnage","floor":15,"key":"SMITH"},{"data":"True Grit","floor":23,"key":"SMITH"},{"data":"Shrug It Off","floor":28,"key":"SMITH"},{"floor":32,"key":"REST"}],"neow_cost":"NONE","seed_source_timestamp":26891451615500,"circlet_count":0,"master_deck":["AscendersBane","Strike_R","Strike_R","Strike_R","Strike_R","Defend_R","Defend_R","Bash+1","Perfected Strike+1","Ghostly Armor+1","Twin Strike","Double Tap","Iron Wave","True Grit+1","Carnage+1","Feed","Battle Trance","Perfected Strike+1","Shrug It Off+1"],"relics":["Burning Blood","NeowsBlessing","Centennial Puzzle","Shuriken","Blood Vial","Mercury Hourglass","Charon\u0027s Ashes","White Beast Statue","Pen Nib","Mango"],"potions_floor_usage":[13,16,19,22,30,31,33,33],"damage_taken":[{"damage":0,"enemies":"Jaw Worm","floor":1,"turns":1},{"damage":0,"enemies":"Small Slimes","floor":2,"turns":1},{"damage":0,"enemies":"Gremlin Nob","floor":6,"turns":1},{"damage":20,"enemies":"3 Sentries","floor":8,"turns":7},{"damage":0,"enemies":"2 Louse","floor":10,"turns":2},{"damage":20,"enemies":"3 Sentries","floor":11,"turns":9},{"damage":21,"enemies":"Lagavulin","floor":13,"turns":5},{"damage":0,"enemies":"Slime Boss","floor":16,"turns":6},{"damage":30,"enemies":"Shell Parasite","floor":18,"turns":5},{"damage":1,"enemies":"3 Byrds","floor":19,"turns":2},{"damage":21,"enemies":"Colosseum Slavers","floor":20,"turns":3},{"damage":30,"enemies":"Centurion and Healer","floor":22,"turns":5},{"damage":11,"enemies":"Snake Plant","floor":30,"turns":3},{"damage":10,"enemies":"Snecko","floor":31,"turns":4},{"damage":99,"enemies":"Champ","floor":33,"turns":11}],"seed_played":"-2055133014998680297","potions_obtained":[{"floor":2,"key":"Block Potion"},{"floor":8,"key":"LiquidBronze"},{"floor":13,"key":"Poison Potion"},{"floor":18,"key":"Weak Potion"},{"floor":19,"key":"Strength Potion"},{"floor":22,"key":"Fire Potion"},{"floor":30,"key":"AttackPotion"},{"floor":31,"key":"PowerPotion"}],"is_trial":false,"path_per_floor":["M","M","?","?","?","E","R","E","T","M","?","$","E","$","R","B",null,"M","M","?","T","M","R","?","$","T","$","R","?","M","M","R","B"],"character_chosen":"IRONCLAD","items_purchased":["Feed","Battle Trance","Shrug It Off"],"campfire_rested":1,"item_purchase_floors":[14,14,27],"current_hp_per_floor":[78,80,85,85,85,85,85,71,71,79,67,67,54,54,54,65,82,60,67,54,54,32,32,32,32,46,46,46,46,46,44,75,0],"gold":32,"neow_bonus":"THREE_ENEMY_KILL","is_prod":false,"is_daily":false,"chose_seed":false,"campfire_upgraded":4,"win_rate":0,"timestamp":1557525598,"path_taken":["M","M","?","?","?","E","R","E","T","?","?","$","E","?","R","BOSS","M","M","?","?","M","R","?","$","T","?","R","?","M","?","R","BOSS"],"build_version":"2019-01-23","purchased_purges":2,"victory":false,"max_hp_per_floor":[80,80,85,85,85,85,85,85,85,85,85,85,85,85,85,88,88,88,88,88,88,88,88,88,88,102,102,102,102,105,105,105,105],"card_choices":[{"not_picked":["Shockwave","Shrug It Off"],"picked":"Perfected Strike","floor":1},{"not_picked":["Power Through","Wild Strike"],"picked":"Ghostly Armor","floor":2},{"not_picked":["Wild Strike","True Grit"],"picked":"Twin Strike","floor":6},{"not_picked":["True Grit","Fire Breathing"],"picked":"Double Tap","floor":8},{"not_picked":["Wild Strike","Dual Wield"],"picked":"Iron Wave","floor":10},{"not_picked":["Warcry","Sever Soul"],"picked":"True Grit","floor":11},{"not_picked":["Body Slam","Power Through"],"picked":"Carnage","floor":13},{"not_picked":["Second Wind","Wild Strike"],"picked":"Perfected Strike+1","floor":18},{"not_picked":["Warcry","Sword Boomerang","Thunderclap"],"picked":"SKIP","floor":19},{"not_picked":["Seeing Red","Rampage","Iron Wave+1"],"picked":"SKIP","floor":22},{"not_picked":["Impervious","Battle Trance","Headbutt"],"picked":"SKIP","floor":30},{"not_picked":["Inflame","Clothesline+1","Shockwave+1"],"picked":"SKIP","floor":31}],"player_experience":244292,"relics_obtained":[{"floor":6,"key":"Centennial Puzzle"},{"floor":8,"key":"Shuriken"},{"floor":9,"key":"Blood Vial"},{"floor":11,"key":"Mercury Hourglass"},{"floor":13,"key":"Charon\u0027s Ashes"},{"floor":21,"key":"Pen Nib"},{"floor":26,"key":"Mango"}],"event_choices":[{"damage_healed":0,"gold_gain":0,"player_choice":"Donut","damage_taken":0,"max_hp_gain":5,"max_hp_loss":0,"event_name":"Big Fish","floor":3,"gold_loss":0},{"damage_healed":0,"gold_gain":0,"player_choice":"Grow","damage_taken":0,"max_hp_gain":0,"max_hp_loss":0,"event_name":"Living Wall","floor":4,"gold_loss":0,"cards_upgraded":["Perfected Strike"]},{"damage_healed":0,"gold_gain":0,"player_choice":"Forge","damage_taken":0,"max_hp_gain":0,"max_hp_loss":0,"event_name":"Accursed Blacksmith","floor":5,"gold_loss":0,"cards_upgraded":["Bash"]},{"damage_healed":0,"gold_gain":0,"player_choice":"Searched \u00271\u0027 times","damage_taken":0,"max_hp_gain":0,"max_hp_loss":0,"event_name":"Dead Adventurer","floor":11,"gold_loss":0},{"damage_healed":0,"gold_gain":0,"player_choice":"Fight","damage_taken":0,"max_hp_gain":0,"max_hp_loss":0,"event_name":"Colosseum","floor":20,"gold_loss":0},{"damage_healed":0,"gold_gain":0,"player_choice":"Fled From Nobs","damage_taken":0,"max_hp_gain":0,"max_hp_loss":0,"event_name":"Colosseum","floor":20,"gold_loss":0},{"cards_removed":["Defend_R"],"damage_healed":0,"gold_gain":0,"player_choice":"Gave Gold","damage_taken":0,"max_hp_gain":0,"max_hp_loss":0,"event_name":"Beggar","floor":24,"gold_loss":75},{"damage_healed":0,"gold_gain":0,"player_choice":"Got Potions","damage_taken":0,"max_hp_gain":0,"max_hp_loss":0,"event_name":"Lab","floor":29,"gold_loss":0}],"is_beta":false,"boss_relics":[{"not_picked":["Coffee Dripper","Runic Pyramid"],"picked":"White Beast Statue"}],"items_purged_floors":[12,27],"is_endless":false,"potions_floor_spawned":[2,8,11,13,18,19,20,22,30,31],"killed_by":"Champ","ascension_level":11}