{"gold_per_floor":[118,132,132,150,54,54,85,95,95,95,95,125,125,144,144,243,243,255,180,193,393,393,393,125,150,150,168,182,182,182,195,195,295,295,312,325,425,425,443,443,470,470,540,552,563,663,380,394,394,394],"floor_reached":51,"playtime":3989,"items_purged":["Strike_B","Strike_B"],"score":866,"play_id":"8b2602fe-e519-4ff7-8d2b-2c0c96d8544a","local_time":"20190901203337","is_ascension_mode":true,"campfire_choices":[{"data":"Redo","floor":6,"key":"SMITH"},{"data":"Zap","floor":10,"key":"SMITH"},{"floor":15,"key":"REST"},{"data":"Dualcast","floor":23,"key":"SMITH"},{"floor":30,"key":"REST"},{"data":"Go for the Eyes","floor":32,"key":"SMITH"},{"data":"Loop","floor":40,"key":"SMITH"},{"data":"Streamline","floor":42,"key":"SMITH"},{"floor":49,"key":"REST"}],"neow_cost":"PERCENT_DAMAGE","seed_source_timestamp":1342285085096400,"circlet_count":0,"master_deck":["Defend_B","Defend_B","Defend_B","Defend_B","Zap+1","Dualcast+1","Go for the Eyes+1","Streamline+1","Rebound+1","Redo+1","Chill+1","Loop+1","Steam","All For One","Consume+1","Storm+1","Echo Form","Compile Driver+1","Seek","Undo+1","FTL","Coolheaded+1","Flash of Steel","Gash","Redo+1"],"relics":["Cracked Core","Bag of Preparation","Blood Vial","Juzu Bracelet","Nuclear Battery","Runic Capacitor","Question Card","Mummified Hand","Sozu","Anchor","Toxic Egg 2","Ginger"],"potions_floor_usage":[7,29,31,33,33],"damage_taken":[{"damage":2,"enemies":"Jaw Worm","floor":1,"turns":3},{"damage":5,"enemies":"Cultist","floor":2,"turns":4},{"damage":8,"enemies":"Small Slimes","floor":4,"turns":3},{"damage":10,"enemies":"Lagavulin","floor":7,"turns":5},{"damage":0,"enemies":"3 Louse","floor":8,"turns":4},{"damage":0,"enemies":"Large Slime","floor":14,"turns":4},{"damage":22,"enemies":"The Guardian","floor":16,"turns":12},{"damage":0,"enemies":"3 Byrds","floor":18,"turns":6},{"damage":8,"enemies":"2 Thieves","floor":20,"turns":4},{"damage":24,"enemies":"Book of Stabbing","floor":25,"turns":5},{"damage":5,"enemies":"Snake Plant","floor":27,"turns":4},{"damage":8,"enemies":"3 Cultists","floor":28,"turns":5},{"damage":9,"enemies":"Colosseum Slavers","floor":29,"turns":3},{"damage":0,"enemies":"Cultist and Chosen","floor":31,"turns":4},{"damage":59,"enemies":"Collector","floor":33,"turns":10},{"damage":5,"enemies":"3 Darklings","floor":35,"turns":5},{"damage":11,"enemies":"Orb Walker","floor":36,"turns":3},{"damage":14,"enemies":"Sphere and 2 Shapes","floor":39,"turns":5},{"damage":1,"enemies":"Giant Head","floor":41,"turns":7},{"damage":0,"enemies":"Maw","floor":44,"turns":6},{"damage":0,"enemies":"Spire Growth","floor":45,"turns":4},{"damage":20,"enemies":"Mind Bloom Boss Battle","floor":46,"turns":5},{"damage":0,"enemies":"Transient","floor":48,"turns":5},{"damage":17,"enemies":"Awakened One","floor":50,"turns":11}],"seed_played":"3987400630767468951","potions_obtained":[{"floor":1,"key":"SkillPotion"},{"floor":4,"key":"Explosive Potion"},{"floor":14,"key":"Regen Potion"},{"floor":20,"key":"Weak Potion"},{"floor":25,"key":"SkillPotion"},{"floor":31,"key":"Fire Potion"}],"is_trial":false,"path_per_floor":["M","M","?","M","$","R","E","M","T","R","T","?","?","M","R","B",null,"M","?","M","?","?","R","$","E","T","M","M","?","R","M","R","B",null,"M","M","?","?","M","R","E","R","T","M","M","?","$","M","R","B",null],"character_chosen":"DEFECT","items_purchased":["Redo","Chill","Runic Capacitor","Flash of Steel","Gash","Redo+1"],"campfire_rested":3,"item_purchase_floors":[5,5,24,47,47,47],"current_hp_per_floor":[62,57,57,49,49,49,39,39,39,39,39,39,21,23,49,29,74,76,76,70,70,70,70,70,48,48,45,39,37,63,65,65,8,69,66,57,57,57,45,45,46,46,46,48,50,32,32,34,60,45],"gold":394,"neow_bonus":"TWENTY_PERCENT_HP_BONUS","is_prod":false,"is_daily":false,"chose_seed":false,"campfire_upgraded":6,"win_rate":0,"timestamp":1567395217,"path_taken":["M","M","?","M","$","R","E","?","T","R","?","?","?","M","R","BOSS","M","?","M","?","?","R","$","E","T","M","M","?","R","M","R","BOSS","M","M","?","?","M","R","E","R","T","M","M","?","$","M","R","BOSS"],"build_version":"2019-07-17","purchased_purges":2,"victory":true,"max_hp_per_floor":[89,89,89,89,89,89,89,89,89,89,89,89,89,89,89,89,89,89,89,89,89,89,89,89,89,89,89,89,89,89,89,89,89,89,89,89,89,89,89,89,89,89,89,89,89,89,89,89,89,89],"card_choices":[{"not_picked":["Undo","Tempest"],"picked":"Go for the Eyes","floor":1},{"not_picked":["Stack","Cold Snap"],"picked":"Streamline","floor":2},{"not_picked":["Sweeping Beam","Ball Lightning"],"picked":"Rebound","floor":4},{"not_picked":["Darkness","Leap"],"picked":"Loop","floor":7},{"not_picked":["Compile Driver","Beam Cell"],"picked":"Steam","floor":8},{"not_picked":["Beam Cell","Doom and Gloom","Barrage"],"picked":"SKIP","floor":14},{"not_picked":["Multi-Cast","Rainbow"],"picked":"All For One","floor":16},{"not_picked":["Compile Driver+1","Chaos","Self Repair+1"],"picked":"SKIP","floor":18},{"not_picked":["Chaos","Barrage","Rebound"],"picked":"SKIP","floor":20},{"not_picked":["Hologram","Heatsinks+1","Compile Driver"],"picked":"SKIP","floor":25},{"not_picked":["Rebound","Compile Driver","Streamline","Thunder Strike"],"picked":"SKIP","floor":27},{"not_picked":["Leap+1","Coolheaded+1","Streamline+1"],"picked":"Consume+1","floor":28},{"not_picked":["Hologram","Stack","Blizzard"],"picked":"Storm+1","floor":31},{"not_picked":["All For One","Electrodynamics","Multi-Cast"],"picked":"Echo Form","floor":33},{"not_picked":["Beam Cell+1","Steam+1","Heatsinks"],"picked":"Storm+1","floor":35},{"not_picked":["Stack+1","Barrage","Go for the Eyes+1","Rebound+1"],"picked":"SKIP","floor":36},{"not_picked":["Defragment","Turbo+1","Chill"],"picked":"Compile Driver+1","floor":39},{"not_picked":["Compile Driver","Stack+1","Genetic Algorithm"],"picked":"Seek","floor":41},{"not_picked":["Loop","Sweeping Beam","Leap+1"],"picked":"Undo+1","floor":44},{"not_picked":["Turbo+1","Machine Learning","Coolheaded+1"],"picked":"FTL","floor":45},{"not_picked":["Conserve Battery+1","Loop","Chaos+1"],"picked":"Coolheaded+1","floor":46},{"not_picked":["Redo+1","Barrage","Cold Snap","Go for the Eyes"],"picked":"SKIP","floor":48}],"player_experience":246212,"relics_obtained":[{"floor":7,"key":"Bag of Preparation"},{"floor":9,"key":"Blood Vial"},{"floor":11,"key":"Juzu Bracelet"},{"floor":25,"key":"Question Card"},{"floor":26,"key":"Mummified Hand"},{"floor":41,"key":"Anchor"},{"floor":43,"key":"Toxic Egg 2"},{"floor":46,"key":"Ginger"}],"event_choices":[{"cards_removed":["Strike_B"],"damage_healed":0,"gold_gain":0,"player_choice":"Purged","damage_taken":0,"max_hp_gain":0,"max_hp_loss":0,"event_name":"Purifier","floor":3,"gold_loss":0},{"damage_healed":0,"gold_gain":30,"player_choice":"Searched \u00271\u0027 times","damage_taken":0,"max_hp_gain":0,"max_hp_loss":0,"event_name":"Dead Adventurer","floor":12,"gold_loss":0},{"damage_healed":0,"gold_gain":0,"player_choice":"Entered Light","damage_taken":18,"max_hp_gain":0,"max_hp_loss":0,"event_name":"Shining Light","floor":13,"gold_loss":0,"cards_upgraded":["Rebound","Chill"]},{"cards_removed":["Strike_B"],"damage_healed":0,"gold_gain":0,"player_choice":"Gave Gold","damage_taken":0,"max_hp_gain":0,"max_hp_loss":0,"event_name":"Beggar","floor":19,"gold_loss":75},{"damage_healed":0,"gold_gain":250,"player_choice":"Bet on Owner","damage_taken":0,"max_hp_gain":0,"max_hp_loss":0,"event_name":"The Joust","floor":21,"gold_loss":50},{"damage_healed":0,"gold_gain":0,"player_choice":"Ignored","damage_taken":0,"max_hp_gain":0,"max_hp_loss":0,"event_name":"The Mausoleum","floor":22,"gold_loss":0},{"damage_healed":0,"gold_gain":0,"player_choice":"Fight","damage_taken":0,"max_hp_gain":0,"max_hp_loss":0,"event_name":"Colosseum","floor":29,"gold_loss":0},{"damage_healed":0,"gold_gain":0,"player_choice":"Fled From Nobs","damage_taken":0,"max_hp_gain":0,"max_hp_loss":0,"event_name":"Colosseum","floor":29,"gold_loss":0},{"damage_healed":0,"gold_gain":100,"player_choice":"Pray","damage_taken":0,"max_hp_gain":0,"max_hp_loss":0,"event_name":"Golden Shrine","floor":37,"gold_loss":0},{"cards_removed":["Storm"],"damage_healed":0,"gold_gain":0,"player_choice":"Removed Power","damage_taken":0,"max_hp_gain":0,"max_hp_loss":0,"event_name":"Falling","floor":38,"gold_loss":0},{"damage_healed":0,"gold_gain":0,"player_choice":"Fight","damage_taken":0,"max_hp_gain":0,"max_hp_loss":0,"event_name":"MindBloom","floor":46,"gold_loss":0}],"is_beta":false,"boss_relics":[{"not_picked":["Velvet Choker","Pandora\u0027s Box"],"picked":"Nuclear Battery"},{"not_picked":["White Beast Statue","Eternal Feather"],"picked":"Sozu"}],"items_purged_floors":[24,47],"is_endless":false,"potions_floor_spawned":[1,4,14,20,25,31,39,44,46],"ascension_level":6}