{"gold_per_floor":[110,35,35,55,55,55,87,87,87,87,87,98,129,129],"floor_reached":14,"playtime":521,"items_purged":["Strike_R"],"score":144,"play_id":"7871df28-f09c-415a-b990-366b74074eef","local_time":"20190506212517","is_ascension_mode":true,"campfire_choices":[{"data":"Juggernaut","floor":6,"key":"SMITH"},{"data":"Iron Wave","floor":8,"key":"SMITH"}],"neow_cost":"NONE","seed_source_timestamp":49543527345100,"circlet_count":0,"master_deck":["AscendersBane","Strike_R","Strike_R","Strike_R","Defend_R","Defend_R","Defend_R","Defend_R","Bash+1","Juggernaut+1","Thunderclap","Iron Wave+1","Sentinel","Searing Blow","Evolve"],"relics":["Burning Blood","Thread and Needle","Bottled Flame","Mango","Sundial"],"potions_floor_usage":[13],"damage_taken":[{"damage":2,"enemies":"2 Louse","floor":1,"turns":3},{"damage":0,"enemies":"Small Slimes","floor":4,"turns":3},{"damage":30,"enemies":"3 Sentries","floor":7,"turns":8},{"damage":3,"enemies":"Jaw Worm","floor":12,"turns":4},{"damage":34,"enemies":"Lagavulin","floor":13,"turns":6},{"damage":26,"enemies":"Gremlin Gang","floor":14,"turns":4}],"seed_played":"3823062694450792260","potions_obtained":[{"floor":1,"key":"Fire Potion"},{"floor":12,"key":"FearPotion"}],"is_trial":false,"path_per_floor":["M","$","?","M","?","R","E","R","T","?","?","M","E","M"],"character_chosen":"IRONCLAD","items_purchased":[],"campfire_rested":0,"item_purchase_floors":[],"current_hp_per_floor":[76,76,69,75,75,75,51,51,51,58,58,61,33,7],"gold":129,"neow_bonus":"ONE_RANDOM_RARE_CARD","is_prod":false,"is_daily":false,"chose_seed":false,"campfire_upgraded":2,"win_rate":0,"timestamp":1557192317,"path_taken":["M","$","?","M","?","R","E","R","T","?","?","M","E","?"],"build_version":"2019-01-23","purchased_purges":1,"victory":false,"max_hp_per_floor":[80,80,80,80,80,80,80,80,80,94,94,94,94,94],"card_choices":[{"not_picked":["Hemokinesis","Feel No Pain"],"picked":"Thunderclap","floor":1},{"not_picked":["Armaments","Clothesline"],"picked":"Iron Wave","floor":4},{"not_picked":["Brutality","Feel No Pain"],"picked":"Sentinel","floor":7},{"not_picked":["Warcry","Sentinel"],"picked":"Searing Blow","floor":12},{"not_picked":["Corruption","Power Through"],"picked":"Evolve","floor":13}],"player_experience":212266,"relics_obtained":[{"floor":7,"key":"Thread and Needle"},{"floor":9,"key":"Bottled Flame"},{"floor":13,"key":"Sundial"}],"event_choices":[{"cards_removed":["Strike_R"],"damage_healed":0,"gold_gain":0,"player_choice":"Card Removal","damage_taken":7,"max_hp_gain":0,"max_hp_loss":0,"event_name":"Golden Wing","floor":3,"gold_loss":0},{"damage_healed":0,"gold_gain":0,"player_choice":"Ignored","damage_taken":0,"max_hp_gain":0,"max_hp_loss":0,"event_name":"Liars Game","floor":5,"gold_loss":0},{"damage_healed":0,"gold_gain":0,"player_choice":"Success","damage_taken":7,"relics_obtained":["Mango"],"max_hp_gain":0,"max_hp_loss":0,"event_name":"Scrap Ooze","floor":10,"gold_loss":0},{"damage_healed":0,"gold_gain":0,"player_choice":"Grow","damage_taken":0,"max_hp_gain":0,"max_hp_loss":0,"event_name":"Living Wall","floor":11,"gold_loss":0,"cards_upgraded":["Bash"]}],"is_beta":false,"boss_relics":[],"items_purged_floors":[2],"is_endless":false,"potions_floor_spawned":[1,12],"killed_by":"Gremlin Gang","ascension_level":10}