{"gold_per_floor":[20,33,33,33,52,52,83,98,146,178,191,47,65,78,78,183,183,194,214,17,31,46,46,60,60,83,100,25,25,25,25,25,25],"floor_reached":33,"playtime":1501,"items_purged":["Strike_R"],"score":443,"play_id":"59b5e7ef-e566-4d07-8670-1ef0ad1794c3","local_time":"20190519124103","is_ascension_mode":true,"campfire_choices":[{"data":"Clash","floor":6,"key":"SMITH"},{"data":"Flame Barrier","floor":15,"key":"SMITH"},{"floor":23,"key":"REST"},{"data":"Bludgeon","floor":29,"key":"SMITH"},{"data":"Clothesline","floor":30,"key":"SMITH"},{"data":"Shrug It Off","floor":32,"key":"SMITH"}],"neow_cost":"NO_GOLD","seed_source_timestamp":3916931016800,"circlet_count":0,"master_deck":["AscendersBane","Strike_R","Strike_R","Strike_R","Strike_R","Defend_R","Defend_R","Defend_R","Defend_R","Bash+1","Iron Wave+1","Clash+1","Thunderclap","Shrug It Off+1","Twin Strike","Feed","Flame Barrier+1","Clothesline+1","Bludgeon+1","Shrug It Off","True Grit+1"],"relics":["Burning Blood","WingedGreaves","Gremlin Horn","Vajra","Omamori","Pen Nib","Busted Crown","Blood Vial","Enchiridion","Bag of Marbles","Peace Pipe"],"potions_floor_usage":[7,13,16,16,22,27,33,33],"damage_taken":[{"damage":6,"enemies":"Jaw Worm","floor":1,"turns":5},{"damage":1,"enemies":"Cultist","floor":2,"turns":3},{"damage":5,"enemies":"Small Slimes","floor":5,"turns":4},{"damage":20,"enemies":"Lagavulin","floor":7,"turns":5},{"damage":0,"enemies":"Exordium Wildlife","floor":8,"turns":3},{"damage":28,"enemies":"3 Sentries","floor":10,"turns":9},{"damage":11,"enemies":"Gremlin Gang","floor":11,"turns":4},{"damage":11,"enemies":"Exordium Thugs","floor":13,"turns":3},{"damage":5,"enemies":"Large Slime","floor":14,"turns":3},{"damage":43,"enemies":"The Guardian","floor":16,"turns":10},{"damage":18,"enemies":"2 Thieves","floor":18,"turns":4},{"damage":0,"enemies":"Chosen","floor":19,"turns":3},{"damage":27,"enemies":"Shelled Parasite and Fungi","floor":21,"turns":6},{"damage":16,"enemies":"Sentry and Sphere","floor":22,"turns":6},{"damage":14,"enemies":"Cultist and Chosen","floor":24,"turns":4},{"damage":15,"enemies":"Snake Plant","floor":27,"turns":3},{"damage":48,"enemies":"Champ","floor":33,"turns":7}],"seed_played":"-2322650925366538905","potions_obtained":[{"floor":1,"key":"Weak Potion"},{"floor":2,"key":"Ancient Potion"},{"floor":7,"key":"Energy Potion"},{"floor":10,"key":"Block Potion"},{"floor":13,"key":"Energy Potion"},{"floor":18,"key":"GamblersBrew"},{"floor":22,"key":"FearPotion"},{"floor":24,"key":"LiquidBronze"},{"floor":27,"key":"SkillPotion"}],"is_trial":false,"path_per_floor":["M","M","?","?","M","R","E","M","T","E","M","$","M","M","R","B",null,"M","M","$","M","M","R","M","?","T","M","$","R","R","?","R","B"],"character_chosen":"IRONCLAD","items_purchased":["Pen Nib","Blood Vial","Shrug It Off"],"campfire_rested":1,"item_purchase_floors":[12,20,20],"current_hp_per_floor":[72,77,77,77,78,78,64,70,70,48,43,43,41,45,45,8,67,58,67,67,51,46,75,69,53,53,46,46,46,46,46,46,0],"gold":25,"neow_bonus":"ONE_RARE_RELIC","is_prod":false,"is_daily":false,"chose_seed":false,"campfire_upgraded":5,"win_rate":0,"timestamp":1558284063,"path_taken":["M","M","?","?","?","R","E","M","T","E","M","$","M","M","R","BOSS","M","M","$","M","?","R","M","?","T","M","$","R","R","?","R","BOSS"],"build_version":"2019-01-23","purchased_purges":1,"victory":false,"max_hp_per_floor":[80,80,80,80,80,80,80,80,80,80,80,80,83,86,86,86,86,89,92,92,95,98,98,98,98,98,98,98,98,98,98,98,98],"card_choices":[{"not_picked":["Entrench","Thunderclap"],"picked":"Iron Wave","floor":1},{"not_picked":["Combust","Pummel","Entrench"],"picked":"SKIP","floor":2},{"not_picked":["Battle Trance","Body Slam"],"picked":"Clash","floor":5},{"not_picked":["Corruption","Wild Strike"],"picked":"Thunderclap","floor":7},{"not_picked":["Flex","Uppercut"],"picked":"Shrug It Off","floor":8},{"not_picked":["Thunderclap","Clash"],"picked":"Twin Strike","floor":10},{"not_picked":["Inflame","Uppercut"],"picked":"Feed","floor":11},{"not_picked":["Iron Wave","Uppercut"],"picked":"Flame Barrier","floor":13},{"not_picked":["Warcry","Heavy Blade"],"picked":"Clothesline","floor":14},{"not_picked":["Berserk","Juggernaut"],"picked":"Bludgeon","floor":16},{"not_picked":["Power Through"],"picked":"SKIP","floor":18},{"not_picked":["Rupture+1"],"picked":"SKIP","floor":19},{"not_picked":["Intimidate+1"],"picked":"SKIP","floor":21},{"not_picked":[],"picked":"True Grit+1","floor":22},{"not_picked":["Rage"],"picked":"SKIP","floor":24},{"not_picked":["Twin Strike"],"picked":"SKIP","floor":27}],"player_experience":310840,"relics_obtained":[{"floor":7,"key":"Gremlin Horn"},{"floor":9,"key":"Vajra"},{"floor":10,"key":"Omamori"},{"floor":25,"key":"Enchiridion"},{"floor":26,"key":"Bag of Marbles"}],"event_choices":[{"damage_healed":0,"gold_gain":0,"player_choice":"Grow","damage_taken":0,"max_hp_gain":0,"max_hp_loss":0,"event_name":"Living Wall","floor":3,"gold_loss":0,"cards_upgraded":["Bash"]},{"damage_healed":0,"gold_gain":0,"player_choice":"Forge","damage_taken":0,"max_hp_gain":0,"max_hp_loss":0,"event_name":"Accursed Blacksmith","floor":4,"gold_loss":0,"cards_upgraded":["Iron Wave"]},{"damage_healed":0,"gold_gain":0,"player_choice":"Obtained Book","damage_taken":16,"max_hp_gain":0,"max_hp_loss":0,"event_name":"Cursed Tome","floor":25,"gold_loss":0},{"damage_healed":0,"gold_gain":0,"player_choice":"Opened","damage_taken":0,"relics_obtained":["Peace Pipe"],"max_hp_gain":0,"max_hp_loss":0,"event_name":"The Mausoleum","floor":31,"gold_loss":0,"cards_obtained":["Writhe"]}],"is_beta":false,"boss_relics":[{"not_picked":["Astrolabe","Velvet Choker"],"picked":"Busted Crown"}],"items_purged_floors":[28],"is_endless":false,"potions_floor_spawned":[1,2,7,10,13,18,22,24,27],"killed_by":"Champ","ascension_level":12}