{"gold_per_floor":[110,110,121,121,121,121,136,136,191,210,230,245,19,35,35,131,131,151,53,53,69,80,80,0,26,26,41,41,58,58,78,78,78],"floor_reached":33,"playtime":1492,"items_purged":[],"score":342,"play_id":"ecd6ca30-1e21-4a57-8ce4-0b79606937b8","local_time":"20190319140001","is_ascension_mode":true,"campfire_choices":[{"floor":6,"key":"REST"},{"data":"Zap","floor":8,"key":"SMITH"},{"floor":15,"key":"REST"},{"data":"Streamline","floor":23,"key":"SMITH"},{"floor":28,"key":"REST"},{"floor":30,"key":"REST"},{"floor":32,"key":"REST"}],"neow_cost":"NONE","seed_source_timestamp":1181293315100,"circlet_count":0,"master_deck":["Strike_B","Strike_B","Defend_B","Defend_B","Defend_B","Defend_B","Zap+1","Dualcast","Electrodynamics","Beam Cell+1","Ball Lightning+1","Gash","Streamline+1","Gash","Streamline","Gash","Sweeping Beam","Scrape+1","Undo+1","Sunder+1","Stack+1","Leap","Sweeping Beam","Steam+1","Redo","Defragment","Echo Form","Force Field","Melter+1","Thunder Strike"],"relics":["Cracked Core","Happy Flower","Tiny Chest","Runic Capacitor","Nloth\u0027s Gift","Orichalcum","Pear"],"potions_floor_usage":[11,16,16,25,31],"damage_taken":[{"damage":2,"enemies":"Jaw Worm","floor":1,"turns":3},{"damage":2,"enemies":"2 Louse","floor":3,"turns":2},{"damage":0,"enemies":"Small Slimes","floor":7,"turns":2},{"damage":5,"enemies":"Gremlin Gang","floor":10,"turns":3},{"damage":0,"enemies":"Blue Slaver","floor":11,"turns":1},{"damage":11,"enemies":"2 Fungi Beasts","floor":12,"turns":3},{"damage":15,"enemies":"Lots of Slimes","floor":14,"turns":3},{"damage":0,"enemies":"Slime Boss","floor":16,"turns":5},{"damage":8,"enemies":"Spheric Guardian","floor":18,"turns":4},{"damage":3,"enemies":"3 Byrds","floor":21,"turns":3},{"damage":12,"enemies":"Cultist and Chosen","floor":22,"turns":4},{"damage":31,"enemies":"Book of Stabbing","floor":25,"turns":6},{"damage":30,"enemies":"Snake Plant","floor":27,"turns":4},{"damage":10,"enemies":"Snecko","floor":29,"turns":5},{"damage":16,"enemies":"Centurion and Healer","floor":31,"turns":5},{"damage":57,"enemies":"Collector","floor":33,"turns":6}],"seed_played":"-5491113782566400534","potions_obtained":[{"floor":3,"key":"Explosive Potion"},{"floor":10,"key":"EssenceOfSteel"},{"floor":11,"key":"FearPotion"},{"floor":22,"key":"Swift Potion"},{"floor":27,"key":"Explosive Potion"}],"is_trial":false,"path_per_floor":["M","?","M","?","?","R","M","R","T","M","M","M","$","M","R","B",null,"M","$","?","M","M","R","$","E","T","M","R","M","R","M","R","B"],"character_chosen":"DEFECT","items_purchased":["Runic Capacitor","Gash","Leap","Sweeping Beam","Defragment"],"campfire_rested":5,"item_purchase_floors":[13,13,19,19,24],"current_hp_per_floor":[73,73,71,56,44,66,66,66,66,61,61,50,50,35,57,57,75,67,67,67,64,52,52,52,21,31,1,26,16,41,25,50,0],"gold":78,"neow_bonus":"ONE_RANDOM_RARE_CARD","is_prod":false,"is_daily":false,"chose_seed":false,"campfire_upgraded":2,"win_rate":0,"timestamp":1553018401,"path_taken":["M","?","M","?","?","R","M","R","T","M","M","M","$","M","R","BOSS","M","$","?","M","M","R","$","E","T","M","R","M","R","?","R","BOSS"],"build_version":"2019-01-23","purchased_purges":0,"victory":false,"max_hp_per_floor":[75,75,75,75,75,75,75,75,75,75,75,75,75,75,75,75,75,75,75,75,75,75,75,75,75,85,85,85,85,85,85,85,85],"card_choices":[{"not_picked":["Skim","Sweeping Beam"],"picked":"Beam Cell","floor":1},{"not_picked":["Reinforced Body","Coolheaded"],"picked":"Ball Lightning","floor":3},{"not_picked":["Beam Cell","Double Energy"],"picked":"Gash","floor":7},{"not_picked":["Beam Cell","Glacier"],"picked":"Streamline","floor":10},{"not_picked":["Rebound","Ball Lightning"],"picked":"Gash","floor":11},{"not_picked":["Reprogram","Fusion"],"picked":"Streamline","floor":12},{"not_picked":["Compile Driver","Gash"],"picked":"Sweeping Beam","floor":14},{"not_picked":["Hyperbeam","Meteor Strike"],"picked":"Fission","floor":16},{"not_picked":["Gash","Genetic Algorithm"],"picked":"Stack+1","floor":18},{"not_picked":["Turbo","Hologram"],"picked":"Steam+1","floor":21},{"not_picked":["Reinforced Body","Coolheaded+1"],"picked":"Redo","floor":22},{"not_picked":["Tempest","Streamline"],"picked":"Echo Form","floor":25},{"not_picked":["Sweeping Beam","Beam Cell"],"picked":"Force Field","floor":27},{"not_picked":["Barrage","Fusion"],"picked":"Melter+1","floor":29},{"not_picked":["Gash","Hologram"],"picked":"Thunder Strike","floor":31}],"player_experience":47396,"relics_obtained":[{"floor":9,"key":"Tiny Chest"},{"floor":25,"key":"Orichalcum"},{"floor":26,"key":"Pear"}],"event_choices":[{"damage_healed":0,"gold_gain":0,"player_choice":"Leave","damage_taken":0,"max_hp_gain":0,"max_hp_loss":0,"event_name":"The Cleric","floor":2,"gold_loss":0},{"damage_healed":0,"gold_gain":0,"player_choice":"Entered Light","damage_taken":15,"max_hp_gain":0,"max_hp_loss":0,"event_name":"Shining Light","floor":4,"gold_loss":0,"cards_upgraded":["Beam Cell","Ball Lightning"]},{"damage_healed":0,"gold_gain":0,"player_choice":"Success","damage_taken":12,"relics_obtained":["Happy Flower"],"max_hp_gain":0,"max_hp_loss":0,"event_name":"Scrap Ooze","floor":5,"gold_loss":0},{"damage_healed":0,"gold_gain":0,"player_choice":"Traded Relic","damage_taken":0,"relics_obtained":["Nloth\u0027s Gift"],"max_hp_gain":0,"max_hp_loss":0,"event_name":"N\u0027loth","floor":20,"relics_lost":["Astrolabe"],"gold_loss":0}],"is_beta":false,"boss_relics":[{"not_picked":["Lizard Tail","Calling Bell"],"picked":"Astrolabe"}],"items_purged_floors":[],"is_endless":false,"potions_floor_spawned":[3,10,11,22,27],"killed_by":"Collector","ascension_level":2}