{"gold_per_floor":[110,130,148,13,31,31,51,6,6,19,19,47,47,65,65,65],"floor_reached":16,"playtime":768,"items_purged":[],"score":94,"play_id":"8665bdc5-f40e-44aa-a85b-3a15c8c8ebdf","local_time":"20190829195649","is_ascension_mode":false,"campfire_choices":[{"data":"Genetic Algorithm","floor":6,"key":"SMITH"},{"floor":11,"key":"REST"},{"floor":13,"key":"REST"},{"data":"Beam Cell","floor":15,"key":"SMITH"}],"neow_cost":"NONE","seed_source_timestamp":1370277202897398,"circlet_count":0,"master_deck":["Strike_B","Strike_B","Strike_B","Strike_B","Defend_B","Defend_B","Defend_B","Defend_B","Zap","Dualcast+1","Double Energy","Reprogram","Turbo","All For One","Genetic Algorithm+1","Beam Cell+1","Hologram","Sunder","Conserve Battery","Rebound"],"relics":["Cracked Core","Question Card","Odd Mushroom"],"potions_floor_usage":[],"damage_taken":[{"damage":0,"enemies":"Cultist","floor":1,"turns":3},{"damage":3,"enemies":"2 Louse","floor":2,"turns":2},{"damage":1,"enemies":"Jaw Worm","floor":3,"turns":4},{"damage":11,"enemies":"2 Fungi Beasts","floor":5,"turns":4},{"damage":16,"enemies":"Looter","floor":7,"turns":5},{"damage":31,"enemies":"Exordium Thugs","floor":10,"turns":5},{"damage":12,"enemies":"The Mushroom Lair","floor":12,"turns":3},{"damage":3,"enemies":"2 Fungi Beasts","floor":14,"turns":4},{"damage":43,"enemies":"The Guardian","floor":16,"turns":6}],"seed_played":"8302580226248923894","potions_obtained":[{"floor":2,"key":"PowerPotion"},{"floor":3,"key":"Weak Potion"},{"floor":7,"key":"Strength Potion"}],"is_trial":false,"path_per_floor":["M","M","M","$","M","R","M","$","T","M","R","?","R","M","R","B"],"character_chosen":"DEFECT","items_purchased":["All For One","Hologram"],"campfire_rested":2,"item_purchase_floors":[4,8],"current_hp_per_floor":[75,72,71,71,60,60,44,44,44,13,35,23,45,42,42,0],"gold":65,"neow_bonus":"UPGRADE_CARD","is_prod":false,"is_daily":false,"chose_seed":false,"campfire_upgraded":2,"win_rate":0.0,"timestamp":1567101409,"path_taken":["M","M","?","$","M","R","M","$","T","M","R","?","R","M","R","BOSS"],"build_version":"2019-07-17","purchased_purges":0,"victory":false,"max_hp_per_floor":[75,75,75,75,75,75,75,75,75,75,75,75,75,75,75,75],"card_choices":[{"not_picked":["Go for the Eyes","Barrage"],"picked":"Double Energy","floor":1},{"not_picked":["Stack","Redo"],"picked":"Reprogram","floor":2},{"not_picked":["Coolheaded","Redo"],"picked":"Turbo","floor":3},{"not_picked":["Redo","Gash"],"picked":"Genetic Algorithm","floor":5},{"not_picked":["Stack","Glacier"],"picked":"Beam Cell","floor":7},{"not_picked":["Tempest","Compile Driver","Stack"],"picked":"Sunder","floor":10},{"not_picked":["Genetic Algorithm","Gash","Lockon"],"picked":"Conserve Battery","floor":12},{"not_picked":["Cold Snap","Scrape","Conserve Battery"],"picked":"Rebound","floor":14}],"player_experience":92178,"relics_obtained":[{"floor":9,"key":"Question Card"},{"floor":12,"key":"Odd Mushroom"}],"event_choices":[{"damage_healed":0,"gold_gain":0,"player_choice":"Fought Mushrooms","damage_taken":0,"max_hp_gain":0,"max_hp_loss":0,"event_name":"Mushrooms","floor":12,"gold_loss":0}],"is_beta":false,"boss_relics":[],"items_purged_floors":[],"is_endless":false,"potions_floor_spawned":[2,3,7,10],"killed_by":"The Guardian","ascension_level":0}