{"gold_per_floor":[113,131,131,149,6,6,30,54,54,97,110,125,148,173,173,299,299,312,312,336,69,120,138,138,159,159,184,184,208,208,208,208,208],"floor_reached":33,"playtime":1329,"items_purged":["Strike_R"],"score":367,"play_id":"6ffb0c61-823d-4e6c-8af2-42e1cb837241","local_time":"20190428015932","is_ascension_mode":true,"campfire_choices":[{"data":"Immolate","floor":6,"key":"SMITH"},{"floor":15,"key":"REST"},{"data":"Flame Barrier","floor":24,"key":"SMITH"},{"floor":28,"key":"REST"},{"data":"Battle Trance","floor":30,"key":"SMITH"},{"floor":32,"key":"REST"}],"neow_cost":"NONE","seed_source_timestamp":2985301117300,"circlet_count":0,"master_deck":["Strike_R","Strike_R","Strike_R+1","Strike_R","Defend_R","Defend_R","Defend_R","Defend_R","Bash+1","Shrug It Off","Cleave","Immolate+1","Inflame","Flame Barrier+1","Pummel","Anger","Limit Break","Shrug It Off","Battle Trance+1","True Grit","Rage+1","Barricade"],"relics":["Burning Blood","Whetstone","Golden Idol","Ice Cream","Shuriken","Potion Belt","Orrery","Lee\u0027s Waffle","Omamori","Kunai"],"potions_floor_usage":[10,14,16,20,25,25,25,27,27,29,33],"damage_taken":[{"damage":0,"enemies":"Small Slimes","floor":1,"turns":3},{"damage":9,"enemies":"Jaw Worm","floor":2,"turns":3},{"damage":0,"enemies":"Cultist","floor":4,"turns":3},{"damage":18,"enemies":"3 Louse","floor":7,"turns":2},{"damage":1,"enemies":"Exordium Thugs","floor":8,"turns":3},{"damage":22,"enemies":"Lagavulin","floor":10,"turns":5},{"damage":5,"enemies":"Red Slaver","floor":11,"turns":3},{"damage":13,"enemies":"3 Louse","floor":12,"turns":2},{"damage":16,"enemies":"Exordium Thugs","floor":14,"turns":2},{"damage":26,"enemies":"Slime Boss","floor":16,"turns":7},{"damage":35,"enemies":"3 Byrds","floor":18,"turns":6},{"damage":18,"enemies":"2 Thieves","floor":20,"turns":4},{"damage":26,"enemies":"Centurion and Healer","floor":23,"turns":9},{"damage":28,"enemies":"Snake Plant","floor":25,"turns":5},{"damage":39,"enemies":"Shelled Parasite and Fungi","floor":27,"turns":3},{"damage":12,"enemies":"3 Cultists","floor":29,"turns":5},{"damage":84,"enemies":"Collector","floor":33,"turns":8}],"seed_played":"-931929225332730227","potions_obtained":[{"floor":4,"key":"Weak Potion"},{"floor":8,"key":"PowerPotion"},{"floor":10,"key":"Ancient Potion"},{"floor":12,"key":"Ancient Potion"},{"floor":14,"key":"Energy Potion"},{"floor":16,"key":"Weak Potion"},{"floor":18,"key":"LiquidBronze"},{"floor":19,"key":"SteroidPotion"},{"floor":25,"key":"Fruit Juice"},{"floor":27,"key":"SkillPotion"},{"floor":29,"key":"FearPotion"}],"is_trial":false,"path_per_floor":["M","M","?","M","$","R","M","M","T","E","M","M","T","M","R","B",null,"M","?","M","$","T","M","R","M","T","M","R","M","R","?","R","B"],"character_chosen":"IRONCLAD","items_purchased":["Immolate","Lee\u0027s Waffle"],"campfire_rested":3,"item_purchase_floors":[5,21],"current_hp_per_floor":[78,75,55,61,61,61,49,54,54,38,39,32,32,22,46,26,67,38,38,26,87,87,67,67,50,50,17,44,38,38,38,65,0],"gold":208,"neow_bonus":"RANDOM_COMMON_RELIC","is_prod":false,"is_daily":false,"chose_seed":false,"campfire_upgraded":3,"win_rate":0,"timestamp":1556431172,"path_taken":["M","M","?","M","$","R","M","M","T","E","M","M","?","?","R","BOSS","M","?","M","$","?","M","R","M","T","M","R","?","R","?","R","BOSS"],"build_version":"2019-01-23","purchased_purges":1,"victory":false,"max_hp_per_floor":[80,80,80,80,80,80,80,80,80,80,80,80,80,80,80,80,80,80,80,80,87,87,87,87,92,92,92,92,92,92,92,92,92],"card_choices":[{"not_picked":["True Grit","Feel No Pain","Intimidate"],"picked":"SKIP","floor":1},{"not_picked":["Pommel Strike","Uppercut"],"picked":"Shrug It Off","floor":2},{"not_picked":["Body Slam","Havoc"],"picked":"Cleave","floor":4},{"not_picked":["Thunderclap","Entrench"],"picked":"Inflame","floor":7},{"not_picked":["Havoc","Flex"],"picked":"Shrug It Off","floor":8},{"not_picked":["Iron Wave","Battle Trance"],"picked":"Flame Barrier","floor":10},{"not_picked":["Evolve","Second Wind","Power Through"],"picked":"SKIP","floor":11},{"not_picked":["Metallicize","Flex"],"picked":"Pummel","floor":12},{"not_picked":["Carnage","Entrench"],"picked":"Anger","floor":14},{"not_picked":["Exhume","Immolate"],"picked":"Limit Break","floor":16},{"not_picked":["Thunderclap","Twin Strike"],"picked":"Shrug It Off","floor":17},{"not_picked":["Clothesline","Whirlwind"],"picked":"Battle Trance","floor":17},{"not_picked":["Perfected Strike","Double Tap"],"picked":"True Grit","floor":17},{"not_picked":["Infernal Blade","Cleave","Anger+1"],"picked":"SKIP","floor":18},{"not_picked":["Sword Boomerang","Flex+1"],"picked":"Rage+1","floor":20},{"not_picked":["Havoc","Iron Wave+1","Corruption"],"picked":"SKIP","floor":23},{"not_picked":["Warcry","Headbutt","Seeing Red"],"picked":"SKIP","floor":25},{"not_picked":["Demon Form","Reckless Charge","Second Wind+1"],"picked":"SKIP","floor":27},{"not_picked":["Dual Wield+1","Armaments","Burning Pact"],"picked":"SKIP","floor":29}],"player_experience":147910,"relics_obtained":[{"floor":9,"key":"Ice Cream"},{"floor":10,"key":"Shuriken"},{"floor":13,"key":"Potion Belt"},{"floor":22,"key":"Omamori"},{"floor":26,"key":"Kunai"}],"event_choices":[{"damage_healed":0,"gold_gain":0,"player_choice":"Take Damage","damage_taken":20,"relics_obtained":["Golden Idol"],"max_hp_gain":0,"max_hp_loss":0,"event_name":"Golden Idol","floor":3,"gold_loss":0},{"damage_healed":0,"gold_gain":0,"player_choice":"Got Potions","damage_taken":0,"max_hp_gain":0,"max_hp_loss":0,"event_name":"Lab","floor":19,"gold_loss":0},{"damage_healed":0,"gold_gain":0,"cards_transformed":["Shrug It Off"],"player_choice":"Transformed","damage_taken":0,"max_hp_gain":0,"max_hp_loss":0,"event_name":"Transmorgrifier","floor":31,"gold_loss":0,"cards_obtained":["Barricade"]}],"is_beta":false,"boss_relics":[{"not_picked":["Runic Cube","Runic Pyramid"],"picked":"Orrery"}],"items_purged_floors":[21],"is_endless":false,"potions_floor_spawned":[4,8,10,12,14,16,18,25,27,29],"killed_by":"Collector","ascension_level":9}