{"gold_per_floor":[114,214,164,174,194,194,256,256,256,256,290,290,290,300,300,405,405,425,436,4,4,20,20,20,53,77,77,77,92,92,107,107,107],"floor_reached":33,"playtime":1489,"items_purged":["Strike_R"],"score":421,"play_id":"fbf4a44a-d5e9-4872-8315-424d779b16e6","local_time":"20190518154923","is_ascension_mode":true,"campfire_choices":[{"data":"Bash","floor":6,"key":"SMITH"},{"data":"Shrug It Off","floor":8,"key":"SMITH"},{"data":"Shrug It Off","floor":10,"key":"SMITH"},{"data":"Pommel Strike","floor":12,"key":"SMITH"},{"data":"Strike_R","floor":15,"key":"SMITH"},{"data":"Uppercut","floor":23,"key":"SMITH"},{"floor":32,"key":"REST"}],"neow_cost":"NONE","seed_source_timestamp":18581697576000,"circlet_count":0,"master_deck":["AscendersBane","Strike_R","Strike_R","Strike_R+1","Defend_R","Defend_R","Defend_R+1","Defend_R+1","Bash+1","Shrug It Off+1","Shrug It Off+1","Pommel Strike+1","True Grit+1","Juggernaut","Anger","Flame Barrier+1","Uppercut+1","Headbutt","Flame Barrier+1","Iron Wave"],"relics":["Burning Blood","Juzu Bracelet","Kunai","Toxic Egg 2","Velvet Choker","Ancient Tea Set","Letter Opener","War Paint","Blue Candle","Nilry\u0027s Codex"],"potions_floor_usage":[18,20],"damage_taken":[{"damage":11,"enemies":"Jaw Worm","floor":1,"turns":4},{"damage":3,"enemies":"Cultist","floor":4,"turns":4},{"damage":0,"enemies":"Small Slimes","floor":5,"turns":3},{"damage":38,"enemies":"Lagavulin","floor":11,"turns":9},{"damage":2,"enemies":"3 Louse","floor":14,"turns":4},{"damage":33,"enemies":"The Guardian","floor":16,"turns":15},{"damage":0,"enemies":"3 Byrds","floor":18,"turns":6},{"damage":1,"enemies":"Chosen","floor":19,"turns":4},{"damage":20,"enemies":"3 Cultists","floor":22,"turns":6},{"damage":24,"enemies":"Slavers","floor":25,"turns":6},{"damage":9,"enemies":"Cultist and Chosen","floor":29,"turns":8},{"damage":3,"enemies":"Chosen and Byrds","floor":31,"turns":6},{"damage":63,"enemies":"Collector","floor":33,"turns":6}],"seed_played":"-3447335083860992830","potions_obtained":[{"floor":4,"key":"Energy Potion"},{"floor":16,"key":"Ancient Potion"},{"floor":18,"key":"Dexterity Potion"}],"is_trial":false,"path_per_floor":["M","?","?","M","M","R","?","R","T","R","E","R","?","M","R","B",null,"M","M","$","?","M","R","$","E","T","?","T","M","?","M","R","B"],"character_chosen":"IRONCLAD","items_purchased":["Flame Barrier+1","Fruit Juice","Uppercut","Ancient Tea Set"],"campfire_rested":1,"item_purchase_floors":[20,20,20,20],"current_hp_per_floor":[67,67,67,70,76,76,76,76,76,76,44,44,44,48,48,21,65,71,76,81,85,71,71,71,53,53,53,53,50,34,37,62,0],"gold":107,"neow_bonus":"RANDOM_COMMON_RELIC","is_prod":false,"is_daily":false,"chose_seed":false,"campfire_upgraded":6,"win_rate":0,"timestamp":1558208963,"path_taken":["M","?","?","M","M","R","?","R","T","R","E","R","?","M","R","BOSS","M","M","$","?","M","R","$","E","T","?","?","M","?","M","R","BOSS"],"build_version":"2019-01-23","purchased_purges":1,"victory":false,"max_hp_per_floor":[80,80,80,80,80,80,80,80,80,80,80,80,80,80,80,80,80,80,80,85,85,85,85,85,85,85,85,85,85,85,85,85,85],"card_choices":[{"not_picked":["Cleave","Clash"],"picked":"Shrug It Off","floor":1},{"not_picked":["Thunderclap","Fire Breathing","Havoc"],"picked":"SKIP","floor":4},{"not_picked":["Warcry","Clash"],"picked":"Shrug It Off","floor":5},{"not_picked":["Reaper","Headbutt"],"picked":"Pommel Strike","floor":11},{"not_picked":["Warcry+1","Armaments+1"],"picked":"True Grit+1","floor":14},{"not_picked":["Fiend Fire","Dark Embrace"],"picked":"Juggernaut","floor":16},{"not_picked":["Inflame","Feel No Pain"],"picked":"Anger","floor":18},{"not_picked":["Combust","Flex+1","Anger"],"picked":"SKIP","floor":19},{"not_picked":["True Grit+1","Clothesline"],"picked":"Headbutt","floor":22},{"not_picked":["Headbutt","Sword Boomerang+1","Fire Breathing+1"],"picked":"SKIP","floor":25},{"not_picked":["Clothesline","Shrug It Off+1","Sentinel+1"],"picked":"SKIP","floor":29},{"not_picked":["Flex+1","Clash"],"picked":"Iron Wave","floor":31}],"player_experience":304271,"relics_obtained":[{"floor":9,"key":"Kunai"},{"floor":11,"key":"Toxic Egg 2"},{"floor":25,"key":"Letter Opener"},{"floor":26,"key":"War Paint"},{"floor":28,"key":"Blue Candle"},{"floor":30,"key":"Nilry\u0027s Codex"}],"event_choices":[{"damage_healed":0,"gold_gain":100,"player_choice":"Pray","damage_taken":0,"max_hp_gain":0,"max_hp_loss":0,"event_name":"Golden Shrine","floor":2,"gold_loss":0},{"cards_removed":["Strike_R"],"damage_healed":0,"gold_gain":0,"player_choice":"Card Removal","damage_taken":0,"max_hp_gain":0,"max_hp_loss":0,"event_name":"The Cleric","floor":3,"gold_loss":50},{"damage_healed":0,"gold_gain":62,"player_choice":"Gained Gold","damage_taken":0,"max_hp_gain":0,"max_hp_loss":0,"event_name":"Golden Wing","floor":7,"gold_loss":0},{"damage_healed":0,"gold_gain":0,"player_choice":"Ignored","damage_taken":0,"max_hp_gain":0,"max_hp_loss":0,"event_name":"Liars Game","floor":13,"gold_loss":0},{"damage_healed":4,"gold_gain":0,"player_choice":"Full Heal","damage_taken":0,"max_hp_gain":0,"max_hp_loss":0,"event_name":"Wheel of Change","floor":21,"gold_loss":0},{"damage_healed":0,"gold_gain":0,"player_choice":"Copied","damage_taken":0,"max_hp_gain":0,"max_hp_loss":0,"event_name":"Duplicator","floor":27,"gold_loss":0,"cards_obtained":["Flame Barrier"]},{"damage_healed":0,"gold_gain":0,"player_choice":"Obtained Book","damage_taken":16,"max_hp_gain":0,"max_hp_loss":0,"event_name":"Cursed Tome","floor":30,"gold_loss":0}],"is_beta":false,"boss_relics":[{"not_picked":["Black Star","Calling Bell"],"picked":"Velvet Choker"}],"items_purged_floors":[20],"is_endless":false,"potions_floor_spawned":[4,16,18],"killed_by":"Collector","ascension_level":12}