{"gold_per_floor":[219,235,43,55,75,75,100,100,125,141,160,85,85,85,85,186,186,198,198,48,0,0,0,19,19,42,42,52,52,68,81,81,185,185,205,205,50,50,150,161,176,0,26,38,38,38,38,51,51,51],"floor_reached":51,"playtime":1886,"items_purged":["Strike_R","Strike_R"],"score":766,"play_id":"fd26a017-cbe3-4a74-bebc-2209245a775a","local_time":"20190411192635","is_ascension_mode":true,"campfire_choices":[{"data":"Apotheosis","floor":6,"key":"SMITH"},{"data":"Inflame","floor":8,"key":"SMITH"},{"data":"Iron Wave","floor":13,"key":"SMITH"},{"data":"Bash","floor":15,"key":"SMITH"},{"data":"RitualDagger","floor":23,"key":"SMITH"},{"data":"Immolate","floor":25,"key":"SMITH"},{"data":"Pommel Strike","floor":27,"key":"SMITH"},{"floor":32,"key":"REST"},{"floor":45,"key":"REST"},{"data":"Uppercut","floor":49,"key":"SMITH"}],"neow_cost":"NONE","seed_source_timestamp":7045304049700,"circlet_count":0,"master_deck":["Strike_R","Strike_R+1","Strike_R","Defend_R","Defend_R","Defend_R","Defend_R","Bash+1","Flex","Infernal Blade","Apotheosis+1","Rampage+1","Inflame+1","Reaper","Iron Wave","Immolate+1","Twin Strike","RitualDagger+1","Pommel Strike+1","Power Through+1","Spot Weakness+1","Metallicize","Offering","Cleave","Forethought","Power Through+1","Uppercut+1"],"relics":["Burning Blood","Whetstone","Bag of Preparation","Centennial Puzzle","Sozu","Anchor","Busted Crown","Oddly Smooth Stone","Incense Burner","Red Mask","PreservedInsect"],"potions_floor_usage":[7,28,30,33],"damage_taken":[{"damage":6,"enemies":"Cultist","floor":1,"turns":3},{"damage":2,"enemies":"2 Louse","floor":2,"turns":2},{"damage":2,"enemies":"Small Slimes","floor":4,"turns":4},{"damage":6,"enemies":"Blue Slaver","floor":5,"turns":3},{"damage":21,"enemies":"Gremlin Nob","floor":7,"turns":4},{"damage":0,"enemies":"Large Slime","floor":10,"turns":4},{"damage":2,"enemies":"Exordium Wildlife","floor":11,"turns":3},{"damage":47,"enemies":"The Guardian","floor":16,"turns":9},{"damage":3,"enemies":"Spheric Guardian","floor":18,"turns":3},{"damage":16,"enemies":"Shell Parasite","floor":24,"turns":4},{"damage":0,"enemies":"Snecko","floor":28,"turns":2},{"damage":13,"enemies":"Snake Plant","floor":30,"turns":3},{"damage":22,"enemies":"3 Cultists","floor":31,"turns":4},{"damage":67,"enemies":"Automaton","floor":33,"turns":9},{"damage":6,"enemies":"Orb Walker","floor":35,"turns":2},{"damage":36,"enemies":"Mind Bloom Boss Battle","floor":39,"turns":6},{"damage":1,"enemies":"3 Shapes","floor":40,"turns":4},{"damage":15,"enemies":"Maw","floor":41,"turns":5},{"damage":17,"enemies":"3 Darklings","floor":44,"turns":2},{"damage":6,"enemies":"Transient","floor":48,"turns":5},{"damage":27,"enemies":"Awakened One","floor":50,"turns":11}],"seed_played":"-6554560533215401474","potions_obtained":[{"floor":2,"key":"Strength Potion"},{"floor":4,"key":"Weak Potion"},{"floor":5,"key":"Fire Potion"},{"floor":16,"key":"Swift Potion"}],"is_trial":false,"path_per_floor":["M","M","$","M","M","R","E","R","T","M","M","$","R","?","R","B",null,"M","?","$","?","?","R","M","R","T","R","M","?","M","M","R","B",null,"M","?","$","?","?","M","M","?","T","M","R","$","$","M","R","B",null],"character_chosen":"IRONCLAD","items_purchased":["Apotheosis","Twin Strike","Oddly Smooth Stone"],"campfire_rested":2,"item_purchase_floors":[3,20,37],"current_hp_per_floor":[80,80,80,80,80,80,65,65,65,80,80,80,80,80,80,39,80,80,65,65,65,59,59,57,57,57,57,63,63,56,52,77,16,85,85,85,85,85,61,66,70,70,70,59,84,84,84,85,85,75],"gold":51,"neow_bonus":"HUNDRED_GOLD","is_prod":false,"is_daily":false,"chose_seed":false,"campfire_upgraded":8,"win_rate":0,"timestamp":1555025195,"path_taken":["M","M","$","M","M","R","E","R","T","M","M","$","R","?","R","BOSS","M","?","$","?","?","R","M","R","T","R","M","?","M","M","R","BOSS","M","?","$","?","?","M","M","?","T","M","R","?","$","M","R","BOSS"],"build_version":"2019-01-23","purchased_purges":2,"victory":true,"max_hp_per_floor":[80,80,80,80,80,80,80,80,80,80,80,80,80,80,80,80,80,80,85,85,85,85,85,85,85,85,85,85,85,85,85,85,85,85,85,85,85,85,85,85,85,85,85,85,85,85,85,85,85,85],"card_choices":[{"not_picked":["Sword Boomerang","Wild Strike"],"picked":"Flex","floor":1},{"not_picked":["Armaments","Demon Form"],"picked":"Infernal Blade","floor":2},{"not_picked":["Heavy Blade","Clash"],"picked":"Rampage","floor":4},{"not_picked":["Heavy Blade","Shrug It Off"],"picked":"Inflame","floor":5},{"not_picked":["Headbutt","Flex"],"picked":"Reaper","floor":7},{"not_picked":["Body Slam","Ghostly Armor"],"picked":"Iron Wave","floor":10},{"not_picked":["Dual Wield","Perfected Strike"],"picked":"Iron Wave","floor":11},{"not_picked":["Dark Embrace","Double Tap"],"picked":"Immolate","floor":16},{"not_picked":["Warcry","Thunderclap+1","Body Slam"],"picked":"SKIP","floor":18},{"not_picked":["Flex","Fire Breathing"],"picked":"Pommel Strike","floor":24},{"not_picked":["Carnage","Perfected Strike"],"picked":"Power Through+1","floor":28},{"not_picked":["Wild Strike","Hemokinesis+1"],"picked":"Spot Weakness+1","floor":30},{"not_picked":["Flex","Heavy Blade"],"picked":"Metallicize","floor":31},{"not_picked":["Exhume","Berserk"],"picked":"Offering","floor":33},{"not_picked":[],"picked":"Cleave","floor":35},{"not_picked":[],"picked":"Forethought","floor":36},{"not_picked":["Body Slam"],"picked":"SKIP","floor":40},{"not_picked":["True Grit"],"picked":"SKIP","floor":41},{"not_picked":[],"picked":"Power Through+1","floor":44},{"not_picked":[],"picked":"Uppercut","floor":48}],"player_experience":106257,"relics_obtained":[{"floor":7,"key":"Whetstone"},{"floor":9,"key":"Bag of Preparation"},{"floor":26,"key":"Anchor"},{"floor":39,"key":"Incense Burner"},{"floor":43,"key":"PreservedInsect"}],"event_choices":[{"damage_healed":0,"gold_gain":0,"player_choice":"Searched \u00271\u0027 times","damage_taken":0,"relics_obtained":["Centennial Puzzle"],"max_hp_gain":0,"max_hp_loss":0,"event_name":"Dead Adventurer","floor":14,"gold_loss":0},{"damage_healed":0,"gold_gain":0,"player_choice":"Shed Blood","damage_taken":20,"max_hp_gain":5,"max_hp_loss":0,"event_name":"Forgotten Altar","floor":19,"gold_loss":0},{"damage_healed":0,"gold_gain":0,"player_choice":"Paid Fearfully","damage_taken":0,"max_hp_gain":0,"max_hp_loss":0,"event_name":"Masked Bandits","floor":21,"gold_loss":48},{"damage_healed":0,"gold_gain":0,"player_choice":"Joined the Cult","damage_taken":6,"max_hp_gain":0,"max_hp_loss":0,"event_name":"Nest","floor":22,"gold_loss":0,"cards_obtained":["RitualDagger"]},{"damage_healed":0,"gold_gain":0,"player_choice":"Ignored","damage_taken":0,"max_hp_gain":0,"max_hp_loss":0,"event_name":"Ghosts","floor":29,"gold_loss":0},{"damage_healed":0,"gold_gain":0,"player_choice":"Memory 1","damage_taken":0,"max_hp_gain":0,"max_hp_loss":0,"event_name":"SensoryStone","floor":36,"gold_loss":0},{"cards_removed":["Iron Wave"],"damage_healed":0,"gold_gain":0,"player_choice":"Removed Attack","damage_taken":0,"max_hp_gain":0,"max_hp_loss":0,"event_name":"Falling","floor":38,"gold_loss":0},{"damage_healed":0,"gold_gain":0,"player_choice":"Fight","damage_taken":0,"max_hp_gain":0,"max_hp_loss":0,"event_name":"MindBloom","floor":39,"gold_loss":0},{"damage_healed":0,"gold_gain":0,"player_choice":"Paid","damage_taken":0,"relics_obtained":["Red Mask"],"max_hp_gain":0,"max_hp_loss":0,"event_name":"Tomb of Lord Red Mask","floor":42,"gold_loss":176}],"is_beta":false,"boss_relics":[{"not_picked":["Runic Cube","Calling Bell"],"picked":"Sozu"},{"not_picked":["White Beast Statue","Runic Dome"],"picked":"Busted Crown"}],"items_purged_floors":[12,20],"is_endless":false,"potions_floor_spawned":[2,4,5,16,18,24,30,31,39,44],"ascension_level":4}