{"gold_per_floor":[114,39,54,65,82,82,114,64,88,88,103,103,103,133,133,133],"floor_reached":16,"playtime":776,"items_purged":["Defend_R"],"score":150,"play_id":"449ed7e0-c93c-4762-b4cd-84a38a771a4e","local_time":"20190509093532","is_ascension_mode":true,"campfire_choices":[{"data":"Bash","floor":6,"key":"SMITH"},{"data":"True Grit","floor":10,"key":"SMITH"},{"data":"Clothesline","floor":12,"key":"SMITH"},{"floor":15,"key":"REST"}],"neow_cost":"NONE","seed_source_timestamp":475552581400,"circlet_count":0,"master_deck":["AscendersBane","Strike_R","Strike_R+1","Strike_R+1","Strike_R","Strike_R","Defend_R","Defend_R","Bash+1","Ghostly Armor","Clothesline+1","Pommel Strike","Rage","True Grit+1","Shrug It Off"],"relics":["Burning Blood","Whetstone","Ancient Tea Set","Golden Idol"],"potions_floor_usage":[7],"damage_taken":[{"damage":4,"enemies":"2 Louse","floor":1,"turns":4},{"damage":0,"enemies":"Small Slimes","floor":3,"turns":3},{"damage":4,"enemies":"Jaw Worm","floor":4,"turns":4},{"damage":11,"enemies":"Lots of Slimes","floor":5,"turns":6},{"damage":42,"enemies":"3 Sentries","floor":7,"turns":12},{"damage":0,"enemies":"2 Fungi Beasts","floor":11,"turns":3},{"damage":53,"enemies":"The Guardian","floor":16,"turns":10}],"seed_played":"-8741083583047774783","potions_obtained":[{"floor":4,"key":"Ancient Potion"},{"floor":5,"key":"SpeedPotion"}],"is_trial":false,"path_per_floor":["M","$","M","M","M","R","E","?","T","R","M","R","?","?","R","B"],"character_chosen":"IRONCLAD","items_purchased":[],"campfire_rested":1,"item_purchase_floors":[],"current_hp_per_floor":[74,74,80,80,75,75,39,39,39,39,45,45,25,25,49,0],"gold":133,"neow_bonus":"THREE_CARDS","is_prod":false,"is_daily":false,"chose_seed":false,"campfire_upgraded":3,"win_rate":0,"timestamp":1557408932,"path_taken":["M","$","M","M","M","R","E","?","T","R","M","R","?","?","R","BOSS"],"build_version":"2019-01-23","purchased_purges":1,"victory":false,"max_hp_per_floor":[80,80,80,80,80,80,80,80,80,80,80,80,80,80,80,80],"card_choices":[{"not_picked":["Seeing Red","Armaments"],"picked":"Ghostly Armor","floor":0},{"not_picked":["Headbutt","Body Slam"],"picked":"Clothesline","floor":1},{"not_picked":["Fire Breathing","Armaments"],"picked":"Pommel Strike","floor":3},{"not_picked":["Infernal Blade","Corruption"],"picked":"Rage","floor":4},{"not_picked":["Sentinel","Anger","Feel No Pain"],"picked":"SKIP","floor":5},{"not_picked":["Flex","Dual Wield"],"picked":"True Grit","floor":7},{"not_picked":["Seeing Red","Intimidate"],"picked":"Shrug It Off","floor":11}],"player_experience":216847,"relics_obtained":[{"floor":7,"key":"Whetstone"},{"floor":9,"key":"Ancient Tea Set"}],"event_choices":[{"cards_removed":["Defend_R"],"damage_healed":0,"gold_gain":0,"player_choice":"Card Removal","damage_taken":0,"max_hp_gain":0,"max_hp_loss":0,"event_name":"The Cleric","floor":8,"gold_loss":50},{"damage_healed":0,"gold_gain":0,"player_choice":"Take Damage","damage_taken":20,"relics_obtained":["Golden Idol"],"max_hp_gain":0,"max_hp_loss":0,"event_name":"Golden Idol","floor":13,"gold_loss":0},{"damage_healed":0,"gold_gain":30,"player_choice":"Searched \u00271\u0027 times","damage_taken":0,"max_hp_gain":0,"max_hp_loss":0,"event_name":"Dead Adventurer","floor":14,"gold_loss":0}],"is_beta":false,"boss_relics":[],"items_purged_floors":[2],"is_endless":false,"potions_floor_spawned":[4,5],"killed_by":"The Guardian","ascension_level":10}