{"gold_per_floor":[115,115,40,0,13,13,45,55,55,55,85,35,46,57,57,160,160,171,182,199,50,64,91,91,147,147,147,62,76,0,0,0,0],"floor_reached":33,"playtime":1009,"items_purged":["Strike_R","Strike_R"],"score":512,"play_id":"cdbe32fa-af9c-47ec-ad66-21bbc01b29f3","local_time":"20190521165553","is_ascension_mode":true,"campfire_choices":[{"data":"Carnage","floor":6,"key":"SMITH"},{"data":"Bash","floor":10,"key":"SMITH"},{"data":"Blind","floor":15,"key":"SMITH"},{"data":"Uppercut","floor":24,"key":"SMITH"},{"data":"Iron Wave","floor":27,"key":"SMITH"},{"data":"Rage","floor":32,"key":"SMITH"}],"neow_cost":"NONE","seed_source_timestamp":126041460700,"circlet_count":0,"master_deck":["AscendersBane","Strike_R","Strike_R","Defend_R","Defend_R","Defend_R","Defend_R","Bash+1","Rage+1","Blind+1","Uppercut+1","Bash","Carnage+1","Shrug It Off","Clothesline","Iron Wave","Twin Strike","Double Tap+1","Iron Wave+1","Headbutt","Flame Barrier+1"],"relics":["Burning Blood","NeowsBlessing","Pear","Meat on the Bone","Toxic Egg 2","Busted Crown","Dream Catcher","Tiny Chest","Mummified Hand","Matryoshka"],"potions_floor_usage":[11,16,23,25,25,33],"damage_taken":[{"damage":0,"enemies":"2 Louse","floor":1,"turns":1},{"damage":0,"enemies":"Cultist","floor":5,"turns":1},{"damage":0,"enemies":"Lagavulin","floor":7,"turns":1},{"damage":8,"enemies":"Small Slimes","floor":8,"turns":3},{"damage":18,"enemies":"3 Sentries","floor":11,"turns":6},{"damage":4,"enemies":"Exordium Thugs","floor":13,"turns":5},{"damage":7,"enemies":"Large Slime","floor":14,"turns":7},{"damage":35,"enemies":"Slime Boss","floor":16,"turns":11},{"damage":0,"enemies":"Chosen","floor":18,"turns":3},{"damage":0,"enemies":"Spheric Guardian","floor":19,"turns":2},{"damage":3,"enemies":"Centurion and Healer","floor":20,"turns":5},{"damage":0,"enemies":"Chosen and Byrds","floor":22,"turns":4},{"damage":51,"enemies":"Slavers","floor":23,"turns":6},{"damage":29,"enemies":"Gremlin Leader","floor":25,"turns":4},{"damage":9,"enemies":"Snake Plant","floor":29,"turns":3},{"damage":64,"enemies":"Champ","floor":33,"turns":14}],"seed_played":"3377773652973828649","potions_obtained":[{"floor":1,"key":"Fire Potion"},{"floor":5,"key":"Explosive Potion"},{"floor":14,"key":"Fire Potion"},{"floor":16,"key":"PowerPotion"},{"floor":23,"key":"Poison Potion"},{"floor":29,"key":"Energy Potion"}],"is_trial":false,"path_per_floor":["M","?","$","$","M","R","E","M","T","R","E","?","M","M","R","B",null,"M","M","M","$","M","E","R","E","T","R","?","M","?","?","R","B"],"character_chosen":"IRONCLAD","items_purchased":["Carnage","Headbutt"],"campfire_rested":0,"item_purchase_floors":[4,21],"current_hp_per_floor":[78,78,78,78,80,80,90,88,88,88,76,76,78,77,77,60,83,89,90,90,90,90,57,57,46,46,46,46,55,55,55,55,0],"gold":0,"neow_bonus":"THREE_ENEMY_KILL","is_prod":false,"is_daily":false,"chose_seed":false,"campfire_upgraded":6,"win_rate":0,"timestamp":1558472153,"path_taken":["M","?","?","$","?","R","E","M","T","R","E","?","M","M","R","BOSS","M","M","M","$","M","E","R","E","T","R","?","M","?","?","R","BOSS"],"build_version":"2019-01-23","purchased_purges":2,"victory":false,"max_hp_per_floor":[80,80,80,80,80,80,90,90,90,90,90,90,90,90,90,90,90,90,90,90,90,90,90,90,90,90,90,90,90,90,90,90,90],"card_choices":[{"not_picked":["True Grit","Flex"],"picked":"Rage","floor":1},{"not_picked":["Body Slam","Anger","Clash"],"picked":"SKIP","floor":5},{"not_picked":["Feel No Pain","Entrench","Burning Pact"],"picked":"SKIP","floor":7},{"not_picked":["Twin Strike","Hemokinesis"],"picked":"Shrug It Off","floor":8},{"not_picked":["Searing Blow","Havoc"],"picked":"Clothesline","floor":11},{"not_picked":["Shockwave+1","Dual Wield+1"],"picked":"Iron Wave","floor":13},{"not_picked":["Shrug It Off+1","Havoc+1"],"picked":"Twin Strike","floor":14},{"not_picked":["Brutality","Offering+1"],"picked":"Double Tap+1","floor":16},{"not_picked":[],"picked":"Iron Wave","floor":18},{"not_picked":["Dropkick"],"picked":"SKIP","floor":19},{"not_picked":["Clothesline+1"],"picked":"SKIP","floor":20},{"not_picked":["Perfected Strike"],"picked":"SKIP","floor":22},{"not_picked":["Headbutt"],"picked":"SKIP","floor":23},{"not_picked":[],"picked":"Flame Barrier+1","floor":25},{"not_picked":["Heavy Blade+1"],"picked":"SKIP","floor":29}],"player_experience":336993,"relics_obtained":[{"floor":7,"key":"Pear"},{"floor":9,"key":"Meat on the Bone"},{"floor":11,"key":"Toxic Egg 2"},{"floor":23,"key":"Dream Catcher"},{"floor":25,"key":"Tiny Chest"},{"floor":26,"key":"Mummified Hand"}],"event_choices":[{"damage_healed":0,"gold_gain":0,"player_choice":"3 cards matched","damage_taken":0,"max_hp_gain":0,"max_hp_loss":0,"event_name":"Match and Keep!","floor":2,"gold_loss":0,"cards_obtained":["Blind","Uppercut","Bash"]},{"cards_removed":["Strike_R"],"damage_healed":0,"gold_gain":0,"player_choice":"Card Removal","damage_taken":0,"max_hp_gain":0,"max_hp_loss":0,"event_name":"The Cleric","floor":12,"gold_loss":50},{"damage_healed":0,"gold_gain":0,"player_choice":"Obtained Relic","damage_taken":0,"relics_obtained":["Matryoshka"],"max_hp_gain":0,"max_hp_loss":0,"event_name":"Addict","floor":28,"gold_loss":85},{"damage_healed":0,"gold_gain":0,"player_choice":"Paid Fearfully","damage_taken":0,"max_hp_gain":0,"max_hp_loss":0,"event_name":"Masked Bandits","floor":30,"gold_loss":76},{"damage_healed":0,"gold_gain":0,"player_choice":"Ignored","damage_taken":0,"max_hp_gain":0,"max_hp_loss":0,"event_name":"Beggar","floor":31,"gold_loss":0}],"is_beta":false,"boss_relics":[{"not_picked":["Pandora\u0027s Box","Orrery"],"picked":"Busted Crown"}],"items_purged_floors":[3,21],"is_endless":false,"potions_floor_spawned":[1,5,7,14,16,19,22,23,29],"killed_by":"Champ","ascension_level":12}