{"gold_per_floor":[110,125,142,142,21,21,38,70,70,70,89,89,100,100,100,100],"floor_reached":16,"playtime":1358,"items_purged":["Defend_R"],"score":158,"play_id":"f91c9188-fb72-4580-96b9-73beb6db9e06","local_time":"20190510182245","is_ascension_mode":true,"campfire_choices":[{"data":"Searing Blow","floor":6,"key":"SMITH"},{"data":"Searing Blow+1","floor":10,"key":"SMITH"},{"data":"Searing Blow+3","floor":15,"key":"SMITH"}],"neow_cost":"NONE","seed_source_timestamp":28175720029700,"circlet_count":0,"master_deck":["AscendersBane","Strike_R","Strike_R","Strike_R","Strike_R","Strike_R","Defend_R","Defend_R","Defend_R","Bash","Perfected Strike","Armaments","Searing Blow+4","Ghostly Armor","Pommel Strike+1","Twin Strike+1","Rage","Perfected Strike"],"relics":["Burning Blood","Letter Opener","Bird Faced Urn","Thread and Needle"],"potions_floor_usage":[13,16],"damage_taken":[{"damage":1,"enemies":"Cultist","floor":1,"turns":3},{"damage":11,"enemies":"Jaw Worm","floor":2,"turns":4},{"damage":0,"enemies":"2 Louse","floor":3,"turns":3},{"damage":14,"enemies":"Large Slime","floor":7,"turns":6},{"damage":27,"enemies":"Lagavulin","floor":8,"turns":6},{"damage":12,"enemies":"Exordium Wildlife","floor":11,"turns":4},{"damage":1,"enemies":"Gremlin Gang","floor":13,"turns":4},{"damage":33,"enemies":"The Guardian","floor":16,"turns":8}],"seed_played":"-4935204708471499819","potions_obtained":[{"floor":7,"key":"Fire Potion"},{"floor":8,"key":"EssenceOfSteel"}],"is_trial":false,"path_per_floor":["M","M","M","T","$","R","M","E","T","R","M","?","M","?","R","B"],"character_chosen":"IRONCLAD","items_purchased":["Pommel Strike"],"campfire_rested":0,"item_purchase_floors":[5],"current_hp_per_floor":[77,72,78,78,78,78,70,49,49,49,43,43,48,32,32,0],"gold":100,"neow_bonus":"THREE_CARDS","is_prod":false,"is_daily":false,"chose_seed":false,"campfire_upgraded":3,"win_rate":0,"timestamp":1557526965,"path_taken":["M","?","M","?","?","R","M","E","T","R","M","?","M","?","R","BOSS"],"build_version":"2019-01-23","purchased_purges":1,"victory":false,"max_hp_per_floor":[80,80,80,80,80,80,80,80,80,80,80,80,80,80,80,80],"card_choices":[{"not_picked":["Sword Boomerang","Armaments"],"picked":"Perfected Strike","floor":0},{"not_picked":["Anger","Body Slam"],"picked":"Armaments","floor":1},{"not_picked":["Shrug It Off","Wild Strike"],"picked":"Searing Blow","floor":2},{"not_picked":["Clash","True Grit"],"picked":"Ghostly Armor","floor":3},{"not_picked":["Searing Blow","Berserk","Warcry"],"picked":"SKIP","floor":7},{"not_picked":["Warcry","Battle Trance"],"picked":"Twin Strike","floor":8},{"not_picked":["Infernal Blade","Armaments"],"picked":"Rage","floor":11},{"not_picked":["Headbutt","Carnage"],"picked":"Perfected Strike","floor":13}],"player_experience":245566,"relics_obtained":[{"floor":4,"key":"Letter Opener"},{"floor":8,"key":"Bird Faced Urn"},{"floor":9,"key":"Thread and Needle"}],"event_choices":[{"damage_healed":0,"gold_gain":0,"player_choice":"Grow","damage_taken":0,"max_hp_gain":0,"max_hp_loss":0,"event_name":"Living Wall","floor":12,"gold_loss":0,"cards_upgraded":["Searing Blow"]},{"damage_healed":0,"gold_gain":0,"player_choice":"Entered Light","damage_taken":16,"max_hp_gain":0,"max_hp_loss":0,"event_name":"Shining Light","floor":14,"gold_loss":0,"cards_upgraded":["Pommel Strike","Twin Strike"]}],"is_beta":false,"boss_relics":[],"items_purged_floors":[5],"is_endless":false,"potions_floor_spawned":[7,8,11],"killed_by":"The Guardian","ascension_level":11}