{"gold_per_floor":[17,36,51,28,28,28,28,28,28,39,50,50,76,87,87,186,186,197,197,217,217,217,217,54,67,94,94,114,48,48,18,18,121,121,134,151,165,176,222,222,253,269,351,30,46,46,59,77,77,77],"floor_reached":51,"playtime":3129,"items_purged":["Strike_B+1"],"score":782,"play_id":"f45fe6a1-e9b1-4714-851a-99877af50a47","local_time":"20190722200016","is_ascension_mode":true,"campfire_choices":[{"data":"Zap","floor":6,"key":"SMITH"},{"data":"Dualcast","floor":12,"key":"SMITH"},{"data":"Redo","floor":15,"key":"SMITH"},{"data":"Redo","floor":23,"key":"SMITH"},{"data":"Darkness","floor":27,"key":"SMITH"},{"data":"Multi-Cast","floor":32,"key":"SMITH"},{"data":"Defragment","floor":40,"key":"SMITH"},{"data":"Coolheaded","floor":49,"key":"SMITH"}],"neow_cost":"NO_GOLD","seed_source_timestamp":1042280333099196,"circlet_count":0,"master_deck":["Strike_B+1","Defend_B+1","Defend_B+1","Defend_B+1","Defend_B+1","Zap+1","Dualcast+1","Coolheaded+1","Doom and Gloom","Defragment+1","Doom and Gloom","Auto Shields","Coolheaded","Glacier","Self Repair+1","Redo+1","Multi-Cast+1","Redo+1","Redo+1","Darkness+1","Finesse","Self Repair+1","Madness","Defragment+1","Echo Form+1","Defragment+1","Force Field","Conserve Battery"],"relics":["Cracked Core","Unceasing Top","Meat on the Bone","The Courier","Frozen Egg 2","Philosopher\u0027s Stone","Mercury Hourglass","MutagenicStrength","Centennial Puzzle","Sozu","Gambling Chip","Vajra","Shuriken","Lee\u0027s Waffle"],"potions_floor_usage":[50],"damage_taken":[{"damage":3,"enemies":"Cultist","floor":1,"turns":5},{"damage":2,"enemies":"Jaw Worm","floor":2,"turns":3},{"damage":0,"enemies":"Small Slimes","floor":3,"turns":2},{"damage":4,"enemies":"Exordium Wildlife","floor":10,"turns":4},{"damage":0,"enemies":"2 Fungi Beasts","floor":11,"turns":4},{"damage":12,"enemies":"Gremlin Nob","floor":13,"turns":5},{"damage":5,"enemies":"Blue Slaver","floor":14,"turns":3},{"damage":4,"enemies":"Slime Boss","floor":16,"turns":9},{"damage":31,"enemies":"3 Byrds","floor":18,"turns":3},{"damage":29,"enemies":"2 Thieves","floor":20,"turns":3},{"damage":11,"enemies":"Snake Plant","floor":25,"turns":2},{"damage":23,"enemies":"Centurion and Healer","floor":28,"turns":4},{"damage":58,"enemies":"Automaton","floor":33,"turns":7},{"damage":12,"enemies":"3 Shapes","floor":35,"turns":3},{"damage":6,"enemies":"Orb Walker","floor":36,"turns":4},{"damage":1,"enemies":"3 Darklings","floor":37,"turns":4},{"damage":15,"enemies":"Sphere and 2 Shapes","floor":38,"turns":4},{"damage":45,"enemies":"2 Orb Walkers","floor":39,"turns":5},{"damage":16,"enemies":"Reptomancer","floor":41,"turns":6},{"damage":50,"enemies":"Transient","floor":42,"turns":5},{"damage":18,"enemies":"3 Darklings","floor":45,"turns":3},{"damage":26,"enemies":"Jaw Worm Horde","floor":47,"turns":3},{"damage":22,"enemies":"Maw","floor":48,"turns":8},{"damage":56,"enemies":"Donu and Deca","floor":50,"turns":8}],"seed_played":"8830212892564514911","potions_obtained":[{"floor":1,"key":"SpeedPotion"},{"floor":11,"key":"Strength Potion"},{"floor":16,"key":"SteroidPotion"}],"is_trial":false,"path_per_floor":["M","M","M","$","T","R","$","?","T","M","M","R","E","M","R","B",null,"M","?","M","?","?","R","$","M","T","R","M","$","?","$","R","B",null,"M","M","M","M","?","R","E","M","T","$","M","?","M","M","R","B",null],"character_chosen":"DEFECT","items_purchased":["Coolheaded","Redo","Darkness","Finesse","Madness","Defragment+1","Force Field","Lee\u0027s Waffle","Conserve Battery"],"campfire_rested":0,"item_purchase_floors":[4,24,24,24,29,31,44,44,44],"current_hp_per_floor":[72,70,70,70,70,70,70,58,58,54,54,54,42,49,49,55,75,54,54,47,47,47,47,47,48,48,48,47,47,72,72,72,46,75,75,69,75,75,62,62,56,38,38,82,82,82,56,76,76,52],"gold":77,"neow_bonus":"TRANSFORM_TWO_CARDS","is_prod":false,"is_daily":false,"chose_seed":false,"campfire_upgraded":8,"win_rate":0,"timestamp":1563850816,"path_taken":["M","?","M","$","?","R","?","?","T","?","M","R","E","M","R","BOSS","M","?","?","?","?","R","$","M","T","R","M","$","?","?","R","BOSS","M","M","M","M","?","R","E","M","T","$","M","?","?","M","R","BOSS"],"build_version":"2019-07-17","purchased_purges":1,"victory":true,"max_hp_per_floor":[75,75,75,75,75,75,75,75,75,75,75,75,75,75,75,75,75,75,75,75,75,75,75,75,75,75,75,75,75,75,75,75,75,75,75,75,75,75,75,75,75,75,75,82,82,82,82,82,82,82],"card_choices":[{"not_picked":["Cold Snap","Streamline"],"picked":"Defragment","floor":1},{"not_picked":["Leap","BootSequence"],"picked":"Doom and Gloom","floor":2},{"not_picked":["Sunder","Recycle"],"picked":"Auto Shields","floor":3},{"not_picked":["Sunder","Go for the Eyes","Scrape"],"picked":"SKIP","floor":10},{"not_picked":["Fusion","Sweeping Beam"],"picked":"Glacier","floor":11},{"not_picked":["Stack","Rip and Tear"],"picked":"Self Repair","floor":13},{"not_picked":["Streamline","Meteor Strike"],"picked":"Redo","floor":14},{"not_picked":["Reboot","Core Surge"],"picked":"Multi-Cast","floor":16},{"not_picked":["Ball Lightning","Coolheaded"],"picked":"Redo","floor":18},{"not_picked":["Turbo","Compile Driver+1","Rebound"],"picked":"SKIP","floor":20},{"not_picked":["Steam Power","Beam Cell+1","Skim"],"picked":"SKIP","floor":25},{"not_picked":["Conserve Battery","Hologram"],"picked":"Self Repair+1","floor":28},{"not_picked":["Buffer+1","Machine Learning+1"],"picked":"Echo Form+1","floor":33},{"not_picked":["Turbo+1","Beam Cell","Blizzard"],"picked":"SKIP","floor":35},{"not_picked":["Self Repair+1","Barrage","Reinforced Body"],"picked":"SKIP","floor":36},{"not_picked":["Conserve Battery+1","Blizzard","Coolheaded+1"],"picked":"SKIP","floor":37},{"not_picked":["Hello World+1","Tempest+1","Hologram"],"picked":"SKIP","floor":38},{"not_picked":["Barrage","Streamline"],"picked":"Defragment+1","floor":39},{"not_picked":["Rebound","Hello World+1","Compile Driver+1"],"picked":"SKIP","floor":41},{"not_picked":["Hologram+1","Stack","Rebound+1"],"picked":"SKIP","floor":42},{"not_picked":["Streamline+1","Reinforced Body","Lockon+1"],"picked":"SKIP","floor":45},{"not_picked":["Defragment+1","Rebound+1","Static Discharge+1"],"picked":"SKIP","floor":47},{"not_picked":["Barrage","Ball Lightning","Biased Cognition+1"],"picked":"SKIP","floor":48}],"player_experience":187454,"relics_obtained":[{"floor":5,"key":"Unceasing Top"},{"floor":9,"key":"The Courier"},{"floor":13,"key":"Frozen Egg 2"},{"floor":19,"key":"Mercury Hourglass"},{"floor":26,"key":"Centennial Puzzle"},{"floor":39,"key":"Gambling Chip"},{"floor":41,"key":"Vajra"},{"floor":43,"key":"Shuriken"}],"event_choices":[{"damage_healed":0,"gold_gain":0,"player_choice":"Success","damage_taken":12,"relics_obtained":["Meat on the Bone"],"max_hp_gain":0,"max_hp_loss":0,"event_name":"Scrap Ooze","floor":8,"gold_loss":0},{"damage_healed":0,"gold_gain":0,"player_choice":"Relic","damage_taken":0,"max_hp_gain":0,"max_hp_loss":0,"event_name":"Wheel of Change","floor":19,"gold_loss":0},{"damage_healed":0,"gold_gain":0,"player_choice":"Inject Mutagens","damage_taken":0,"relics_obtained":["MutagenicStrength"],"max_hp_gain":0,"max_hp_loss":0,"event_name":"Drug Dealer","floor":21,"gold_loss":0},{"damage_healed":0,"gold_gain":0,"player_choice":"Simplicity","damage_taken":0,"max_hp_gain":0,"max_hp_loss":0,"event_name":"Back to Basics","floor":22,"gold_loss":0,"cards_upgraded":["Strike_B","Strike_B","Defend_B","Defend_B","Defend_B","Defend_B"]},{"damage_healed":25,"gold_gain":0,"player_choice":"Heal","damage_taken":0,"max_hp_gain":0,"max_hp_loss":0,"event_name":"The Library","floor":30,"gold_loss":0},{"damage_healed":0,"gold_gain":0,"player_choice":"Fight","damage_taken":0,"max_hp_gain":0,"max_hp_loss":0,"event_name":"Mysterious Sphere","floor":39,"gold_loss":0},{"damage_healed":0,"gold_gain":0,"player_choice":"Upgraded","damage_taken":0,"max_hp_gain":0,"max_hp_loss":0,"event_name":"Upgrade Shrine","floor":46,"gold_loss":0,"cards_upgraded":["Redo"]}],"is_beta":false,"boss_relics":[{"not_picked":["Tiny House","Cursed Key"],"picked":"Philosopher\u0027s Stone"},{"not_picked":["Empty Cage","Runic Pyramid"],"picked":"Sozu"}],"items_purged_floors":[44],"is_endless":false,"potions_floor_spawned":[1,11,16,25,28,36,37,41,42,48],"ascension_level":4}