{"gold_per_floor":[211,228,228,228,73,104,122,138,138,162,62,62,62,62,62,193,193,211,211,211,226,49,49],"floor_reached":23,"playtime":996,"items_purged":["Injury","Strike_R","Strike_R"],"score":236,"play_id":"d50a9fba-44de-49b4-9e11-f668630d57be","local_time":"20190411195640","is_ascension_mode":true,"campfire_choices":[{"data":"Demon Form","floor":12,"key":"SMITH"},{"floor":15,"key":"REST"}],"neow_cost":"NONE","seed_source_timestamp":9751844800800,"circlet_count":0,"master_deck":["Strike_R","Strike_R","Defend_R","Defend_R","Defend_R","Defend_R","Bash","Pummel","Flame Barrier","Iron Wave","Shrug It Off","Twin Strike","Sword Boomerang","Demon Form+1","Iron Wave","Cleave+1","Battle Trance","Power Through","Armaments"],"relics":["Burning Blood","Golden Idol","Self Forming Clay","Kunai","Runic Cube"],"potions_floor_usage":[16,23,23],"damage_taken":[{"damage":10,"enemies":"Small Slimes","floor":1,"turns":3},{"damage":6,"enemies":"2 Louse","floor":2,"turns":3},{"damage":26,"enemies":"Gremlin Nob","floor":6,"turns":5},{"damage":2,"enemies":"Jaw Worm","floor":7,"turns":5},{"damage":9,"enemies":"3 Louse","floor":8,"turns":3},{"damage":10,"enemies":"Large Slime","floor":10,"turns":4},{"damage":26,"enemies":"Hexaghost","floor":16,"turns":7},{"damage":2,"enemies":"3 Byrds","floor":18,"turns":5},{"damage":48,"enemies":"Colosseum Slavers","floor":20,"turns":5},{"damage":10,"enemies":"Chosen","floor":21,"turns":5},{"damage":38,"enemies":"Snake Plant","floor":23,"turns":7}],"seed_played":"2322787374782818392","potions_obtained":[{"floor":1,"key":"LiquidBronze"},{"floor":8,"key":"GamblersBrew"},{"floor":16,"key":"Dexterity Potion"},{"floor":21,"key":"PowerPotion"}],"is_trial":false,"path_per_floor":["M","M","?","?","$","E","M","M","T","M","$","R","?","?","R","B",null,"M","?","?","M","$","M"],"character_chosen":"IRONCLAD","items_purchased":["Iron Wave","Shrug It Off","Armaments"],"campfire_rested":1,"item_purchase_floors":[5,5,22],"current_hp_per_floor":[76,76,76,69,69,49,53,50,50,46,46,46,46,51,76,56,78,82,82,40,36,36,0],"gold":49,"neow_bonus":"HUNDRED_GOLD","is_prod":false,"is_daily":false,"chose_seed":false,"campfire_upgraded":1,"win_rate":0,"timestamp":1555027000,"path_taken":["M","M","?","?","$","E","M","M","T","M","?","R","?","?","R","BOSS","M","?","?","M","$","M"],"build_version":"2019-01-23","purchased_purges":3,"victory":false,"max_hp_per_floor":[80,80,80,80,80,80,80,80,80,80,80,80,80,85,85,85,85,85,85,85,85,85,85],"card_choices":[{"not_picked":["Rupture","Armaments"],"picked":"Pummel","floor":1},{"not_picked":["Seeing Red","Sword Boomerang"],"picked":"Flame Barrier","floor":2},{"not_picked":["Rupture","Corruption"],"picked":"Twin Strike","floor":6},{"not_picked":["Shrug It Off","Anger"],"picked":"Sword Boomerang","floor":7},{"not_picked":["Sword Boomerang","Thunderclap"],"picked":"Demon Form","floor":8},{"not_picked":["Wild Strike","Clash"],"picked":"Iron Wave","floor":10},{"not_picked":["Twin Strike","Wild Strike"],"picked":"Cleave+1","floor":18},{"not_picked":["Reckless Charge","Uppercut"],"picked":"Power Through","floor":21}],"player_experience":108924,"relics_obtained":[{"floor":6,"key":"Self Forming Clay"},{"floor":9,"key":"Kunai"}],"event_choices":[{"damage_healed":0,"gold_gain":0,"player_choice":"Take Wound","damage_taken":0,"relics_obtained":["Golden Idol"],"max_hp_gain":0,"max_hp_loss":0,"event_name":"Golden Idol","floor":3,"gold_loss":0,"cards_obtained":["Injury"]},{"cards_removed":["Strike_R"],"damage_healed":0,"gold_gain":0,"player_choice":"Card Removal","damage_taken":7,"max_hp_gain":0,"max_hp_loss":0,"event_name":"Golden Wing","floor":4,"gold_loss":0},{"damage_healed":0,"gold_gain":0,"player_choice":"Ignored","damage_taken":0,"max_hp_gain":0,"max_hp_loss":0,"event_name":"Liars Game","floor":13,"gold_loss":0},{"damage_healed":0,"gold_gain":0,"player_choice":"Donut","damage_taken":0,"max_hp_gain":5,"max_hp_loss":0,"event_name":"Big Fish","floor":14,"gold_loss":0},{"damage_healed":0,"gold_gain":0,"player_choice":"Read","damage_taken":0,"max_hp_gain":0,"max_hp_loss":0,"event_name":"The Library","floor":19,"gold_loss":0,"cards_obtained":["Battle Trance"]},{"damage_healed":0,"gold_gain":0,"player_choice":"Fight","damage_taken":0,"max_hp_gain":0,"max_hp_loss":0,"event_name":"Colosseum","floor":20,"gold_loss":0},{"damage_healed":0,"gold_gain":0,"player_choice":"Fled From Nobs","damage_taken":0,"max_hp_gain":0,"max_hp_loss":0,"event_name":"Colosseum","floor":20,"gold_loss":0}],"is_beta":false,"boss_relics":[{"not_picked":["Snecko Eye","Calling Bell"],"picked":"Runic Cube"}],"items_purged_floors":[5,11,22],"is_endless":false,"potions_floor_spawned":[1,8,16,21],"killed_by":"Snake Plant","ascension_level":5}