{"gold_per_floor":[109,109,119,119,119,154,154,182,182,198,216,16,30,44,44,140,140,155,155,155,170,182,213,213,213,213,238,88,88,147,98,98,98],"floor_reached":33,"playtime":1247,"items_purged":["Strike_G"],"score":355,"play_id":"e14ef973-8058-42cd-81d6-b4a31af33447","local_time":"20190520174837","is_ascension_mode":true,"campfire_choices":[{"data":"Dagger Spray","floor":7,"key":"SMITH"},{"floor":15,"key":"REST"},{"data":"A Thousand Cuts","floor":24,"key":"SMITH"},{"floor":29,"key":"REST"},{"floor":32,"key":"REST"}],"neow_cost":"NONE","seed_source_timestamp":30964222464200,"circlet_count":0,"master_deck":["Defend_G","Defend_G","Defend_G","Defend_G","Survivor","Neutralize","Dagger Throw","Dagger Spray+1","Choke","Caltrops","Well Laid Plans","Backflip","Footwork","Adrenaline","A Thousand Cuts+1","After Image+1","Adrenaline+1","Catalyst+1","Noxious Fumes","Slice","After Image+1","Cloak And Dagger","Dodge and Roll","Decay","Bouncing Flask+1","Accuracy","Deflect","Cloak And Dagger"],"relics":["Ring of the Snake","NeowsBlessing","Matryoshka","Centennial Puzzle","Boot","Bronze Scales","Bag of Marbles","ClockworkSouvenir","Astrolabe","Ornamental Fan","Juzu Bracelet","Sundial","Dead Branch","Tiny Chest"],"potions_floor_usage":[23,33],"damage_taken":[{"damage":0,"enemies":"Small Slimes","floor":1,"turns":1},{"damage":0,"enemies":"2 Louse","floor":3,"turns":1},{"damage":0,"enemies":"Lagavulin","floor":6,"turns":1},{"damage":14,"enemies":"3 Sentries","floor":8,"turns":6},{"damage":0,"enemies":"Cultist","floor":10,"turns":2},{"damage":16,"enemies":"Exordium Wildlife","floor":11,"turns":3},{"damage":0,"enemies":"2 Fungi Beasts","floor":13,"turns":2},{"damage":6,"enemies":"Red Slaver","floor":14,"turns":2},{"damage":2,"enemies":"The Guardian","floor":16,"turns":12},{"damage":6,"enemies":"Chosen","floor":18,"turns":4},{"damage":1,"enemies":"Shell Parasite","floor":21,"turns":5},{"damage":8,"enemies":"Snake Plant","floor":22,"turns":3},{"damage":16,"enemies":"Gremlin Leader","floor":23,"turns":6},{"damage":14,"enemies":"Book of Stabbing","floor":27,"turns":6},{"damage":14,"enemies":"Gremlin Leader","floor":30,"turns":3},{"damage":85,"enemies":"Collector","floor":33,"turns":7}],"seed_played":"4975142309763376492","potions_obtained":[{"floor":3,"key":"Swift Potion"},{"floor":8,"key":"Block Potion"},{"floor":11,"key":"FairyPotion"}],"is_trial":false,"path_per_floor":["M","?","M","?","?","E","R","E","T","M","M","$","M","M","R","B",null,"M","?","?","M","M","E","R","?","T","E","$","R","E","$","R","B"],"character_chosen":"THE_SILENT","items_purchased":["ClockworkSouvenir","Accuracy","Cloak And Dagger"],"campfire_rested":3,"item_purchase_floors":[12,28,31],"current_hp_per_floor":[70,67,67,60,60,60,60,46,46,46,30,30,30,24,45,43,70,64,64,64,63,55,39,39,39,39,25,25,46,32,32,53,0],"gold":98,"neow_bonus":"THREE_ENEMY_KILL","is_prod":false,"is_daily":false,"chose_seed":false,"campfire_upgraded":2,"win_rate":0,"timestamp":1558388917,"path_taken":["M","?","M","?","?","E","R","E","T","?","M","$","M","M","R","BOSS","M","?","?","M","?","E","R","?","T","E","$","R","E","$","R","BOSS"],"build_version":"2019-01-23","purchased_purges":1,"victory":false,"max_hp_per_floor":[70,70,70,70,70,70,70,70,70,70,70,70,70,70,70,70,70,70,70,70,70,70,70,70,70,70,70,70,70,70,70,70,70],"card_choices":[{"not_picked":["PiercingWail","Calculated Gamble"],"picked":"Dagger Throw","floor":1},{"not_picked":["Deflect","Dodge and Roll"],"picked":"Dagger Spray","floor":3},{"not_picked":["Outmaneuver","Expertise"],"picked":"Choke","floor":6},{"not_picked":["Tactician","Deadly Poison"],"picked":"Caltrops","floor":8},{"not_picked":["Bane","Flying Knee"],"picked":"Well Laid Plans","floor":10},{"not_picked":["Well Laid Plans","All Out Attack"],"picked":"Backflip","floor":11},{"not_picked":["Quick Slash","Bane"],"picked":"Footwork","floor":13},{"not_picked":["Predator","Dodge and Roll"],"picked":"Adrenaline","floor":14},{"not_picked":["Die Die Die","Wraith Form v2"],"picked":"A Thousand Cuts","floor":16},{"not_picked":["Sucker Punch","Reflex"],"picked":"Noxious Fumes","floor":18},{"not_picked":["Finisher+1","Escape Plan+1","Backstab"],"picked":"SKIP","floor":21},{"not_picked":["Acrobatics","Underhanded Strike"],"picked":"Cloak And Dagger","floor":22},{"not_picked":["All Out Attack","Terror"],"picked":"Dodge and Roll","floor":23},{"not_picked":["Outmaneuver","Well Laid Plans"],"picked":"Bouncing Flask+1","floor":27},{"not_picked":["Expertise","A Thousand Cuts"],"picked":"Deflect","floor":30}],"player_experience":335746,"relics_obtained":[{"floor":6,"key":"Centennial Puzzle"},{"floor":8,"key":"Boot"},{"floor":9,"key":"Bronze Scales"},{"floor":9,"key":"Bag of Marbles"},{"floor":23,"key":"Ornamental Fan"},{"floor":26,"key":"Juzu Bracelet"},{"floor":26,"key":"Sundial"},{"floor":27,"key":"Dead Branch"},{"floor":30,"key":"Tiny Chest"}],"event_choices":[{"damage_healed":0,"gold_gain":0,"player_choice":"Success","damage_taken":3,"relics_obtained":["Matryoshka"],"max_hp_gain":0,"max_hp_loss":0,"event_name":"Scrap Ooze","floor":2,"gold_loss":0},{"cards_removed":["Strike_G"],"damage_healed":0,"gold_gain":0,"player_choice":"Card Removal","damage_taken":7,"max_hp_gain":0,"max_hp_loss":0,"event_name":"Golden Wing","floor":4,"gold_loss":0},{"cards_removed":["Strike_G"],"damage_healed":0,"gold_gain":0,"player_choice":"Card Removal","damage_taken":0,"max_hp_gain":0,"max_hp_loss":0,"event_name":"Wheel of Change","floor":5,"gold_loss":0},{"damage_healed":0,"gold_gain":0,"player_choice":"Read","damage_taken":0,"max_hp_gain":0,"max_hp_loss":0,"event_name":"The Library","floor":19,"gold_loss":0,"cards_obtained":["Slice"]},{"damage_healed":0,"gold_gain":0,"player_choice":"Copied","damage_taken":0,"max_hp_gain":0,"max_hp_loss":0,"event_name":"Duplicator","floor":20,"gold_loss":0,"cards_obtained":["After Image"]},{"damage_healed":0,"gold_gain":0,"player_choice":"Smashed Altar","damage_taken":0,"max_hp_gain":0,"max_hp_loss":0,"event_name":"Forgotten Altar","floor":25,"gold_loss":0,"cards_obtained":["Decay"]}],"is_beta":false,"boss_relics":[{"not_picked":["Coffee Dripper","Runic Pyramid"],"picked":"Astrolabe"}],"items_purged_floors":[28],"is_endless":false,"potions_floor_spawned":[3,8,11,13,16,18,21,22],"killed_by":"Collector","ascension_level":1}