{"gold_per_floor":[114,131,9,25,25,25,38,57,57,57,89,104,104,26,26,126,126,126,26,226,236,40,53,53,69,69,86,86,101,116,131,131,131],"floor_reached":33,"playtime":1292,"items_purged":["Strike_R","Strike_R"],"score":417,"play_id":"2d04b4fd-d94b-4ec5-9282-2f01fcc9efd0","local_time":"20190510173834","is_ascension_mode":true,"campfire_choices":[{"data":"Bash","floor":6,"key":"SMITH"},{"floor":10,"key":"REST"},{"data":"Double Tap","floor":13,"key":"SMITH"},{"data":"Heavy Blade","floor":15,"key":"SMITH"},{"data":"Flame Barrier","floor":24,"key":"SMITH"},{"data":"Spot Weakness","floor":28,"key":"SMITH"},{"floor":32,"key":"REST"}],"neow_cost":"NONE","seed_source_timestamp":25587356863100,"circlet_count":0,"master_deck":["AscendersBane","Strike_R","Strike_R","Defend_R","Defend_R","Defend_R","Defend_R","Bash+1","Whirlwind+1","Spot Weakness+1","Clothesline","Battle Trance","Pommel Strike","Double Tap+1","Heavy Blade+1","Flame Barrier+1","Feed","True Grit","Twin Strike","Pummel","Sword Boomerang+1"],"relics":["Burning Blood","WingedGreaves","Blue Candle","Velvet Choker","Blood Vial","Pear"],"potions_floor_usage":[16,18,25,33,33],"damage_taken":[{"damage":18,"enemies":"Small Slimes","floor":1,"turns":4},{"damage":5,"enemies":"Cultist","floor":2,"turns":5},{"damage":12,"enemies":"Jaw Worm","floor":4,"turns":4},{"damage":0,"enemies":"Lots of Slimes","floor":7,"turns":1},{"damage":13,"enemies":"Large Slime","floor":8,"turns":3},{"damage":34,"enemies":"Lagavulin","floor":11,"turns":7},{"damage":0,"enemies":"2 Fungi Beasts","floor":12,"turns":1},{"damage":51,"enemies":"Slime Boss","floor":16,"turns":7},{"damage":0,"enemies":"2 Thieves","floor":18,"turns":1},{"damage":23,"enemies":"Spheric Guardian","floor":21,"turns":4},{"damage":0,"enemies":"Cultist and Chosen","floor":23,"turns":5},{"damage":24,"enemies":"Snake Plant","floor":25,"turns":3},{"damage":19,"enemies":"Sentry and Sphere","floor":27,"turns":5},{"damage":10,"enemies":"Chosen and Byrds","floor":29,"turns":6},{"damage":16,"enemies":"Centurion and Healer","floor":30,"turns":5},{"damage":22,"enemies":"Shelled Parasite and Fungi","floor":31,"turns":5},{"damage":77,"enemies":"Automaton","floor":33,"turns":6}],"seed_played":"1886594737257139887","potions_obtained":[{"floor":1,"key":"SmokeBomb"},{"floor":11,"key":"SpeedPotion"},{"floor":16,"key":"LiquidBronze"},{"floor":25,"key":"PowerPotion"},{"floor":27,"key":"Fire Potion"}],"is_trial":false,"path_per_floor":["M","M","$","M","?","R","M","M","T","R","E","M","R","$","R","B",null,"M","$","?","M","$","M","R","M","T","M","R","M","M","M","R","B"],"character_chosen":"IRONCLAD","items_purchased":["Clothesline","Flame Barrier","Blood Vial","True Grit"],"campfire_rested":2,"item_purchase_floors":[3,14,22,22],"current_hp_per_floor":[60,61,61,55,55,55,61,54,54,78,50,56,56,56,56,11,63,69,69,69,52,52,63,63,47,57,46,46,47,42,28,57,0],"gold":131,"neow_bonus":"REMOVE_CARD","is_prod":false,"is_daily":false,"chose_seed":false,"campfire_upgraded":5,"win_rate":0,"timestamp":1557524314,"path_taken":["M","M","$","M","?","R","M","M","T","R","E","M","R","?","R","BOSS","M","$","?","M","$","M","R","M","T","M","R","M","?","M","R","BOSS"],"build_version":"2019-01-23","purchased_purges":2,"victory":false,"max_hp_per_floor":[80,80,80,80,80,80,80,80,80,80,80,80,80,80,80,80,80,80,80,80,80,80,83,83,83,93,93,93,96,99,99,99,99],"card_choices":[{"not_picked":["Iron Wave","Cleave"],"picked":"Whirlwind","floor":1},{"not_picked":["Pommel Strike","Perfected Strike"],"picked":"Spot Weakness","floor":2},{"not_picked":["Wild Strike","Clash"],"picked":"Battle Trance","floor":4},{"not_picked":["Clothesline","Headbutt"],"picked":"Pommel Strike","floor":7},{"not_picked":["Wild Strike","Warcry","Whirlwind"],"picked":"SKIP","floor":8},{"not_picked":["Cleave","Burning Pact"],"picked":"Double Tap","floor":11},{"not_picked":["Anger","Headbutt"],"picked":"Heavy Blade","floor":12},{"not_picked":["Reaper","Double Tap"],"picked":"Feed","floor":16},{"not_picked":["Havoc","Heavy Blade","Clash"],"picked":"SKIP","floor":21},{"not_picked":["Rage","Pommel Strike"],"picked":"Twin Strike","floor":23},{"not_picked":["Wild Strike","Carnage","Havoc"],"picked":"SKIP","floor":25},{"not_picked":["Twin Strike+1","Body Slam+1"],"picked":"Pummel","floor":27},{"not_picked":["Reaper","Perfected Strike"],"picked":"Sword Boomerang+1","floor":29},{"not_picked":["Headbutt+1","Cleave","Thunderclap"],"picked":"SKIP","floor":30},{"not_picked":["Twin Strike+1","Clothesline+1","Armaments"],"picked":"SKIP","floor":31}],"player_experience":243000,"relics_obtained":[{"floor":9,"key":"WingedGreaves"},{"floor":11,"key":"Blue Candle"},{"floor":26,"key":"Pear"}],"event_choices":[{"damage_healed":0,"gold_gain":0,"player_choice":"Forge","damage_taken":0,"max_hp_gain":0,"max_hp_loss":0,"event_name":"Accursed Blacksmith","floor":5,"gold_loss":0,"cards_upgraded":["Whirlwind"]},{"damage_healed":0,"gold_gain":200,"player_choice":"Gold","damage_taken":0,"max_hp_gain":0,"max_hp_loss":0,"event_name":"Wheel of Change","floor":20,"gold_loss":0}],"is_beta":false,"boss_relics":[{"not_picked":["Snecko Eye","Astrolabe"],"picked":"Velvet Choker"}],"items_purged_floors":[3,19],"is_endless":false,"potions_floor_spawned":[1,11,12,16,25,27,31],"killed_by":"Automaton","ascension_level":11}