{"gold_per_floor":[117,135,135,146,159,159,177,208,232,232,232,252,268,268,268,343,343,362,342,359,9,9,9,22,36,104,84,84,103,103],"floor_reached":30,"playtime":957,"items_purged":["Strike_R"],"score":448,"play_id":"e5f856aa-d3ad-4302-99f4-b42ac6e160b7","local_time":"20190727144930","is_ascension_mode":true,"campfire_choices":[{"data":"Infernal Blade","floor":6,"key":"SMITH"},{"data":"Shrug It Off","floor":10,"key":"SMITH"},{"floor":15,"key":"REST"},{"floor":23,"key":"REST"},{"floor":28,"key":"REST"}],"neow_cost":"NONE","seed_source_timestamp":209580322200,"circlet_count":0,"master_deck":["AscendersBane","Strike_R","Strike_R","Strike_R","Defend_R","Defend_R","Defend_R","Defend_R","Bash+1","Infernal Blade+1","Headbutt","Shrug It Off+1","Heavy Blade","Fire Breathing","Shrug It Off","True Grit","Reaper","Carnage","Spot Weakness","Twin Strike","Armaments","Metallicize+1","Thunderclap"],"relics":["Burning Blood","Paper Frog","Bronze Scales","Mark of Pain","Medical Kit","Dodecahedron"],"potions_floor_usage":[7,8,16,16,18,29,29,29,30],"damage_taken":[{"damage":2,"enemies":"2 Louse","floor":1,"turns":3},{"damage":1,"enemies":"Cultist","floor":2,"turns":3},{"damage":5,"enemies":"Small Slimes","floor":4,"turns":3},{"damage":27,"enemies":"Gremlin Gang","floor":5,"turns":5},{"damage":16,"enemies":"Exordium Thugs","floor":7,"turns":5},{"damage":47,"enemies":"3 Sentries","floor":8,"turns":12},{"damage":13,"enemies":"Blue Slaver","floor":12,"turns":2},{"damage":0,"enemies":"2 Fungi Beasts","floor":13,"turns":3},{"damage":8,"enemies":"The Guardian","floor":16,"turns":11},{"damage":1,"enemies":"Chosen","floor":18,"turns":3},{"damage":3,"enemies":"2 Thieves","floor":19,"turns":4},{"damage":36,"enemies":"Centurion and Healer","floor":20,"turns":6},{"damage":54,"enemies":"Snake Plant","floor":24,"turns":5},{"damage":11,"enemies":"Sentry and Sphere","floor":25,"turns":3},{"damage":24,"enemies":"Cultist and Chosen","floor":29,"turns":9},{"damage":33,"enemies":"Gremlin Leader","floor":30,"turns":5}],"seed_played":"-243002881654318391","potions_obtained":[{"floor":0,"key":"Ancient Potion"},{"floor":0,"key":"BloodPotion"},{"floor":12,"key":"Energy Potion"},{"floor":13,"key":"Weak Potion"},{"floor":16,"key":"Fire Potion"},{"floor":20,"key":"GamblersBrew"},{"floor":24,"key":"EntropicBrew"},{"floor":25,"key":"Explosive Potion"},{"floor":27,"key":"Weak Potion"}],"is_trial":false,"path_per_floor":["M","M","?","M","M","R","M","E","T","R","?","M","M","?","R","B",null,"M","M","M","$","?","R","M","M","T","?","R","M","E"],"character_chosen":"IRONCLAD","items_purchased":["Medical Kit","Twin Strike"],"campfire_rested":3,"item_purchase_floors":[21,21],"current_hp_per_floor":[72,75,75,75,54,54,44,21,21,21,21,14,20,25,49,47,72,77,80,58,58,35,60,16,11,11,11,36,18,0],"gold":103,"neow_bonus":"THREE_SMALL_POTIONS","is_prod":false,"is_daily":false,"chose_seed":false,"campfire_upgraded":2,"win_rate":0,"timestamp":1564253370,"path_taken":["M","M","?","M","M","R","M","E","T","R","?","M","?","?","R","BOSS","M","M","M","$","?","R","M","M","T","?","R","M","E"],"build_version":"2019-07-17","purchased_purges":1,"victory":false,"max_hp_per_floor":[75,75,75,75,75,75,75,75,75,75,75,75,75,80,80,80,80,80,80,80,80,85,85,85,85,85,85,85,85,85],"card_choices":[{"not_picked":["Havoc","Body Slam","Evolve"],"picked":"SKIP","floor":1},{"not_picked":["Havoc","Burning Pact"],"picked":"Infernal Blade","floor":2},{"not_picked":["Armaments","Sword Boomerang"],"picked":"Headbutt","floor":4},{"not_picked":["True Grit","Havoc"],"picked":"Shrug It Off","floor":5},{"not_picked":["Dark Embrace","Feel No Pain","Heavy Blade"],"picked":"SKIP","floor":7},{"not_picked":["Blood for Blood","Havoc"],"picked":"Heavy Blade","floor":8},{"not_picked":["Heavy Blade","Sentinel"],"picked":"Shrug It Off","floor":12},{"not_picked":["Bloodletting","Barricade"],"picked":"True Grit","floor":13},{"not_picked":["Demon Form","Brutality"],"picked":"Reaper","floor":16},{"not_picked":["Heavy Blade","Shrug It Off"],"picked":"Carnage","floor":18},{"not_picked":["Rupture","Reckless Charge","Ghostly Armor"],"picked":"SKIP","floor":19},{"not_picked":["Infernal Blade","Shrug It Off"],"picked":"Spot Weakness","floor":20},{"not_picked":["Pommel Strike+1","Sword Boomerang"],"picked":"Armaments","floor":24},{"not_picked":["Heavy Blade","Warcry"],"picked":"Metallicize+1","floor":25},{"not_picked":["Shockwave","True Grit"],"picked":"Thunderclap","floor":29}],"player_experience":442883,"relics_obtained":[{"floor":8,"key":"Paper Frog"},{"floor":9,"key":"Bronze Scales"},{"floor":26,"key":"Dodecahedron"}],"event_choices":[{"damage_healed":0,"gold_gain":0,"player_choice":"Grow","damage_taken":0,"max_hp_gain":0,"max_hp_loss":0,"event_name":"Living Wall","floor":3,"gold_loss":0,"cards_upgraded":["Bash"]},{"damage_healed":0,"gold_gain":0,"cards_transformed":["Strike_R"],"player_choice":"Transformed","damage_taken":0,"max_hp_gain":0,"max_hp_loss":0,"event_name":"Transmorgrifier","floor":11,"gold_loss":0,"cards_obtained":["Fire Breathing"]},{"damage_healed":0,"gold_gain":0,"player_choice":"Donut","damage_taken":0,"max_hp_gain":5,"max_hp_loss":0,"event_name":"Big Fish","floor":14,"gold_loss":0},{"damage_healed":0,"gold_gain":0,"player_choice":"Shed Blood","damage_taken":28,"max_hp_gain":5,"max_hp_loss":0,"event_name":"Forgotten Altar","floor":22,"gold_loss":0},{"damage_healed":0,"gold_gain":0,"player_choice":"Bought 1 Potion","damage_taken":0,"max_hp_gain":0,"max_hp_loss":0,"event_name":"The Woman in Blue","floor":27,"gold_loss":0}],"is_beta":false,"boss_relics":[{"not_picked":["Ectoplasm","Runic Dome"],"picked":"Mark of Pain"}],"items_purged_floors":[21],"is_endless":false,"potions_floor_spawned":[5,12,13,16,20,24,25],"killed_by":"Gremlin Leader","ascension_level":18}