{"gold_per_floor":[216,231,231,309,46,46,60,60,60,85,85,99,131,151,151,249,249,249,249,9,9,9,9,9,9,9,9,9,9,9,9,9,9,9,9,9,9,9],"floor_reached":38,"playtime":2501,"items_purged":["Strike_R"],"score":618,"play_id":"f13e13c2-5c09-4370-839b-675457486006","local_time":"20190519154023","is_ascension_mode":true,"campfire_choices":[{"data":"Searing Blow","floor":6,"key":"SMITH"},{"data":"Apotheosis","floor":8,"key":"SMITH"},{"data":"Searing Blow+1","floor":11,"key":"SMITH"},{"data":"Searing Blow+2","floor":15,"key":"SMITH"},{"data":"Searing Blow+3","floor":23,"key":"SMITH"},{"data":"Searing Blow+4","floor":32,"key":"SMITH"}],"neow_cost":"NONE","seed_source_timestamp":13671275026300,"circlet_count":0,"master_deck":["AscendersBane","Strike_R","Strike_R+1","Strike_R","Strike_R","Defend_R","Defend_R+1","Defend_R","Defend_R","Bash","Searing Blow+5","Iron Wave","Apotheosis+1","Headbutt","True Grit","Battle Trance","Armaments","Offering","Flame Barrier","Whirlwind","Ghostly Armor","Double Tap","Spot Weakness+1"],"relics":["Black Blood","Mercury Hourglass","Omamori","Pantograph","Ectoplasm","ClockworkSouvenir","Dodecahedron"],"potions_floor_usage":[2,13,13,16,18,28,33],"damage_taken":[{"damage":20,"enemies":"Jaw Worm","floor":1,"turns":5},{"damage":5,"enemies":"Small Slimes","floor":2,"turns":2},{"damage":7,"enemies":"2 Louse","floor":7,"turns":3},{"damage":17,"enemies":"Lagavulin","floor":10,"turns":6},{"damage":7,"enemies":"Exordium Wildlife","floor":12,"turns":3},{"damage":8,"enemies":"Gremlin Nob","floor":13,"turns":3},{"damage":2,"enemies":"Large Slime","floor":14,"turns":6},{"damage":33,"enemies":"Hexaghost","floor":16,"turns":9},{"damage":13,"enemies":"3 Byrds","floor":18,"turns":4},{"damage":15,"enemies":"Shell Parasite","floor":24,"turns":4},{"damage":6,"enemies":"Snake Plant","floor":27,"turns":3},{"damage":1,"enemies":"Shelled Parasite and Fungi","floor":28,"turns":4},{"damage":6,"enemies":"Cultist and Chosen","floor":30,"turns":4},{"damage":6,"enemies":"Colosseum Slavers","floor":31,"turns":5},{"damage":17,"enemies":"Collector","floor":33,"turns":5},{"damage":10,"enemies":"3 Shapes","floor":35,"turns":5},{"damage":38,"enemies":"3 Darklings","floor":36,"turns":5},{"damage":14,"enemies":"4 Shapes","floor":37,"turns":6},{"damage":70,"enemies":"Transient","floor":38,"turns":5}],"seed_played":"8763313335989225502","potions_obtained":[{"floor":1,"key":"Energy Potion"},{"floor":7,"key":"SteroidPotion"},{"floor":12,"key":"BloodPotion"},{"floor":14,"key":"AttackPotion"},{"floor":16,"key":"AttackPotion"},{"floor":18,"key":"Regen Potion"},{"floor":27,"key":"Fire Potion"},{"floor":30,"key":"Dexterity Potion"},{"floor":36,"key":"Ancient Potion"}],"is_trial":false,"path_per_floor":["M","M","?","?","$","R","M","R","T","E","R","M","E","M","R","B",null,"M","?","$","?","$","R","M","?","T","M","M","$","M","?","R","B",null,"M","M","M","M"],"character_chosen":"IRONCLAD","items_purchased":["Apotheosis","ClockworkSouvenir","Whirlwind"],"campfire_rested":0,"item_purchase_floors":[5,20,20],"current_hp_per_floor":[58,59,43,43,43,43,42,42,42,31,31,30,36,40,40,38,70,63,48,48,76,76,76,67,67,67,67,84,84,84,84,84,74,82,82,54,50,0],"gold":9,"neow_bonus":"HUNDRED_GOLD","is_prod":false,"is_daily":false,"chose_seed":false,"campfire_upgraded":6,"win_rate":0,"timestamp":1558294823,"path_taken":["M","M","?","?","?","R","M","R","T","E","R","M","E","M","R","BOSS","M","?","$","?","?","R","M","?","T","M","M","$","M","?","R","BOSS","M","M","M","M"],"build_version":"2019-01-23","purchased_purges":1,"victory":false,"max_hp_per_floor":[80,80,80,80,80,80,80,80,80,80,80,80,80,80,80,80,80,80,85,85,85,85,85,85,85,85,85,85,85,85,85,85,85,85,85,85,85,85],"card_choices":[{"not_picked":["Flex","Body Slam"],"picked":"Searing Blow","floor":1},{"not_picked":["Heavy Blade","Burning Pact"],"picked":"Iron Wave","floor":2},{"not_picked":["Burning Pact","Hemokinesis","Power Through"],"picked":"SKIP","floor":7},{"not_picked":["Reckless Charge","Clash"],"picked":"Headbutt","floor":10},{"not_picked":["Seeing Red","Clash"],"picked":"True Grit","floor":12},{"not_picked":["Burning Pact","Infernal Blade"],"picked":"Battle Trance","floor":13},{"not_picked":["Thunderclap","Berserk"],"picked":"Armaments","floor":14},{"not_picked":["Barricade","Demon Form"],"picked":"Offering","floor":16},{"not_picked":["Intimidate","Uppercut"],"picked":"Flame Barrier","floor":18},{"not_picked":["Spot Weakness","Flex","Anger"],"picked":"SKIP","floor":24},{"not_picked":["Perfected Strike","Battle Trance"],"picked":"Ghostly Armor","floor":27},{"not_picked":["Armaments","Flex","Combust"],"picked":"SKIP","floor":28},{"not_picked":["Body Slam","Bludgeon","Warcry+1"],"picked":"SKIP","floor":30},{"not_picked":["Fiend Fire","Demon Form"],"picked":"Double Tap","floor":33},{"not_picked":["Clothesline+1","Iron Wave+1","Anger"],"picked":"SKIP","floor":35},{"not_picked":["Pommel Strike","Clash+1"],"picked":"Spot Weakness+1","floor":36},{"not_picked":["Dark Embrace","Spot Weakness+1","Sword Boomerang"],"picked":"SKIP","floor":37}],"player_experience":312341,"relics_obtained":[{"floor":9,"key":"Mercury Hourglass"},{"floor":10,"key":"Omamori"},{"floor":13,"key":"Pantograph"},{"floor":26,"key":"Dodecahedron"}],"event_choices":[{"damage_healed":0,"gold_gain":0,"player_choice":"Entered Light","damage_taken":16,"max_hp_gain":0,"max_hp_loss":0,"event_name":"Shining Light","floor":3,"gold_loss":0,"cards_upgraded":["Strike_R","Defend_R"]},{"damage_healed":0,"gold_gain":78,"player_choice":"Gained Gold","damage_taken":0,"max_hp_gain":0,"max_hp_loss":0,"event_name":"Golden Wing","floor":4,"gold_loss":0},{"damage_healed":0,"gold_gain":0,"player_choice":"Shed Blood","damage_taken":20,"max_hp_gain":5,"max_hp_loss":0,"event_name":"Forgotten Altar","floor":19,"gold_loss":0},{"damage_healed":28,"gold_gain":0,"player_choice":"Heal","damage_taken":0,"max_hp_gain":0,"max_hp_loss":0,"event_name":"The Library","floor":21,"gold_loss":0},{"damage_healed":0,"gold_gain":0,"player_choice":"Ignored","damage_taken":0,"max_hp_gain":0,"max_hp_loss":0,"event_name":"Vampires","floor":25,"gold_loss":0},{"damage_healed":0,"gold_gain":0,"player_choice":"Fight","damage_taken":0,"max_hp_gain":0,"max_hp_loss":0,"event_name":"Colosseum","floor":31,"gold_loss":0},{"damage_healed":0,"gold_gain":0,"player_choice":"Fled From Nobs","damage_taken":0,"max_hp_gain":0,"max_hp_loss":0,"event_name":"Colosseum","floor":31,"gold_loss":0}],"is_beta":false,"boss_relics":[{"not_picked":["Orrery","Snecko Eye"],"picked":"Ectoplasm"},{"not_picked":["Busted Crown","Coffee Dripper"],"picked":"Black Blood"}],"items_purged_floors":[5],"is_endless":false,"potions_floor_spawned":[1,7,12,14,16,18,27,30,36],"killed_by":"Transient","ascension_level":12}