{"gold_per_floor":[114,129,62,62,12,39,98,98,98,23,37,47,60,8,8,104,104,124,124,54,5,18,18,49,149,198,231,231,245,245,280,280,381,381,394,406,416,17,35,68,68,86,113,113,0,0,0,100,100,100],"floor_reached":51,"playtime":1892,"items_purged":["Strike_R","Strike_R"],"score":1190,"play_id":"5cb5ba04-ae24-4216-aad1-7ef5459dde05","local_time":"20190524201224","is_ascension_mode":true,"campfire_choices":[{"data":"True Grit","floor":8,"key":"SMITH"},{"data":"Inflame","floor":15,"key":"SMITH"},{"data":"Bash","floor":23,"key":"SMITH"},{"floor":28,"key":"REST"},{"data":"Metallicize","floor":30,"key":"SMITH"},{"data":"Iron Wave","floor":32,"key":"SMITH"},{"data":"Immolate","floor":41,"key":"SMITH"},{"data":"Anger","floor":44,"key":"SMITH"},{"data":"Inflame","floor":47,"key":"SMITH"},{"data":"Bludgeon","floor":49,"key":"SMITH"}],"neow_cost":"NONE","seed_source_timestamp":11408055496800,"circlet_count":0,"master_deck":["AscendersBane","Strike_R","Defend_R","Defend_R","Defend_R","Bash+1","Anger+1","Twin Strike","Inflame+1","True Grit+1","Sword Boomerang","Pommel Strike","Reaper","Armaments+1","Feed","Disarm+1","Metallicize+1","Iron Wave+1","Clothesline+1","Iron Wave+1","Shockwave+1","Flame Barrier+1","Bludgeon+1","True Grit+1","Parasite","Inflame+1","Immolate+1"],"relics":["Black Blood","Pen Nib","Pocketwatch","Toxic Egg 2","Juzu Bracelet","Mark of Pain","Incense Burner","Ancient Tea Set","Bird Faced Urn","Bottled Lightning","Happy Flower","Bag of Preparation","Question Card","Whetstone","Red Mask","Mango"],"potions_floor_usage":[7,24,27,29,33,36,40,50],"damage_taken":[{"damage":8,"enemies":"Jaw Worm","floor":1,"turns":4},{"damage":5,"enemies":"2 Louse","floor":2,"turns":3},{"damage":25,"enemies":"Lagavulin","floor":6,"turns":7},{"damage":13,"enemies":"3 Sentries","floor":7,"turns":8},{"damage":0,"enemies":"Small Slimes","floor":11,"turns":2},{"damage":8,"enemies":"Blue Slaver","floor":12,"turns":3},{"damage":22,"enemies":"Gremlin Gang","floor":13,"turns":4},{"damage":35,"enemies":"Slime Boss","floor":16,"turns":10},{"damage":23,"enemies":"Shell Parasite","floor":18,"turns":3},{"damage":1,"enemies":"Spheric Guardian","floor":22,"turns":3},{"damage":27,"enemies":"Book of Stabbing","floor":24,"turns":7},{"damage":79,"enemies":"Gremlin Leader","floor":27,"turns":6},{"damage":22,"enemies":"Snake Plant","floor":29,"turns":7},{"damage":17,"enemies":"Slavers","floor":31,"turns":5},{"damage":40,"enemies":"Automaton","floor":33,"turns":11},{"damage":1,"enemies":"Orb Walker","floor":35,"turns":3},{"damage":12,"enemies":"3 Darklings","floor":36,"turns":5},{"damage":31,"enemies":"Spire Growth","floor":37,"turns":7},{"damage":11,"enemies":"Writhing Mass","floor":39,"turns":7},{"damage":60,"enemies":"Reptomancer","floor":40,"turns":7},{"damage":0,"enemies":"3 Darklings","floor":42,"turns":1},{"damage":2,"enemies":"Mind Bloom Boss Battle","floor":48,"turns":6},{"damage":65,"enemies":"Awakened One","floor":50,"turns":17}],"seed_played":"-3351506467227996892","potions_obtained":[{"floor":2,"key":"SkillPotion"},{"floor":6,"key":"Dexterity Potion"},{"floor":7,"key":"Weak Potion"},{"floor":24,"key":"Weak Potion"},{"floor":27,"key":"Regen Potion"},{"floor":35,"key":"EssenceOfSteel"},{"floor":39,"key":"SkillPotion"},{"floor":40,"key":"Regen Potion"}],"is_trial":false,"path_per_floor":["M","M","$","?","?","E","?","R","T","$","M","M","M","$","R","B",null,"M","?","$","$","M","R","E","?","T","E","R","M","R","E","R","B",null,"M","M","M","$","M","E","R","M","T","R","?","?","R","?","R","B",null],"character_chosen":"IRONCLAD","items_purchased":["Inflame","Armaments+1","Metallicize","Iron Wave","Happy Flower","Bag of Preparation"],"campfire_rested":1,"item_purchase_floors":[3,14,20,21,38,38],"current_hp_per_floor":[78,79,79,76,76,57,50,50,50,50,56,54,38,38,38,23,72,66,66,66,66,74,74,60,60,60,8,36,44,44,55,55,32,82,98,98,90,90,102,68,68,80,80,80,80,80,80,116,116,82],"gold":100,"neow_bonus":"TEN_PERCENT_HP_BONUS","is_prod":false,"is_daily":false,"chose_seed":false,"campfire_upgraded":9,"win_rate":0,"timestamp":1558743144,"path_taken":["M","M","$","?","?","E","?","R","T","?","M","M","M","$","R","BOSS","M","?","?","$","M","R","E","?","T","E","R","M","R","E","R","BOSS","M","M","M","$","M","E","R","M","T","R","?","?","R","?","R","BOSS"],"build_version":"2019-01-23","purchased_purges":2,"victory":true,"max_hp_per_floor":[88,88,88,88,88,88,88,88,88,88,88,88,88,88,88,88,88,91,91,91,91,94,94,94,94,94,94,94,94,94,98,98,98,98,98,98,98,98,102,102,102,102,102,102,102,102,102,116,116,116],"card_choices":[{"not_picked":["Heavy Blade","Combust"],"picked":"Anger","floor":1},{"not_picked":["Headbutt","Sword Boomerang"],"picked":"Twin Strike","floor":2},{"not_picked":["Ghostly Armor","Second Wind"],"picked":"True Grit","floor":6},{"not_picked":["Wild Strike","Clash"],"picked":"Sword Boomerang","floor":7},{"not_picked":["Cleave","Combust"],"picked":"Pommel Strike","floor":11},{"not_picked":["Reckless Charge","Perfected Strike","Clothesline"],"picked":"SKIP","floor":12},{"not_picked":["Entrench+1","Armaments+1"],"picked":"Reaper","floor":13},{"not_picked":["Reaper","Demon Form"],"picked":"Feed","floor":16},{"not_picked":["Sever Soul","True Grit+1"],"picked":"Disarm+1","floor":18},{"not_picked":["Headbutt","Thunderclap","Clash"],"picked":"SKIP","floor":22},{"not_picked":["Dual Wield+1","Pummel"],"picked":"Clothesline","floor":24},{"not_picked":["Burning Pact+1","Infernal Blade+1"],"picked":"Iron Wave","floor":27},{"not_picked":["Dual Wield+1","Carnage"],"picked":"Shockwave+1","floor":29},{"not_picked":["Shrug It Off+1","Flex+1"],"picked":"Flame Barrier+1","floor":31},{"not_picked":["Brutality","Dark Embrace"],"picked":"Bludgeon","floor":33},{"not_picked":["Warcry+1","Perfected Strike","Sentinel+1"],"picked":"SKIP","floor":35},{"not_picked":["Intimidate+1","Clash"],"picked":"True Grit+1","floor":36},{"not_picked":["Armaments+1","Anger","Body Slam"],"picked":"SKIP","floor":37},{"not_picked":["Clash","Anger"],"picked":"Inflame","floor":39},{"not_picked":["Seeing Red+1","Warcry+1"],"picked":"Immolate","floor":40},{"not_picked":["Intimidate+1","Wild Strike","Whirlwind","Clash"],"picked":"SKIP","floor":42}],"player_experience":345500,"relics_obtained":[{"floor":6,"key":"Pocketwatch"},{"floor":7,"key":"Toxic Egg 2"},{"floor":9,"key":"Juzu Bracelet"},{"floor":24,"key":"Incense Burner"},{"floor":26,"key":"Ancient Tea Set"},{"floor":27,"key":"Bird Faced Urn"},{"floor":31,"key":"Bottled Lightning"},{"floor":40,"key":"Question Card"},{"floor":43,"key":"Whetstone"},{"floor":48,"key":"Mango"}],"event_choices":[{"damage_healed":0,"gold_gain":0,"player_choice":"Success","damage_taken":3,"relics_obtained":["Pen Nib"],"max_hp_gain":0,"max_hp_loss":0,"event_name":"Scrap Ooze","floor":4,"gold_loss":0},{"cards_removed":["Strike_R"],"damage_healed":0,"gold_gain":0,"player_choice":"Card Removal","damage_taken":0,"max_hp_gain":0,"max_hp_loss":0,"event_name":"The Cleric","floor":5,"gold_loss":50},{"damage_healed":0,"gold_gain":0,"player_choice":"Searched \u00271\u0027 times","damage_taken":0,"max_hp_gain":0,"max_hp_loss":0,"event_name":"Dead Adventurer","floor":7,"gold_loss":0},{"cards_removed":["Strike_R"],"damage_healed":0,"gold_gain":0,"player_choice":"Offered Basic","damage_taken":0,"max_hp_gain":0,"max_hp_loss":0,"event_name":"Bonfire Elementals","floor":19,"gold_loss":0},{"damage_healed":0,"gold_gain":100,"player_choice":"Pray","damage_taken":0,"max_hp_gain":0,"max_hp_loss":0,"event_name":"Golden Shrine","floor":25,"gold_loss":0},{"damage_healed":0,"gold_gain":0,"player_choice":"Paid","damage_taken":0,"relics_obtained":["Red Mask"],"max_hp_gain":0,"max_hp_loss":0,"event_name":"Tomb of Lord Red Mask","floor":45,"gold_loss":113},{"cards_removed":["Defend_R"],"damage_healed":0,"gold_gain":0,"player_choice":"Removed Skill","damage_taken":0,"max_hp_gain":0,"max_hp_loss":0,"event_name":"Falling","floor":46,"gold_loss":0},{"damage_healed":0,"gold_gain":0,"player_choice":"Fight","damage_taken":0,"max_hp_gain":0,"max_hp_loss":0,"event_name":"MindBloom","floor":48,"gold_loss":0}],"is_beta":false,"boss_relics":[{"not_picked":["Snecko Eye","Ectoplasm"],"picked":"Mark of Pain"},{"not_picked":["Tiny House","Philosopher\u0027s Stone"],"picked":"Black Blood"}],"items_purged_floors":[10,38],"is_endless":false,"potions_floor_spawned":[2,6,7,18,24,27,35,39,40],"ascension_level":12}