{"gold_per_floor":[119,119,38,52,52,52,65,95,95,123,136,156,156,171,171,276,276,291,304,354,369,138,170,170,189,189,189,220,220,220,234,234,234],"floor_reached":33,"playtime":1093,"items_purged":["Strike_R"],"score":475,"play_id":"a18a387f-70c8-4c7b-be54-17ee9ae7dbb3","local_time":"20190521171416","is_ascension_mode":true,"campfire_choices":[{"data":"Pommel Strike","floor":6,"key":"SMITH"},{"data":"Flame Barrier","floor":13,"key":"SMITH"},{"data":"Uppercut","floor":15,"key":"SMITH"},{"floor":24,"key":"REST"},{"floor":27,"key":"REST"},{"data":"Rage","floor":29,"key":"SMITH"},{"data":"Shrug It Off","floor":32,"key":"SMITH"}],"neow_cost":"NONE","seed_source_timestamp":1146532894500,"circlet_count":0,"master_deck":["AscendersBane","Strike_R","Strike_R","Strike_R","Strike_R","Defend_R","Defend_R","Defend_R","Defend_R","Bash+1","Pommel Strike+1","Rampage+1","Twin Strike","Flame Barrier+1","Uppercut+1","Rage+1","Battle Trance","Iron Wave","Fiend Fire","Headbutt","Disarm","Shrug It Off+1"],"relics":["Burning Blood","Thread and Needle","Kunai","Bird Faced Urn","Bottled Flame","Eternal Feather","Oddly Smooth Stone","Vajra","Question Card","Omamori"],"potions_floor_usage":[8,16,23,33,33],"damage_taken":[{"damage":5,"enemies":"2 Louse","floor":1,"turns":3},{"damage":0,"enemies":"Small Slimes","floor":4,"turns":3},{"damage":3,"enemies":"Jaw Worm","floor":7,"turns":3},{"damage":16,"enemies":"Lagavulin","floor":8,"turns":6},{"damage":17,"enemies":"Gremlin Nob","floor":10,"turns":4},{"damage":4,"enemies":"Red Slaver","floor":11,"turns":2},{"damage":0,"enemies":"2 Fungi Beasts","floor":12,"turns":4},{"damage":8,"enemies":"Large Slime","floor":14,"turns":5},{"damage":13,"enemies":"Slime Boss","floor":16,"turns":13},{"damage":0,"enemies":"Chosen","floor":18,"turns":4},{"damage":17,"enemies":"Shell Parasite","floor":19,"turns":7},{"damage":5,"enemies":"Centurion and Healer","floor":21,"turns":8},{"damage":69,"enemies":"Slavers","floor":23,"turns":6},{"damage":7,"enemies":"Snake Plant","floor":25,"turns":4},{"damage":20,"enemies":"Book of Stabbing","floor":28,"turns":7},{"damage":10,"enemies":"Chosen and Byrds","floor":31,"turns":6},{"damage":91,"enemies":"Collector","floor":33,"turns":7}],"seed_played":"-4815391673735233420","potions_obtained":[{"floor":4,"key":"PowerPotion"},{"floor":8,"key":"GamblersBrew"},{"floor":12,"key":"Dexterity Potion"},{"floor":16,"key":"PowerPotion"},{"floor":28,"key":"SkillPotion"}],"is_trial":false,"path_per_floor":["M","?","$","M","?","R","M","E","T","E","M","M","R","M","R","B",null,"M","M","?","M","$","E","R","M","T","R","E","R","?","M","R","B"],"character_chosen":"IRONCLAD","items_purchased":["Rampage","Oddly Smooth Stone"],"campfire_rested":2,"item_purchase_floors":[3,22],"current_hp_per_floor":[73,66,66,72,72,72,75,65,65,54,56,62,62,60,60,53,73,79,68,68,69,69,8,44,43,43,79,65,77,62,58,70,0],"gold":234,"neow_bonus":"UPGRADE_CARD","is_prod":false,"is_daily":false,"chose_seed":false,"campfire_upgraded":5,"win_rate":0,"timestamp":1558473256,"path_taken":["M","?","$","M","?","R","M","E","T","E","M","M","R","M","R","BOSS","M","M","?","M","$","E","R","?","T","R","E","R","?","M","R","BOSS"],"build_version":"2019-01-23","purchased_purges":1,"victory":false,"max_hp_per_floor":[80,80,80,80,80,80,80,80,80,80,80,80,80,80,80,80,80,80,80,80,80,80,80,80,80,80,80,80,80,85,85,85,85],"card_choices":[{"not_picked":["Armaments","Body Slam"],"picked":"Pommel Strike","floor":1},{"not_picked":["Heavy Blade","Anger"],"picked":"Twin Strike","floor":4},{"not_picked":["Warcry","Thunderclap"],"picked":"Flame Barrier","floor":7},{"not_picked":["Dropkick","Sever Soul"],"picked":"Uppercut","floor":8},{"not_picked":["Warcry","Spot Weakness"],"picked":"Rage","floor":10},{"not_picked":["Infernal Blade","Evolve","Berserk"],"picked":"SKIP","floor":11},{"not_picked":["Flame Barrier","Combust"],"picked":"Battle Trance","floor":12},{"not_picked":["Rupture","Blood for Blood"],"picked":"Iron Wave","floor":14},{"not_picked":["Limit Break","Bludgeon"],"picked":"Fiend Fire","floor":16},{"not_picked":["Battle Trance","Havoc+1"],"picked":"Headbutt","floor":18},{"not_picked":["Twin Strike","Havoc","Reckless Charge"],"picked":"SKIP","floor":19},{"not_picked":["Power Through","Wild Strike","Flex"],"picked":"SKIP","floor":21},{"not_picked":["Combust","Cleave","Thunderclap+1"],"picked":"SKIP","floor":23},{"not_picked":["Dropkick","Pommel Strike"],"picked":"Disarm","floor":25},{"not_picked":["Anger","Double Tap","Heavy Blade+1"],"picked":"Shrug It Off","floor":28},{"not_picked":["Headbutt","Thunderclap","Pummel","Intimidate"],"picked":"SKIP","floor":31}],"player_experience":338002,"relics_obtained":[{"floor":8,"key":"Kunai"},{"floor":9,"key":"Bird Faced Urn"},{"floor":10,"key":"Bottled Flame"},{"floor":23,"key":"Vajra"},{"floor":26,"key":"Question Card"},{"floor":28,"key":"Omamori"}],"event_choices":[{"damage_healed":0,"gold_gain":0,"player_choice":"Success","damage_taken":7,"relics_obtained":["Thread and Needle"],"max_hp_gain":0,"max_hp_loss":0,"event_name":"Scrap Ooze","floor":2,"gold_loss":0},{"damage_healed":0,"gold_gain":0,"player_choice":"Grow","damage_taken":0,"max_hp_gain":0,"max_hp_loss":0,"event_name":"Living Wall","floor":5,"gold_loss":0,"cards_upgraded":["Rampage"]},{"damage_healed":0,"gold_gain":100,"player_choice":"Bet on Murderer","damage_taken":0,"max_hp_gain":0,"max_hp_loss":0,"event_name":"The Joust","floor":20,"gold_loss":50},{"damage_healed":0,"gold_gain":0,"player_choice":"Shed Blood","damage_taken":20,"max_hp_gain":5,"max_hp_loss":0,"event_name":"Forgotten Altar","floor":30,"gold_loss":0}],"is_beta":false,"boss_relics":[{"not_picked":["Calling Bell","Runic Pyramid"],"picked":"Eternal Feather"}],"items_purged_floors":[22],"is_endless":false,"potions_floor_spawned":[4,8,12,16,18,21,28],"killed_by":"Collector","ascension_level":12}