{"gold_per_floor":[117,117,136,0,13,13,45,59,135,170,170,183,183,148,148,243,243,263,263,279,194,212,212,226,238,261,0,0,12,23,43,43,43],"floor_reached":33,"playtime":1411,"items_purged":[],"score":300,"play_id":"f0adb07c-f70e-4049-aa9b-16061ab2ccd8","local_time":"20190406152509","is_ascension_mode":true,"campfire_choices":[{"data":"Streamline","floor":6,"key":"SMITH"},{"floor":11,"key":"REST"},{"data":"1","floor":13,"key":"LIFT"},{"data":"2","floor":15,"key":"LIFT"},{"data":"3","floor":23,"key":"LIFT"},{"floor":28,"key":"REST"},{"floor":32,"key":"REST"}],"neow_cost":"NONE","seed_source_timestamp":112686738000,"circlet_count":0,"master_deck":["Strike_B","Strike_B","Strike_B","Defend_B","Defend_B","Defend_B","Defend_B","Zap","Dualcast","Multi-Cast","Gash","Stack","Doom and Gloom","Seek","Streamline+1","Loop","Redo","Compile Driver","Cold Snap","Electrodynamics","Hello World","Capacitor","Double Energy+1","Conserve Battery","Glacier","White Noise+1","Ball Lightning","Conserve Battery"],"relics":["Cracked Core","Girya","Symbiotic Virus","Boot","Nuclear Battery","Oddly Smooth Stone","Happy Flower"],"potions_floor_usage":[7,10,10,16,22,24,25],"damage_taken":[{"damage":2,"enemies":"2 Louse","floor":1,"turns":3},{"damage":1,"enemies":"Cultist","floor":3,"turns":3},{"damage":2,"enemies":"Jaw Worm","floor":5,"turns":3},{"damage":18,"enemies":"Gremlin Nob","floor":7,"turns":3},{"damage":15,"enemies":"Exordium Thugs","floor":8,"turns":4},{"damage":15,"enemies":"3 Sentries","floor":10,"turns":4},{"damage":18,"enemies":"Red Slaver","floor":12,"turns":3},{"damage":21,"enemies":"Hexaghost","floor":16,"turns":6},{"damage":5,"enemies":"Chosen","floor":18,"turns":3},{"damage":19,"enemies":"Shell Parasite","floor":20,"turns":5},{"damage":0,"enemies":"3 Cultists","floor":22,"turns":2},{"damage":16,"enemies":"Chosen and Byrds","floor":24,"turns":4},{"damage":16,"enemies":"Snake Plant","floor":25,"turns":2},{"damage":1,"enemies":"3 Cultists","floor":29,"turns":3},{"damage":4,"enemies":"Snecko","floor":30,"turns":4},{"damage":16,"enemies":"Snake Plant","floor":31,"turns":3},{"damage":47,"enemies":"Champ","floor":33,"turns":5}],"seed_played":"1275562818087582277","potions_obtained":[{"floor":1,"key":"SteroidPotion"},{"floor":2,"key":"Explosive Potion"},{"floor":2,"key":"Swift Potion"},{"floor":7,"key":"AttackPotion"},{"floor":12,"key":"SneckoOil"},{"floor":18,"key":"Explosive Potion"},{"floor":22,"key":"LiquidBronze"},{"floor":24,"key":"SteroidPotion"}],"is_trial":false,"path_per_floor":["M","?","M","$","M","R","E","M","T","E","R","M","R","?","R","B",null,"M","?","M","?","M","R","M","M","T","?","R","M","M","M","R","B"],"character_chosen":"DEFECT","items_purchased":["Doom and Gloom","Seek"],"campfire_rested":3,"item_purchase_floors":[4,4],"current_hp_per_floor":[73,73,72,72,70,70,52,37,37,22,44,26,26,44,44,23,75,70,70,51,51,51,51,35,19,19,19,41,40,36,20,42,0],"gold":43,"neow_bonus":"ONE_RANDOM_RARE_CARD","is_prod":false,"is_daily":false,"chose_seed":false,"campfire_upgraded":1,"win_rate":0,"timestamp":1554578709,"path_taken":["M","?","?","?","?","R","E","M","T","E","R","M","R","?","R","BOSS","M","?","?","?","M","R","M","M","T","?","R","M","M","M","R","BOSS"],"build_version":"2019-01-23","purchased_purges":0,"victory":false,"max_hp_per_floor":[75,75,75,75,75,75,75,75,75,75,75,75,75,75,75,75,75,75,75,75,75,75,75,75,75,75,75,75,75,75,75,75,75],"card_choices":[{"not_picked":["Rebound","Redo"],"picked":"Gash","floor":1},{"not_picked":["Rebound","Lockon"],"picked":"Stack","floor":3},{"not_picked":["Compile Driver","Turbo"],"picked":"Streamline","floor":5},{"not_picked":["Turbo","Buffer"],"picked":"Loop","floor":7},{"not_picked":["Rebound","Steam Power"],"picked":"Redo","floor":8},{"not_picked":["Blizzard","Streamline"],"picked":"Compile Driver","floor":10},{"not_picked":["Rip and Tear","Rebound"],"picked":"Cold Snap","floor":12},{"not_picked":["Meteor Strike","Amplify"],"picked":"Electrodynamics","floor":16},{"not_picked":["Barrage","Cold Snap"],"picked":"Hello World","floor":18},{"not_picked":["Cold Snap","White Noise"],"picked":"Capacitor","floor":20},{"not_picked":["Streamline","Compile Driver+1"],"picked":"Double Energy+1","floor":22},{"not_picked":["Steam","Static Discharge"],"picked":"Conserve Battery","floor":24},{"not_picked":["Turbo","Rip and Tear"],"picked":"Glacier","floor":25},{"not_picked":["Biased Cognition","Force Field"],"picked":"White Noise+1","floor":29},{"not_picked":["Beam Cell","Double Energy"],"picked":"Ball Lightning","floor":30},{"not_picked":["Heatsinks+1","Streamline"],"picked":"Conserve Battery","floor":31}],"player_experience":87589,"relics_obtained":[{"floor":7,"key":"Girya"},{"floor":9,"key":"Symbiotic Virus"},{"floor":10,"key":"Boot"},{"floor":26,"key":"Happy Flower"}],"event_choices":[{"damage_healed":0,"gold_gain":0,"player_choice":"Got Potions","damage_taken":0,"max_hp_gain":0,"max_hp_loss":0,"event_name":"Lab","floor":2,"gold_loss":0},{"damage_healed":18,"gold_gain":0,"player_choice":"Healed","damage_taken":0,"max_hp_gain":0,"max_hp_loss":0,"event_name":"The Cleric","floor":14,"gold_loss":35},{"cards_removed":["Strike_B"],"damage_healed":0,"gold_gain":0,"player_choice":"Offered Basic","damage_taken":0,"max_hp_gain":0,"max_hp_loss":0,"event_name":"Bonfire Elementals","floor":19,"gold_loss":0},{"damage_healed":0,"gold_gain":0,"player_choice":"Obtained Relic","damage_taken":0,"relics_obtained":["Oddly Smooth Stone"],"max_hp_gain":0,"max_hp_loss":0,"event_name":"Addict","floor":21,"gold_loss":85},{"damage_healed":0,"gold_gain":0,"player_choice":"Paid Fearfully","damage_taken":0,"max_hp_gain":0,"max_hp_loss":0,"event_name":"Masked Bandits","floor":27,"gold_loss":261}],"is_beta":false,"boss_relics":[{"not_picked":["Fusion Hammer","Coffee Dripper"],"picked":"Nuclear Battery"}],"items_purged_floors":[],"is_endless":false,"potions_floor_spawned":[1,7,8,12,18,22,24],"killed_by":"Champ","ascension_level":3}