{"gold_per_floor":[114,76,87,87,40,74,74,74,143,198,210,235,247,143,143,234,234,254,254,24,47,67,67,85,85,85,85,10,10,28,28,28,28],"floor_reached":33,"playtime":656,"items_purged":["Clumsy"],"score":469,"play_id":"27851e59-f8ae-4675-8ea3-a024bde17f01","local_time":"20190607201001","is_ascension_mode":true,"campfire_choices":[{"data":"Bash","floor":7,"key":"SMITH"},{"data":"Rage","floor":11,"key":"SMITH"},{"data":"Perfected Strike","floor":13,"key":"SMITH"},{"data":"Metallicize","floor":15,"key":"SMITH"},{"data":"Shrug It Off","floor":23,"key":"SMITH"},{"data":"Whirlwind","floor":25,"key":"SMITH"},{"data":"Inflame","floor":32,"key":"SMITH"}],"neow_cost":"NONE","seed_source_timestamp":12070547811300,"circlet_count":0,"master_deck":["AscendersBane","Strike_R","Strike_R","Strike_R","Strike_R","Strike_R","Defend_R","Defend_R","Defend_R","Defend_R","Bash+1","Rage+1","Whirlwind+1","Clothesline","Perfected Strike+1","Twin Strike","Battle Trance","Shrug It Off+1","Metallicize+1","Feed","Pommel Strike","Warcry","Bandage Up","Shrug It Off","Twin Strike","Inflame+1"],"relics":["Burning Blood","NeowsBlessing","Bloody Idol","Bronze Scales","MawBank","Tiny Chest","Pen Nib","Cursed Key","Blood Vial","Strawberry"],"potions_floor_usage":[30,33,33],"damage_taken":[{"damage":0,"enemies":"Small Slimes","floor":1,"turns":1},{"damage":0,"enemies":"2 Louse","floor":3,"turns":1},{"damage":0,"enemies":"3 Sentries","floor":6,"turns":2},{"damage":28,"enemies":"Gremlin Nob","floor":10,"turns":4},{"damage":4,"enemies":"Jaw Worm","floor":12,"turns":3},{"damage":35,"enemies":"The Guardian","floor":16,"turns":11},{"damage":2,"enemies":"Chosen","floor":18,"turns":4},{"damage":3,"enemies":"Spheric Guardian","floor":21,"turns":3},{"damage":0,"enemies":"Snecko","floor":22,"turns":3},{"damage":4,"enemies":"Cultist and Chosen","floor":24,"turns":4},{"damage":33,"enemies":"Colosseum Slavers","floor":27,"turns":4},{"damage":16,"enemies":"Snake Plant","floor":30,"turns":2},{"damage":72,"enemies":"Collector","floor":33,"turns":6}],"seed_played":"-933902804710172998","potions_obtained":[{"floor":3,"key":"Strength Potion"},{"floor":10,"key":"Swift Potion"},{"floor":22,"key":"Fire Potion"},{"floor":30,"key":"LiquidBronze"}],"is_trial":false,"path_per_floor":["M","$","M","?","$","E","R","?","T","E","R","M","R","$","R","B",null,"M","?","$","M","M","R","M","R","T","?","$","?","M","$","R","B"],"character_chosen":"IRONCLAD","items_purchased":["Whirlwind","Perfected Strike","Shrug It Off","Metallicize","Blood Vial","Shrug It Off","Twin Strike"],"campfire_rested":0,"item_purchase_floors":[2,5,14,14,20,20,20],"current_hp_per_floor":[74,74,75,57,57,63,63,63,63,41,41,43,43,43,43,14,60,64,64,64,76,81,81,81,81,88,65,65,65,62,62,62,0],"gold":28,"neow_bonus":"THREE_ENEMY_KILL","is_prod":false,"is_daily":false,"chose_seed":false,"campfire_upgraded":7,"win_rate":0,"timestamp":1559952601,"path_taken":["M","$","M","?","$","E","R","?","T","E","R","M","R","?","R","BOSS","M","?","$","M","?","R","M","R","T","?","$","?","M","?","R","BOSS"],"build_version":"2019-01-23","purchased_purges":1,"victory":false,"max_hp_per_floor":[75,75,75,75,75,75,75,75,75,75,75,75,75,75,75,75,75,75,75,75,78,81,81,81,81,88,88,88,88,88,88,88,88],"card_choices":[{"not_picked":["Clash","Reckless Charge"],"picked":"Rage","floor":1},{"not_picked":["Flex","Dropkick"],"picked":"Clothesline","floor":3},{"not_picked":["Cleave","Clothesline"],"picked":"Twin Strike","floor":6},{"not_picked":["Body Slam","Second Wind","Thunderclap"],"picked":"SKIP","floor":10},{"not_picked":["True Grit","Body Slam"],"picked":"Battle Trance","floor":12},{"not_picked":["Exhume","Bludgeon"],"picked":"Feed","floor":16},{"not_picked":["Combust","Twin Strike"],"picked":"Pommel Strike","floor":18},{"not_picked":["Entrench","Sever Soul"],"picked":"Inflame","floor":21},{"not_picked":["Anger","Hemokinesis","Wild Strike+1"],"picked":"SKIP","floor":22},{"not_picked":["Intimidate","Cleave","Blood for Blood+1"],"picked":"SKIP","floor":24},{"not_picked":["Cleave+1","Entrench","Clash"],"picked":"SKIP","floor":30}],"player_experience":384411,"relics_obtained":[{"floor":6,"key":"Bronze Scales"},{"floor":9,"key":"Tiny Chest"},{"floor":10,"key":"Pen Nib"},{"floor":26,"key":"Strawberry"}],"event_choices":[{"damage_healed":0,"gold_gain":0,"player_choice":"Take Damage","damage_taken":18,"relics_obtained":["Golden Idol"],"max_hp_gain":0,"max_hp_loss":0,"event_name":"Golden Idol","floor":4,"gold_loss":0},{"damage_healed":0,"gold_gain":0,"player_choice":"Searched \u00271\u0027 times","damage_taken":0,"relics_obtained":["MawBank"],"max_hp_gain":0,"max_hp_loss":0,"event_name":"Dead Adventurer","floor":8,"gold_loss":0},{"damage_healed":0,"gold_gain":0,"player_choice":"2 cards matched","damage_taken":0,"max_hp_gain":0,"max_hp_loss":0,"event_name":"Match and Keep!","floor":19,"gold_loss":0,"cards_obtained":["Warcry","Bandage Up"]},{"damage_healed":0,"gold_gain":0,"player_choice":"Fight","damage_taken":0,"max_hp_gain":0,"max_hp_loss":0,"event_name":"Colosseum","floor":27,"gold_loss":0},{"damage_healed":0,"gold_gain":0,"player_choice":"Fled From Nobs","damage_taken":0,"max_hp_gain":0,"max_hp_loss":0,"event_name":"Colosseum","floor":27,"gold_loss":0},{"damage_healed":0,"gold_gain":0,"player_choice":"Gave Idol","damage_taken":0,"relics_obtained":["Bloody Idol"],"max_hp_gain":0,"max_hp_loss":0,"event_name":"Forgotten Altar","floor":29,"relics_lost":["Golden Idol"],"gold_loss":0}],"is_beta":false,"boss_relics":[{"not_picked":["Astrolabe","Black Blood"],"picked":"Cursed Key"}],"items_purged_floors":[28],"is_endless":false,"potions_floor_spawned":[3,10,22,27,30],"killed_by":"Collector","ascension_level":14}