{"gold_per_floor":[118,133,133,58,76,104,118,150,177,177,203,221,221,241,241,315,315,327,327,339,23,23],"floor_reached":22,"playtime":2097,"items_purged":["Strike_R","Writhe"],"score":408,"play_id":"0793b19e-3548-4999-a1ff-4ec1b4880b85","local_time":"20190815121302","is_ascension_mode":true,"campfire_choices":[{"data":"Barricade","floor":13.0,"key":"SMITH"},{"floor":15.0,"key":"REST"}],"neow_cost":"NONE","seed_source_timestamp":0,"circlet_count":0,"master_deck":["AscendersBane","Defend_R","Defend_R","Defend_R","Defend_R+1","Bash+1","Rampage+1","Infernal Blade","Reckless Charge","Feed","Clothesline","Barricade+1","Cleave","Shrug It Off","Corruption","Berserk","Perfected Strike+1","Entrench+1","Whirlwind+1","Body Slam","Shockwave+1"],"special_seed":0,"relics":["Burning Blood","FossilizedHelix","Happy Flower","Pen Nib","PreservedInsect","Odd Mushroom","Astrolabe","Anchor","Medical Kit"],"potions_floor_usage":[],"damage_taken":[{"damage":8.0,"enemies":"2 Louse","floor":1.0,"turns":3.0},{"damage":1.0,"enemies":"Cultist","floor":2.0,"turns":3.0},{"damage":7.0,"enemies":"Small Slimes","floor":5.0,"turns":3.0},{"damage":36.0,"enemies":"3 Sentries","floor":6.0,"turns":8.0},{"damage":12.0,"enemies":"3 Louse","floor":7.0,"turns":4.0},{"damage":7.0,"enemies":"Lagavulin","floor":8.0,"turns":5.0},{"damage":18.0,"enemies":"Gremlin Nob","floor":11.0,"turns":4.0},{"damage":0.0,"enemies":"Looter","floor":12.0,"turns":2.0},{"damage":17.0,"enemies":"The Mushroom Lair","floor":14.0,"turns":5.0},{"damage":18.0,"enemies":"The Guardian","floor":16.0,"turns":14.0},{"damage":42.0,"enemies":"3 Byrds","floor":18.0,"turns":7.0},{"damage":26.0,"enemies":"Chosen","floor":20.0,"turns":7.0},{"damage":16,"enemies":"Sentry and Sphere","floor":22,"turns":4}],"seed_played":"8000342179754078943","potions_obtained":[{"floor":1.0,"key":"BloodPotion"},{"floor":2.0,"key":"Dexterity Potion"},{"floor":6.0,"key":"SmokeBomb"},{"floor":7.0,"key":"Swift Potion"},{"floor":14.0,"key":"Dexterity Potion"}],"is_trial":false,"path_per_floor":["M","M","?","$","M","E","M","E","T","?","E","M","R","?","R","B",null,"M","?","M","$","M"],"character_chosen":"IRONCLAD","items_purchased":["Medical Kit"],"campfire_rested":1,"item_purchase_floors":[21],"current_hp_per_floor":[66,71,48,48,47,17,14,13,13,13,20,26,26,15,38,29,68,35,35,15,15,0],"gold":23,"neow_bonus":"UPGRADE_CARD","is_prod":false,"is_daily":false,"chose_seed":false,"campfire_upgraded":1,"win_rate":0,"timestamp":1565896382,"path_taken":["M","M","?","$","M","E","M","E","T","?","E","?","R","?","R","BOSS","M","?","M","$","M"],"build_version":"2019-07-17","purchased_purges":2,"victory":false,"max_hp_per_floor":[75,75,75,75,75,75,78,78,78,78,78,78,78,78,78,81,81,84,84,84,84,84],"card_choices":[{"not_picked":["Warcry","Searing Blow"],"picked":"Rampage","floor":1.0},{"not_picked":["Bloodletting","Body Slam"],"picked":"Infernal Blade","floor":2.0},{"not_picked":["Sword Boomerang","Clash"],"picked":"Reckless Charge","floor":5.0},{"not_picked":["Armaments","Shockwave"],"picked":"Feed","floor":6.0},{"not_picked":["Clash","Heavy Blade","Body Slam"],"picked":"SKIP","floor":7.0},{"not_picked":["Perfected Strike","Havoc"],"picked":"Clothesline","floor":8.0},{"not_picked":["Exhume","Clash"],"picked":"Cleave","floor":11.0},{"not_picked":["Twin Strike","Sword Boomerang"],"picked":"Shrug It Off","floor":12.0},{"not_picked":["Fire Breathing","Headbutt"],"picked":"Corruption","floor":14.0},{"not_picked":["Bludgeon","Impervious"],"picked":"Berserk","floor":16.0},{"not_picked":["Iron Wave","Anger"],"picked":"Body Slam","floor":18.0},{"not_picked":["Twin Strike","Flex"],"picked":"Shockwave+1","floor":20.0}],"player_experience":609380,"relics_obtained":[{"floor":6.0,"key":"FossilizedHelix"},{"floor":8.0,"key":"Happy Flower"},{"floor":9.0,"key":"Pen Nib"},{"floor":11.0,"key":"PreservedInsect"},{"floor":14.0,"key":"Odd Mushroom"}],"event_choices":[{"damage_healed":0.0,"max_hp_gain":0.0,"max_hp_loss":0.0,"gold_gain":0.0,"event_name":"Shining Light","player_choice":"Entered Light","floor":3.0,"gold_loss":0.0,"damage_taken":23.0,"cards_upgraded":["Defend_R","Rampage"]},{"damage_healed":0.0,"max_hp_gain":0.0,"max_hp_loss":0.0,"gold_gain":0.0,"cards_transformed":["Strike_R"],"event_name":"Transmorgrifier","player_choice":"Transformed","floor":10.0,"gold_loss":0.0,"damage_taken":0.0,"cards_obtained":["Barricade"]},{"damage_healed":0.0,"max_hp_gain":0.0,"max_hp_loss":0.0,"gold_gain":0.0,"event_name":"Mushrooms","player_choice":"Fought Mushrooms","floor":14.0,"gold_loss":0.0,"damage_taken":0.0},{"damage_healed":0.0,"max_hp_gain":0.0,"max_hp_loss":0.0,"gold_gain":0.0,"event_name":"The Mausoleum","player_choice":"Opened","floor":19.0,"gold_loss":0.0,"damage_taken":0.0,"relics_obtained":["Anchor"],"cards_obtained":["Writhe"]}],"is_beta":false,"boss_relics":[{"not_picked":["Runic Dome","Busted Crown"],"picked":"Astrolabe"}],"items_purged_floors":[4,21],"is_endless":false,"potions_floor_spawned":[1,2,6,7,14],"killed_by":"Sentry and Sphere","ascension_level":20}