{"gold_per_floor":[110,184,184,199,14,40,6,40,65,84,101,101,115,133,133,211,211,228,240,165,165,183,183,214,214,259,6,21,21,31,31,31,31],"floor_reached":33,"playtime":1042,"items_purged":["Injury"],"score":471,"play_id":"448b549e-9691-4cdc-86f1-2241c03af44a","local_time":"20190530213613","is_ascension_mode":true,"campfire_choices":[{"data":"Rampage","floor":12.0,"key":"SMITH"},{"data":"Bash","floor":15.0,"key":"SMITH"},{"data":"Immolate","floor":23,"key":"SMITH"},{"data":"Apotheosis","floor":32,"key":"SMITH"}],"neow_cost":"NONE","seed_source_timestamp":0,"circlet_count":0,"master_deck":["AscendersBane","Strike_R","Strike_R","Strike_R","Strike_R","Strike_R","Defend_R","Defend_R","Defend_R","Defend_R","Bash+1","Bludgeon","Shrug It Off","Armaments","Immolate+1","Shrug It Off","Rampage+1","Uppercut","Flame Barrier","Metallicize","Dropkick+1","Metallicize+1","RitualDagger","Apotheosis+1","Shrug It Off+1"],"special_seed":0,"relics":["Burning Blood","PreservedInsect","Gambling Chip","Anchor","Blood Vial","Cursed Key","Vajra","Regal Pillow"],"potions_floor_usage":[28,33],"damage_taken":[{"damage":3.0,"enemies":"2 Louse","floor":1.0,"turns":4.0},{"damage":2.0,"enemies":"Small Slimes","floor":4.0,"turns":5.0},{"damage":16.0,"enemies":"Gremlin Nob","floor":6.0,"turns":3.0},{"damage":9.0,"enemies":"Lagavulin","floor":8.0,"turns":5.0},{"damage":2.0,"enemies":"Jaw Worm","floor":10.0,"turns":3.0},{"damage":0.0,"enemies":"Lots of Slimes","floor":11.0,"turns":2.0},{"damage":5.0,"enemies":"Large Slime","floor":13.0,"turns":6.0},{"damage":6.0,"enemies":"Blue Slaver","floor":14.0,"turns":5.0},{"damage":50.0,"enemies":"Hexaghost","floor":16.0,"turns":11.0},{"damage":12,"enemies":"3 Byrds","floor":18,"turns":6},{"damage":6,"enemies":"2 Thieves","floor":19,"turns":3},{"damage":0,"enemies":"Centurion and Healer","floor":22,"turns":9},{"damage":12,"enemies":"Slavers","floor":24,"turns":3},{"damage":8,"enemies":"3 Cultists","floor":28,"turns":4},{"damage":17,"enemies":"Shelled Parasite and Fungi","floor":30,"turns":5},{"damage":48,"enemies":"Collector","floor":33,"turns":7}],"seed_played":"-8547749192976171362","potions_obtained":[{"floor":10.0,"key":"Explosive Potion"},{"floor":11.0,"key":"Regen Potion"},{"floor":13.0,"key":"Energy Potion"},{"floor":19,"key":"Strength Potion"}],"is_trial":false,"path_per_floor":["M","?","?","M","$","E","$","E","T","M","M","R","M","M","R","B",null,"M","M","?","?","M","R","E","?","T","$","M","$","M","$","R","B"],"character_chosen":"IRONCLAD","items_purchased":["Immolate","Shrug It Off","Uppercut","Apotheosis"],"campfire_rested":0,"item_purchase_floors":[5,5,7,27],"current_hp_per_floor":[71,71,64,68,68,58,58,55,55,61,69,69,72,74,74,31,64,60,62,62,48,56,56,52,46,46,46,55,55,46,46,46,0],"gold":31,"neow_bonus":"ONE_RANDOM_RARE_CARD","is_prod":false,"is_daily":false,"chose_seed":false,"campfire_upgraded":4,"win_rate":0,"timestamp":1559266573,"path_taken":["M","?","?","M","?","E","$","E","T","M","M","R","M","M","R","BOSS","M","?","?","?","M","R","E","?","T","?","?","$","M","$","R","BOSS"],"build_version":"2019-01-23","purchased_purges":1,"victory":false,"max_hp_per_floor":[75,75,75,75,75,75,75,75,75,75,75,75,75,75,75,75,75,75,75,75,80,80,80,80,80,80,80,80,80,80,80,80,80],"card_choices":[{"not_picked":["Warcry","Armaments"],"picked":"Shrug It Off","floor":1.0},{"not_picked":["Clash","Thunderclap"],"picked":"Armaments","floor":4.0},{"not_picked":["Offering","Perfected Strike"],"picked":"Rampage","floor":6.0},{"not_picked":["Wild Strike","Disarm"],"picked":"Flame Barrier","floor":8.0},{"not_picked":["Body Slam","Feel No Pain","Barricade"],"picked":"SKIP","floor":10.0},{"not_picked":["Entrench","Armaments"],"picked":"Metallicize","floor":11.0},{"not_picked":["Clash","Feel No Pain","Armaments"],"picked":"SKIP","floor":13.0},{"not_picked":["Reckless Charge","Searing Blow","Armaments"],"picked":"SKIP","floor":14.0},{"not_picked":["Immolate","Exhume"],"picked":"Bludgeon","floor":16.0},{"not_picked":["Burning Pact+1","Cleave"],"picked":"Dropkick+1","floor":18},{"not_picked":["Burning Pact","Flex+1"],"picked":"Metallicize+1","floor":19},{"not_picked":["Sword Boomerang","Flex","Pummel"],"picked":"SKIP","floor":22},{"not_picked":["Heavy Blade","Shrug It Off","Perfected Strike"],"picked":"SKIP","floor":24},{"not_picked":["Bloodletting","Cleave"],"picked":"Shrug It Off+1","floor":28},{"not_picked":["Heavy Blade","Sword Boomerang","Dual Wield"],"picked":"SKIP","floor":30}],"player_experience":367979,"relics_obtained":[{"floor":6.0,"key":"Gambling Chip"},{"floor":8.0,"key":"Anchor"},{"floor":9.0,"key":"Blood Vial"},{"floor":24,"key":"Vajra"},{"floor":26,"key":"Regal Pillow"}],"event_choices":[{"damage_healed":0.0,"max_hp_gain":0.0,"max_hp_loss":0.0,"gold_gain":74.0,"event_name":"Golden Wing","player_choice":"Gained Gold","floor":2.0,"gold_loss":0.0,"damage_taken":0.0},{"damage_healed":0.0,"max_hp_gain":0.0,"max_hp_loss":0.0,"gold_gain":0.0,"event_name":"Scrap Ooze","player_choice":"Success","floor":3.0,"gold_loss":0.0,"damage_taken":7.0,"relics_obtained":["PreservedInsect"]},{"cards_removed":["Bludgeon"],"damage_healed":0,"gold_gain":0,"player_choice":"Gave Gold","damage_taken":0,"max_hp_gain":0,"max_hp_loss":0,"event_name":"Beggar","floor":20,"gold_loss":75},{"damage_healed":0,"gold_gain":0,"player_choice":"Shed Blood","damage_taken":19,"max_hp_gain":5,"max_hp_loss":0,"event_name":"Forgotten Altar","floor":21,"gold_loss":0},{"damage_healed":0,"gold_gain":0,"player_choice":"Joined the Cult","damage_taken":6,"max_hp_gain":0,"max_hp_loss":0,"event_name":"Nest","floor":25,"gold_loss":0,"cards_obtained":["RitualDagger"]}],"is_beta":false,"boss_relics":[{"not_picked":["Ectoplasm","Eternal Feather"],"picked":"Cursed Key"}],"items_purged_floors":[27],"is_endless":false,"potions_floor_spawned":[10,11,13,19,22],"killed_by":"Collector","ascension_level":14}