{"gold_per_floor":[116,127,147,147,159,159,189,154,222,31,31,66,66,77,77,151,151,170,170,170,24,41,41,41,41,66,14,33,33,49,82,82,82],"floor_reached":33,"playtime":855,"items_purged":["Perfected Strike+1"],"score":489,"play_id":"e7ef08be-58e4-4be5-abd1-4354ce8fa48a","local_time":"20190607203819","is_ascension_mode":true,"campfire_choices":[{"data":"Bash","floor":6,"key":"SMITH"},{"data":"Infernal Blade","floor":13,"key":"SMITH"},{"data":"Perfected Strike","floor":15,"key":"SMITH"},{"data":"Cleave","floor":23,"key":"SMITH"},{"data":"Twin Strike","floor":25,"key":"SMITH"},{"data":"Iron Wave","floor":29,"key":"SMITH"},{"data":"Bite","floor":32,"key":"SMITH"}],"neow_cost":"NONE","seed_source_timestamp":13569341511700,"circlet_count":0,"master_deck":["AscendersBane","Defend_R","Defend_R","Defend_R","Defend_R","Bash+1","Cleave+1","Twin Strike+1","Infernal Blade+1","Shrug It Off+1","Iron Wave+1","Armaments+1","Double Tap+1","Clothesline+1","Bite+1","Bite","Bite","Bite","Bite","Battle Trance+1","Spot Weakness+1","Rage+1","Shame","True Grit+1","Limit Break+1"],"relics":["Burning Blood","Champion Belt","Toxic Egg 2","Juzu Bracelet","Cursed Key","Bag of Marbles","Bottled Lightning"],"potions_floor_usage":[12,12,16,33],"damage_taken":[{"damage":13,"enemies":"Jaw Worm","floor":1,"turns":4},{"damage":8,"enemies":"2 Louse","floor":2,"turns":3},{"damage":1,"enemies":"Cultist","floor":3,"turns":4},{"damage":17,"enemies":"Exordium Wildlife","floor":5,"turns":6},{"damage":30,"enemies":"3 Sentries","floor":7,"turns":7},{"damage":12,"enemies":"Lagavulin","floor":12,"turns":5},{"damage":0,"enemies":"2 Fungi Beasts","floor":14,"turns":4},{"damage":16,"enemies":"Slime Boss","floor":16,"turns":6},{"damage":4,"enemies":"3 Byrds","floor":18,"turns":5},{"damage":6,"enemies":"2 Thieves","floor":22,"turns":3},{"damage":14,"enemies":"Snake Plant","floor":28,"turns":6},{"damage":0,"enemies":"Sentry and Sphere","floor":30,"turns":4},{"damage":33,"enemies":"Slavers","floor":31,"turns":6},{"damage":96,"enemies":"Champ","floor":33,"turns":9}],"seed_played":"-3723992227045058225","potions_obtained":[{"floor":2,"key":"SteroidPotion"},{"floor":3,"key":"LiquidBronze"},{"floor":5,"key":"Block Potion"},{"floor":14,"key":"Block Potion"},{"floor":30,"key":"Fire Potion"}],"is_trial":false,"path_per_floor":["M","M","M","?","M","R","E","?","T","$","?","E","R","M","R","B",null,"M","?","?","$","M","R","?","R","T","$","M","R","M","E","R","B"],"character_chosen":"IRONCLAD","items_purchased":["Shrug It Off+1","Blood Vial","Battle Trance+1","True Grit+1"],"campfire_rested":0,"item_purchase_floors":[10,10,21,27],"current_hp_per_floor":[68,66,71,64,53,53,29,49,49,49,82,76,76,82,82,72,80,82,82,66,66,76,76,76,76,76,76,83,83,87,72,72,0],"gold":82,"neow_bonus":"TEN_PERCENT_HP_BONUS","is_prod":false,"is_daily":false,"chose_seed":false,"campfire_upgraded":7,"win_rate":0,"timestamp":1559954299,"path_taken":["M","M","M","?","M","R","E","?","T","$","?","E","R","M","R","BOSS","M","?","?","$","M","R","?","R","T","?","M","R","M","E","R","BOSS"],"build_version":"2019-01-23","purchased_purges":1,"victory":false,"max_hp_per_floor":[82,82,82,82,82,82,82,82,82,82,82,82,82,82,82,82,82,82,82,87,87,87,87,87,87,87,87,87,87,87,87,87,87],"card_choices":[{"not_picked":["Warcry","Intimidate","Seeing Red"],"picked":"SKIP","floor":1},{"not_picked":["Reckless Charge","Havoc"],"picked":"Cleave","floor":2},{"not_picked":["Impervious","Warcry"],"picked":"Twin Strike","floor":3},{"not_picked":["Anger","Havoc"],"picked":"Infernal Blade","floor":5},{"not_picked":["Dropkick","Limit Break"],"picked":"Perfected Strike","floor":7},{"not_picked":["Dark Embrace","Bludgeon"],"picked":"Iron Wave","floor":12},{"not_picked":["Anger","Blood for Blood"],"picked":"Armaments+1","floor":14},{"not_picked":["Barricade","Juggernaut"],"picked":"Double Tap+1","floor":16},{"not_picked":["Havoc+1","Seeing Red+1"],"picked":"Clothesline+1","floor":18},{"not_picked":["Evolve","Clothesline+1"],"picked":"Spot Weakness+1","floor":22},{"not_picked":["Cleave","Twin Strike","Clash"],"picked":"SKIP","floor":28},{"not_picked":["Battle Trance+1","Ghostly Armor+1"],"picked":"Limit Break+1","floor":30},{"not_picked":["Flex+1","Reaper","Battle Trance+1"],"picked":"SKIP","floor":31}],"player_experience":385890,"relics_obtained":[{"floor":7,"key":"Champion Belt"},{"floor":9,"key":"Toxic Egg 2"},{"floor":12,"key":"Juzu Bracelet"},{"floor":26,"key":"Bag of Marbles"},{"floor":31,"key":"Bottled Lightning"}],"event_choices":[{"cards_removed":["Strike_R"],"damage_healed":0,"gold_gain":0,"player_choice":"Card Removal","damage_taken":7,"max_hp_gain":0,"max_hp_loss":0,"event_name":"Golden Wing","floor":4,"gold_loss":0},{"damage_healed":20,"gold_gain":0,"player_choice":"Healed","damage_taken":0,"max_hp_gain":0,"max_hp_loss":0,"event_name":"The Cleric","floor":8,"gold_loss":35},{"damage_healed":33,"gold_gain":0,"player_choice":"Full Heal","damage_taken":0,"max_hp_gain":0,"max_hp_loss":0,"event_name":"Wheel of Change","floor":11,"gold_loss":0},{"damage_healed":0,"gold_gain":0,"player_choice":"Became a vampire (Vial)","damage_taken":0,"max_hp_gain":0,"max_hp_loss":0,"event_name":"Vampires","floor":19,"relics_lost":["Blood Vial"],"gold_loss":0,"cards_obtained":["Bite","Bite","Bite","Bite","Bite"]},{"damage_healed":0,"gold_gain":0,"player_choice":"Shed Blood","damage_taken":21,"max_hp_gain":5,"max_hp_loss":0,"event_name":"Forgotten Altar","floor":20,"gold_loss":0},{"damage_healed":0,"gold_gain":0,"player_choice":"Read","damage_taken":0,"max_hp_gain":0,"max_hp_loss":0,"event_name":"The Library","floor":24,"gold_loss":0,"cards_obtained":["Rage"]}],"is_beta":false,"boss_relics":[{"not_picked":["Orrery","Philosopher\u0027s Stone"],"picked":"Cursed Key"}],"items_purged_floors":[21],"is_endless":false,"potions_floor_spawned":[2,3,5,14,30],"killed_by":"Champ","ascension_level":14}