{"gold_per_floor":[117,130,305,82,82,82,36,70,121,136,155,155,131,131,131,228,228,248,267,95,120,140,140,140,140],"floor_reached":25,"playtime":813,"items_purged":["Doubt","Defend_R"],"score":289,"play_id":"6d89bfdb-dd58-4440-a4dd-3f03b867ef5c","local_time":"20190429151051","is_ascension_mode":true,"campfire_choices":[{"data":"Bash","floor":6,"key":"SMITH"},{"data":"True Grit","floor":12,"key":"SMITH"},{"data":"Flex","floor":15,"key":"SMITH"},{"data":"Flame Barrier","floor":23,"key":"SMITH"}],"neow_cost":"NONE","seed_source_timestamp":4937798249200,"circlet_count":0,"master_deck":["Strike_R","Strike_R","Strike_R","Strike_R","Strike_R","Defend_R","Defend_R","Bash+1","Impervious","Battle Trance","Sword Boomerang","Perfected Strike","True Grit+1","Heavy Blade","Flex+1","Impervious","Power Through","Flame Barrier+1"],"relics":["Burning Blood","Bag of Marbles","Centennial Puzzle","Lantern","Runic Cube","Bag of Preparation"],"potions_floor_usage":[8],"damage_taken":[{"damage":6,"enemies":"Cultist","floor":1,"turns":3},{"damage":8,"enemies":"Small Slimes","floor":2,"turns":3},{"damage":32,"enemies":"Gremlin Nob","floor":8,"turns":4},{"damage":7,"enemies":"Jaw Worm","floor":10,"turns":2},{"damage":3,"enemies":"Blue Slaver","floor":11,"turns":2},{"damage":45,"enemies":"Hexaghost","floor":16,"turns":9},{"damage":12,"enemies":"Chosen","floor":18,"turns":3},{"damage":14,"enemies":"Shell Parasite","floor":19,"turns":4},{"damage":18,"enemies":"Cultist and Chosen","floor":22,"turns":5},{"damage":50,"enemies":"3 Cultists","floor":25,"turns":4}],"seed_played":"4402003386943058490","potions_obtained":[{"floor":2,"key":"Strength Potion"},{"floor":8,"key":"Block Potion"},{"floor":19,"key":"SkillPotion"}],"is_trial":false,"path_per_floor":["M","M","?","$","?","R","$","E","T","M","M","R","$","?","R","B",null,"M","M","$","T","M","R","$","M"],"character_chosen":"IRONCLAD","items_purchased":["Bag of Marbles","Sword Boomerang","Flex","Flame Barrier"],"campfire_rested":0,"item_purchase_floors":[4,7,13,20],"current_hp_per_floor":[72,70,70,70,75,75,75,49,49,48,51,51,51,51,51,12,67,61,53,53,53,41,41,41,0],"gold":140,"neow_bonus":"ONE_RANDOM_RARE_CARD","is_prod":false,"is_daily":false,"chose_seed":false,"campfire_upgraded":4,"win_rate":0,"timestamp":1556565051,"path_taken":["M","M","?","$","?","R","?","E","T","M","?","R","?","?","R","BOSS","M","M","$","?","M","R","$","M"],"build_version":"2019-01-23","purchased_purges":2,"victory":false,"max_hp_per_floor":[80,80,80,80,85,85,85,85,85,85,85,85,85,85,85,85,85,85,85,85,85,85,85,85,85],"card_choices":[{"not_picked":["Armaments","Anger","Hemokinesis"],"picked":"SKIP","floor":1},{"not_picked":["Shockwave","Iron Wave"],"picked":"Battle Trance","floor":2},{"not_picked":["Clothesline","Havoc"],"picked":"Perfected Strike","floor":8},{"not_picked":["Rupture","Armaments"],"picked":"True Grit","floor":10},{"not_picked":["Body Slam","Berserk"],"picked":"Heavy Blade","floor":11},{"not_picked":["Heavy Blade","Havoc"],"picked":"Power Through","floor":18},{"not_picked":["Wild Strike","Clothesline","Iron Wave"],"picked":"SKIP","floor":19},{"not_picked":["Clash+1","Reckless Charge","True Grit"],"picked":"SKIP","floor":22}],"player_experience":163240,"relics_obtained":[{"floor":8,"key":"Centennial Puzzle"},{"floor":9,"key":"Lantern"},{"floor":21,"key":"Bag of Preparation"}],"event_choices":[{"damage_healed":0,"gold_gain":175,"player_choice":"AGREE","damage_taken":0,"max_hp_gain":0,"max_hp_loss":0,"event_name":"Liars Game","floor":3,"gold_loss":0,"cards_obtained":["Doubt"]},{"damage_healed":0,"gold_gain":0,"player_choice":"Donut","damage_taken":0,"max_hp_gain":5,"max_hp_loss":0,"event_name":"Big Fish","floor":5,"gold_loss":0},{"damage_healed":0,"gold_gain":0,"cards_transformed":["Defend_R"],"player_choice":"Transformed","damage_taken":0,"max_hp_gain":0,"max_hp_loss":0,"event_name":"Transmorgrifier","floor":14,"gold_loss":0,"cards_obtained":["Impervious"]}],"is_beta":false,"boss_relics":[{"not_picked":["Black Star","Runic Pyramid"],"picked":"Runic Cube"}],"items_purged_floors":[4,20],"is_endless":false,"potions_floor_spawned":[2,8,19],"killed_by":"3 Cultists","ascension_level":9}