{"gold_per_floor":[110,34,34,34,34,46,92,104,170,213,235,258,270,309,321,409,471,501,531,558,570],"floor_reached":21,"playtime":455,"items_purged":[],"score":415,"play_id":"8e3bd505-abab-4993-82b4-333674a1aac9","local_time":"20190611215914","is_ascension_mode":true,"campfire_choices":[{"data":"Searing Blow","floor":6,"key":"SMITH"},{"data":"Searing Blow+1","floor":13,"key":"SMITH"},{"data":"Searing Blow+2","floor":15,"key":"SMITH"}],"neow_cost":"NONE","seed_source_timestamp":310245237600,"circlet_count":0,"master_deck":["AscendersBane","Strike_R","Strike_R","Strike_R","Strike_R","Strike_R","Defend_R","Defend_R","Defend_R","Defend_R","Bash","Searing Blow+3","Rampage","Cleave","Pommel Strike","Headbutt+1","Thunderclap","Inflame","Clothesline+1","Iron Wave+1"],"relics":["Burning Blood","NeowsBlessing","MawBank","Bag of Marbles","Tiny Chest","Shuriken","Odd Mushroom","Tiny House"],"potions_floor_usage":[14],"damage_taken":[{"damage":0,"enemies":"2 Louse","floor":1,"turns":1},{"damage":0,"enemies":"Gremlin Nob","floor":7,"turns":1},{"damage":0,"enemies":"Lagavulin","floor":10,"turns":2},{"damage":2,"enemies":"Jaw Worm","floor":11,"turns":3},{"damage":0,"enemies":"Small Slimes","floor":12,"turns":2},{"damage":16,"enemies":"The Mushroom Lair","floor":14,"turns":3},{"damage":10,"enemies":"Slime Boss","floor":16,"turns":7},{"damage":7,"enemies":"Chosen","floor":18,"turns":3},{"damage":33,"enemies":"2 Thieves","floor":19,"turns":3},{"damage":46,"enemies":"Centurion and Healer","floor":20,"turns":7},{"damage":22,"enemies":"Snecko","floor":21,"turns":3}],"seed_played":"3060058136438266614","potions_obtained":[{"floor":1,"key":"Fruit Juice"},{"floor":7,"key":"SteroidPotion"},{"floor":14,"key":"Swift Potion"}],"is_trial":false,"path_per_floor":["M","$","?","$","?","R","E","$","T","E","M","M","R","?","R","B",null,"M","M","M","M"],"character_chosen":"IRONCLAD","items_purchased":["Rampage"],"campfire_rested":0,"item_purchase_floors":[2],"current_hp_per_floor":[74,74,79,79,68,68,74,74,74,80,80,80,80,75,75,71,87,86,59,19,0],"gold":570,"neow_bonus":"THREE_ENEMY_KILL","is_prod":false,"is_daily":false,"chose_seed":false,"campfire_upgraded":3,"win_rate":0,"timestamp":1560304754,"path_taken":["M","$","?","$","?","R","E","?","T","E","M","M","R","?","R","BOSS","M","M","M","M"],"build_version":"2019-01-23","purchased_purges":0,"victory":false,"max_hp_per_floor":[75,75,80,80,80,80,80,80,80,80,80,80,80,85,85,85,90,90,90,90,90],"card_choices":[{"not_picked":["Carnage","Uppercut"],"picked":"Searing Blow","floor":1},{"not_picked":["Thunderclap","Evolve"],"picked":"Cleave","floor":7},{"not_picked":["Searing Blow","Iron Wave"],"picked":"Pommel Strike","floor":10},{"not_picked":["Corruption","Intimidate"],"picked":"Headbutt","floor":11},{"not_picked":["Power Through","Wild Strike","Sever Soul"],"picked":"SKIP","floor":12},{"not_picked":["Headbutt","Seeing Red"],"picked":"Thunderclap","floor":14},{"not_picked":["Headbutt","Carnage"],"picked":"Inflame","floor":17},{"not_picked":["Headbutt","Flex"],"picked":"Clothesline+1","floor":18},{"not_picked":["Evolve","Entrench"],"picked":"Iron Wave+1","floor":19},{"not_picked":["Bloodletting","Rampage","Perfected Strike+1"],"picked":"SKIP","floor":20}],"player_experience":397251,"relics_obtained":[{"floor":7,"key":"Bag of Marbles"},{"floor":9,"key":"Tiny Chest"},{"floor":10,"key":"Shuriken"},{"floor":14,"key":"Odd Mushroom"}],"event_choices":[{"damage_healed":0,"gold_gain":0,"player_choice":"Donut","damage_taken":0,"max_hp_gain":5,"max_hp_loss":0,"event_name":"Big Fish","floor":3,"gold_loss":0},{"damage_healed":0,"gold_gain":0,"player_choice":"Success","damage_taken":11,"relics_obtained":["MawBank"],"max_hp_gain":0,"max_hp_loss":0,"event_name":"Scrap Ooze","floor":5,"gold_loss":0},{"damage_healed":0,"gold_gain":0,"player_choice":"Fought Mushrooms","damage_taken":0,"max_hp_gain":0,"max_hp_loss":0,"event_name":"Mushrooms","floor":14,"gold_loss":0}],"is_beta":false,"boss_relics":[{"not_picked":["Runic Dome","Eternal Feather"],"picked":"Tiny House"}],"items_purged_floors":[],"is_endless":false,"potions_floor_spawned":[1,7,14,16,18,19],"killed_by":"Snecko","ascension_level":15}