{"gold_per_floor":[116,88,88,88,105,139,139,169,169,169,185,244,244,112,112,191,191,207,219,219,219,59,59,69,82,82,82],"floor_reached":27,"playtime":859,"items_purged":["Defend_R"],"score":466,"play_id":"90040bae-9286-453e-ba9c-77e643ccfe7c","local_time":"20190613165056","is_ascension_mode":true,"campfire_choices":[{"data":"True Grit","floor":7,"key":"SMITH"},{"data":"Armaments","floor":10,"key":"SMITH"},{"data":"Shrug It Off","floor":13,"key":"SMITH"},{"floor":15,"key":"REST"},{"floor":23,"key":"REST"}],"neow_cost":"NONE","seed_source_timestamp":283046216500,"circlet_count":0,"master_deck":["AscendersBane","Strike_R","Strike_R","Strike_R","Strike_R","Strike_R","Defend_R","Defend_R","Defend_R","Bash+1","Perfected Strike+1","Headbutt","Armaments+1","True Grit+1","Power Through","Shrug It Off+1","Wild Strike","Twin Strike","Inflame","Limit Break","Whirlwind","Iron Wave","Shrug It Off","Pommel Strike","Flame Barrier","Metallicize","Sword Boomerang","Feed"],"relics":["Burning Blood","NeowsBlessing","Pen Nib","Odd Mushroom","Prayer Wheel","Darkstone Periapt","Orrery","Kunai"],"potions_floor_usage":[12],"damage_taken":[{"damage":0,"enemies":"2 Louse","floor":1,"turns":1},{"damage":0,"enemies":"Small Slimes","floor":5,"turns":1},{"damage":0,"enemies":"3 Sentries","floor":6,"turns":1},{"damage":42,"enemies":"The Mushroom Lair","floor":8,"turns":6},{"damage":2,"enemies":"Jaw Worm","floor":11,"turns":3},{"damage":17,"enemies":"Gremlin Nob","floor":12,"turns":4},{"damage":51,"enemies":"Hexaghost","floor":16,"turns":11},{"damage":33,"enemies":"Shell Parasite","floor":18,"turns":8},{"damage":18,"enemies":"Chosen","floor":19,"turns":6},{"damage":24,"enemies":"Snake Plant","floor":24,"turns":5},{"damage":3,"enemies":"Snecko","floor":25,"turns":3},{"damage":27,"enemies":"3 Cultists","floor":27,"turns":4}],"seed_played":"9124437621462209169","potions_obtained":[{"floor":5,"key":"GamblersBrew"},{"floor":11,"key":"Explosive Potion"},{"floor":18,"key":"Dexterity Potion"}],"is_trial":false,"path_per_floor":["M","$","?","?","M","E","R","?","T","R","M","?","R","$","R","B",null,"M","M","?","?","$","R","M","M","T","M"],"character_chosen":"IRONCLAD","items_purchased":["Headbutt","Twin Strike","Inflame","Metallicize"],"campfire_rested":2,"item_purchase_floors":[2,14,14,22],"current_hp_per_floor":[74,74,74,74,75,75,75,39,39,39,43,32,32,32,54,9,59,32,20,20,20,20,42,24,27,27,0],"gold":82,"neow_bonus":"THREE_ENEMY_KILL","is_prod":false,"is_daily":false,"chose_seed":false,"campfire_upgraded":3,"win_rate":0,"timestamp":1560459056,"path_taken":["M","$","?","?","M","E","R","?","T","R","M","?","R","?","R","BOSS","M","M","?","?","$","R","?","M","T","M"],"build_version":"2019-01-23","purchased_purges":1,"victory":false,"max_hp_per_floor":[75,75,75,75,75,75,75,75,75,75,75,75,75,75,75,75,75,75,75,75,75,75,75,75,75,75,75],"card_choices":[{"not_picked":["Reckless Charge","Cleave"],"picked":"Perfected Strike","floor":1},{"not_picked":["Heavy Blade","Sword Boomerang"],"picked":"Armaments","floor":5},{"not_picked":["Dark Embrace","Clash"],"picked":"True Grit","floor":6},{"not_picked":["Perfected Strike","True Grit"],"picked":"Power Through","floor":8},{"not_picked":["Shockwave","Headbutt"],"picked":"Shrug It Off","floor":11},{"not_picked":["Clothesline","Infernal Blade"],"picked":"Wild Strike","floor":11},{"not_picked":["Reaper","Juggernaut"],"picked":"Limit Break","floor":16},{"not_picked":["Sword Boomerang","Armaments"],"picked":"Whirlwind","floor":17},{"not_picked":["Pommel Strike","True Grit"],"picked":"Iron Wave","floor":17},{"not_picked":["Rage","Clothesline"],"picked":"Shrug It Off","floor":17},{"not_picked":["Feel No Pain","Twin Strike"],"picked":"Pommel Strike","floor":18},{"not_picked":["Sword Boomerang","Perfected Strike+1"],"picked":"Flame Barrier","floor":18},{"not_picked":["Combust+1","Wild Strike","Burning Pact"],"picked":"SKIP","floor":19},{"not_picked":["Fire Breathing","Warcry","Thunderclap"],"picked":"SKIP","floor":19},{"not_picked":["Sever Soul","Dropkick+1"],"picked":"Sword Boomerang","floor":24},{"not_picked":["Havoc","Sever Soul","Rupture+1"],"picked":"SKIP","floor":24},{"not_picked":["Feel No Pain","Body Slam"],"picked":"Feed","floor":25},{"not_picked":["Body Slam","Clash","True Grit"],"picked":"SKIP","floor":25}],"player_experience":399279,"relics_obtained":[{"floor":6,"key":"Pen Nib"},{"floor":8,"key":"Odd Mushroom"},{"floor":9,"key":"Prayer Wheel"},{"floor":12,"key":"Darkstone Periapt"},{"floor":26,"key":"Kunai"}],"event_choices":[{"damage_healed":0,"gold_gain":0,"player_choice":"Grow","damage_taken":0,"max_hp_gain":0,"max_hp_loss":0,"event_name":"Living Wall","floor":3,"gold_loss":0,"cards_upgraded":["Bash"]},{"damage_healed":0,"gold_gain":0,"player_choice":"Leave","damage_taken":0,"max_hp_gain":0,"max_hp_loss":0,"event_name":"The Cleric","floor":4,"gold_loss":0},{"damage_healed":0,"gold_gain":0,"player_choice":"Fought Mushrooms","damage_taken":0,"max_hp_gain":0,"max_hp_loss":0,"event_name":"Mushrooms","floor":8,"gold_loss":0},{"damage_healed":0,"gold_gain":0,"player_choice":"Searched \u00271\u0027 times","damage_taken":0,"max_hp_gain":0,"max_hp_loss":0,"event_name":"Dead Adventurer","floor":12,"gold_loss":0},{"damage_healed":0,"gold_gain":0,"player_choice":"Ignored","damage_taken":0,"max_hp_gain":0,"max_hp_loss":0,"event_name":"Cursed Tome","floor":20,"gold_loss":0},{"damage_healed":0,"gold_gain":0,"player_choice":"Forge","damage_taken":0,"max_hp_gain":0,"max_hp_loss":0,"event_name":"Accursed Blacksmith","floor":21,"gold_loss":0,"cards_upgraded":["Perfected Strike"]}],"is_beta":false,"boss_relics":[{"not_picked":["Velvet Choker","Pandora\u0027s Box"],"picked":"Orrery"}],"items_purged_floors":[22],"is_endless":false,"potions_floor_spawned":[5,11,18,19],"killed_by":"3 Cultists","ascension_level":16}