{"gold_per_floor":[114,176,62,62,82,108,125,147,174,174,208,208,59,79,79,183,183,201,116,116,89,89,89,108,108],"floor_reached":25,"playtime":714,"items_purged":["Strike_B"],"score":278,"play_id":"1a2c89d5-3d1b-4654-9151-a9358c3bc64e","local_time":"20190529195531","is_ascension_mode":true,"campfire_choices":[{"data":"Zap","floor":10,"key":"SMITH"},{"data":"Glacier","floor":12,"key":"SMITH"},{"data":"Chill","floor":15,"key":"SMITH"},{"data":"RitualDagger","floor":23,"key":"SMITH"}],"neow_cost":"NONE","seed_source_timestamp":10822570622300,"circlet_count":0,"master_deck":["Strike_B","Strike_B","Strike_B","Defend_B","Defend_B","Defend_B+1","Defend_B","Zap+1","Dualcast+1","Melter","Self Repair","Auto Shields","Glacier+1","Gash","Gash","Coolheaded","Capacitor","Chill+1","Conserve Battery","Electrodynamics","RitualDagger+1","Gash","Ball Lightning"],"relics":["Cracked Core","NeowsBlessing","Bag of Marbles","Odd Mushroom","Regal Pillow","Art of War","Inserter","Shuriken"],"potions_floor_usage":[8,16],"damage_taken":[{"damage":0,"enemies":"2 Louse","floor":1,"turns":1},{"damage":0,"enemies":"Small Slimes","floor":5,"turns":1},{"damage":0,"enemies":"Gremlin Nob","floor":6,"turns":1},{"damage":7,"enemies":"Jaw Worm","floor":7,"turns":2},{"damage":1,"enemies":"The Mushroom Lair","floor":8,"turns":5},{"damage":21,"enemies":"3 Sentries","floor":11,"turns":10},{"damage":2,"enemies":"3 Louse","floor":14,"turns":3},{"damage":15,"enemies":"The Guardian","floor":16,"turns":13},{"damage":27,"enemies":"3 Byrds","floor":18,"turns":6},{"damage":3,"enemies":"Chosen","floor":24,"turns":6},{"damage":57,"enemies":"Book of Stabbing","floor":25,"turns":7}],"seed_played":"-172924541237572819","potions_obtained":[{"floor":1,"key":"LiquidBronze"},{"floor":7,"key":"Fire Potion"},{"floor":24,"key":"Explosive Potion"}],"is_trial":false,"path_per_floor":["M","?","$","?","M","E","M","?","T","R","E","R","$","M","R","B",null,"M","?","?","$","?","R","M","E"],"character_chosen":"DEFECT","items_purchased":["Self Repair","Auto Shields","Chill","Gash"],"campfire_rested":0,"item_purchase_floors":[3,3,13,21],"current_hp_per_floor":[75,75,75,60,67,67,60,66,66,66,52,52,52,57,57,49,75,55,55,49,49,49,49,53,0],"gold":108,"neow_bonus":"THREE_ENEMY_KILL","is_prod":false,"is_daily":false,"chose_seed":false,"campfire_upgraded":4,"win_rate":0,"timestamp":1559174131,"path_taken":["M","?","$","?","M","E","M","?","T","R","E","R","$","M","R","BOSS","M","?","?","?","?","R","M","E"],"build_version":"2019-01-23","purchased_purges":1,"victory":false,"max_hp_per_floor":[75,75,75,75,75,75,75,75,75,75,75,75,75,75,75,75,75,75,75,75,75,75,75,75,75],"card_choices":[{"not_picked":["Reprogram","Skim"],"picked":"Melter","floor":1},{"not_picked":["Barrage","Rebound"],"picked":"Glacier","floor":5},{"not_picked":["Barrage","Glacier"],"picked":"Gash","floor":6},{"not_picked":["Turbo","Conserve Battery"],"picked":"Gash","floor":7},{"not_picked":["Turbo","Compile Driver"],"picked":"Coolheaded","floor":8},{"not_picked":["Reboot","Beam Cell"],"picked":"Capacitor","floor":11},{"not_picked":["Hello World","Capacitor"],"picked":"Conserve Battery","floor":14},{"not_picked":["All For One","Seek"],"picked":"Electrodynamics","floor":16},{"not_picked":["Lockon","Coolheaded","Conserve Battery"],"picked":"SKIP","floor":18},{"not_picked":["Reinforced Body","White Noise+1"],"picked":"Ball Lightning","floor":24}],"player_experience":355557,"relics_obtained":[{"floor":6,"key":"Bag of Marbles"},{"floor":8,"key":"Odd Mushroom"},{"floor":9,"key":"Regal Pillow"},{"floor":11,"key":"Art of War"}],"event_choices":[{"damage_healed":0,"gold_gain":62,"player_choice":"Gained Gold","damage_taken":0,"max_hp_gain":0,"max_hp_loss":0,"event_name":"Golden Wing","floor":2,"gold_loss":0},{"damage_healed":0,"gold_gain":0,"player_choice":"Entered Light","damage_taken":15,"max_hp_gain":0,"max_hp_loss":0,"event_name":"Shining Light","floor":4,"gold_loss":0,"cards_upgraded":["Dualcast","Defend_B"]},{"damage_healed":0,"gold_gain":0,"player_choice":"Fought Mushrooms","damage_taken":0,"max_hp_gain":0,"max_hp_loss":0,"event_name":"Mushrooms","floor":8,"gold_loss":0},{"damage_healed":0,"gold_gain":0,"player_choice":"Obtained Relic","damage_taken":0,"relics_obtained":["Shuriken"],"max_hp_gain":0,"max_hp_loss":0,"event_name":"Addict","floor":19,"gold_loss":85},{"damage_healed":0,"gold_gain":0,"player_choice":"Joined the Cult","damage_taken":6,"max_hp_gain":0,"max_hp_loss":0,"event_name":"Nest","floor":20,"gold_loss":0,"cards_obtained":["RitualDagger"]},{"damage_healed":0,"gold_gain":0,"player_choice":"Ignored","damage_taken":0,"max_hp_gain":0,"max_hp_loss":0,"event_name":"Vampires","floor":22,"gold_loss":0}],"is_beta":false,"boss_relics":[{"not_picked":["White Beast Statue","Astrolabe"],"picked":"Inserter"}],"items_purged_floors":[13],"is_endless":false,"potions_floor_spawned":[1,7,24],"killed_by":"Book of Stabbing","ascension_level":4}