{"gold_per_floor":[110,128,128,141,152,152,152,152,152,35,69,89,89,43,43,172,172,188,37,57,57,77,77,91,91,91,91,16,39,53,53,53,184,184,207,207,207,232,232,232,232],"floor_reached":41,"playtime":2380,"items_purged":["Strike_R"],"score":626,"play_id":"7df0c308-c3bb-4ef8-9846-f7c58cba2baf","local_time":"20190517175127","is_ascension_mode":true,"campfire_choices":[{"data":"Bash","floor":6,"key":"SMITH"},{"data":"Battle Trance","floor":8,"key":"SMITH"},{"data":"Inflame","floor":13,"key":"SMITH"},{"data":"True Grit","floor":15,"key":"SMITH"},{"data":"Uppercut","floor":23,"key":"SMITH"},{"data":"Metallicize","floor":25,"key":"SMITH"},{"data":"Metallicize","floor":27,"key":"SMITH"},{"data":"Rampage","floor":32,"key":"SMITH"},{"data":"Armaments","floor":40,"key":"SMITH"}],"neow_cost":"NONE","seed_source_timestamp":2244657754600,"circlet_count":0,"master_deck":["AscendersBane","Strike_R+1","Strike_R+1","Defend_R+1","Defend_R+1","Defend_R+1","Defend_R+1","Bash+1","Sword Boomerang","Reaper","Armaments+1","Battle Trance+1","Inflame+1","Pummel","Rampage+1","Iron Wave","True Grit+1","Metallicize+1","Metallicize+1","Heavy Blade","Uppercut+1","Shrug It Off+1","Dark Shackles+1","Pummel"],"relics":["Burning Blood","Golden Idol","Blue Candle","Turnip","Philosopher\u0027s Stone","Toxic Egg 2","MutagenicStrength","Busted Crown","Meat on the Bone"],"potions_floor_usage":[11,12,18,30,30,41],"damage_taken":[{"damage":7,"enemies":"2 Louse","floor":1,"turns":3},{"damage":1,"enemies":"Cultist","floor":2,"turns":3},{"damage":12,"enemies":"Jaw Worm","floor":4,"turns":3},{"damage":26,"enemies":"3 Louse","floor":5,"turns":4},{"damage":49,"enemies":"3 Sentries","floor":11,"turns":11},{"damage":0,"enemies":"Large Slime","floor":12,"turns":4},{"damage":46,"enemies":"The Guardian","floor":16,"turns":10},{"damage":30,"enemies":"3 Byrds","floor":18,"turns":5},{"damage":3,"enemies":"Shell Parasite","floor":20,"turns":8},{"damage":27,"enemies":"Snake Plant","floor":22,"turns":5},{"damage":6,"enemies":"Centurion and Healer","floor":24,"turns":7},{"damage":13,"enemies":"Snecko","floor":29,"turns":4},{"damage":16,"enemies":"3 Cultists","floor":30,"turns":5},{"damage":72,"enemies":"Collector","floor":33,"turns":14},{"damage":32,"enemies":"3 Darklings","floor":35,"turns":5},{"damage":13,"enemies":"3 Shapes","floor":38,"turns":6},{"damage":79,"enemies":"Giant Head","floor":41,"turns":7}],"seed_played":"2981525653145747638","potions_obtained":[{"floor":1,"key":"Energy Potion"},{"floor":2,"key":"Regen Potion"},{"floor":11,"key":"AttackPotion"},{"floor":12,"key":"SteroidPotion"},{"floor":18,"key":"Swift Potion"},{"floor":29,"key":"Strength Potion"},{"floor":33,"key":"Swift Potion"}],"is_trial":false,"path_per_floor":["M","M","?","M","M","R","?","R","T","$","E","M","R","$","R","B",null,"M","$","M","?","M","R","M","R","T","R","?","M","M","?","R","B",null,"M","?","?","M","T","R","E"],"character_chosen":"IRONCLAD","items_purchased":["Inflame","Pummel","True Grit","Metallicize"],"campfire_rested":0,"item_purchase_floors":[10,10,14,19],"current_hp_per_floor":[79,84,84,84,76,76,54,54,54,54,44,64,64,64,64,31,74,67,67,70,70,49,49,49,49,49,49,49,42,59,59,59,14,70,58,58,58,51,51,51,0],"gold":232,"neow_bonus":"TEN_PERCENT_HP_BONUS","is_prod":false,"is_daily":false,"chose_seed":false,"campfire_upgraded":9,"win_rate":0,"timestamp":1558129887,"path_taken":["M","M","?","M","?","R","?","R","T","$","E","M","R","?","R","BOSS","M","$","M","?","M","R","M","R","T","R","?","M","M","?","R","BOSS","M","?","?","?","?","R","E"],"build_version":"2019-01-23","purchased_purges":1,"victory":false,"max_hp_per_floor":[88,88,88,88,88,88,88,88,88,88,88,88,88,88,88,88,88,88,88,88,88,88,88,88,88,88,88,88,88,88,88,88,88,88,88,88,88,88,88,88,88],"card_choices":[{"not_picked":["Second Wind","Sentinel"],"picked":"Sword Boomerang","floor":1},{"not_picked":["Sword Boomerang","Warcry","Anger"],"picked":"SKIP","floor":2},{"not_picked":["Clash","Clothesline"],"picked":"Armaments","floor":4},{"not_picked":["Anger","Clothesline"],"picked":"Battle Trance","floor":5},{"not_picked":["Heavy Blade","True Grit"],"picked":"Rampage","floor":11},{"not_picked":["Rampage","Flex"],"picked":"Iron Wave","floor":12},{"not_picked":["Fire Breathing","Anger"],"picked":"Metallicize","floor":18},{"not_picked":["Thunderclap","Body Slam"],"picked":"Heavy Blade","floor":20},{"not_picked":["Body Slam+1","Clothesline"],"picked":"Uppercut","floor":22},{"not_picked":["Clothesline+1","Iron Wave","Pommel Strike"],"picked":"SKIP","floor":24},{"not_picked":["Perfected Strike","Bloodletting+1","Clothesline+1"],"picked":"SKIP","floor":29},{"not_picked":["Clash","Cleave"],"picked":"Shrug It Off+1","floor":30},{"not_picked":["Havoc+1"],"picked":"SKIP","floor":35},{"not_picked":[],"picked":"Dark Shackles+1","floor":36},{"not_picked":["Bloodletting+1"],"picked":"SKIP","floor":38}],"player_experience":293748,"relics_obtained":[{"floor":9,"key":"Blue Candle"},{"floor":11,"key":"Turnip"},{"floor":26,"key":"Toxic Egg 2"},{"floor":39,"key":"Meat on the Bone"}],"event_choices":[{"damage_healed":0,"gold_gain":0,"cards_transformed":["Strike_R"],"player_choice":"Transformed","damage_taken":0,"max_hp_gain":0,"max_hp_loss":0,"event_name":"Transmorgrifier","floor":3,"gold_loss":0,"cards_obtained":["Reaper"]},{"damage_healed":0,"gold_gain":0,"player_choice":"Take Damage","damage_taken":22,"relics_obtained":["Golden Idol"],"max_hp_gain":0,"max_hp_loss":0,"event_name":"Golden Idol","floor":7,"gold_loss":0},{"damage_healed":0,"gold_gain":0,"player_choice":"Simplicity","damage_taken":0,"max_hp_gain":0,"max_hp_loss":0,"event_name":"Back to Basics","floor":21,"gold_loss":0,"cards_upgraded":["Strike_R","Strike_R","Strike_R","Defend_R","Defend_R","Defend_R","Defend_R"]},{"cards_removed":["Strike_R"],"damage_healed":0,"gold_gain":0,"player_choice":"Gave Gold","damage_taken":0,"max_hp_gain":0,"max_hp_loss":0,"event_name":"Beggar","floor":28,"gold_loss":75},{"damage_healed":0,"gold_gain":0,"player_choice":"Inject Mutagens","damage_taken":0,"relics_obtained":["MutagenicStrength"],"max_hp_gain":0,"max_hp_loss":0,"event_name":"Drug Dealer","floor":31,"gold_loss":0},{"damage_healed":0,"gold_gain":0,"player_choice":"Memory 1","damage_taken":0,"max_hp_gain":0,"max_hp_loss":0,"event_name":"SensoryStone","floor":36,"gold_loss":0},{"damage_healed":0,"gold_gain":0,"player_choice":"Copied","damage_taken":0,"max_hp_gain":0,"max_hp_loss":0,"event_name":"Duplicator","floor":37,"gold_loss":0,"cards_obtained":["Pummel"]}],"is_beta":false,"boss_relics":[{"not_picked":["Coffee Dripper","Calling Bell"],"picked":"Philosopher\u0027s Stone"},{"not_picked":["Snecko Eye","Eternal Feather"],"picked":"Busted Crown"}],"items_purged_floors":[19],"is_endless":false,"potions_floor_spawned":[1,2,11,12,18,29,33],"killed_by":"Giant Head","ascension_level":12}