{"gold_per_floor":[144,244,289,334,379,469,469,514,539,539,584,10,10,130,130,430,430,475,520,22,67,67,157,457,457,457,502,547,592,682,727,727,1027,1027,1072,1072,32,77,122,122,167,167,167,212,212,257,302,347,347,347],"floor_reached":51,"playtime":2680,"items_purged":[],"score":1057,"play_id":"823158d5-71ee-474c-b7e6-df30a9327680","local_time":"20190403195228","daily_mods":["Heirloom","Hoarder","Midas"],"is_ascension_mode":false,"campfire_choices":[{"floor":7,"key":"REST"},{"floor":10,"key":"REST"},{"floor":13,"key":"REST"},{"floor":15,"key":"REST"},{"floor":32,"key":"REST"},{"data":"1","floor":40,"key":"LIFT"},{"data":"2","floor":42,"key":"LIFT"},{"data":"3","floor":45,"key":"LIFT"},{"floor":49,"key":"REST"}],"neow_cost":"","seed_source_timestamp":0,"circlet_count":0,"master_deck":["Defend_G","Defend_G","Defend_G","Defend_G","Defend_G","Survivor","Neutralize","All Out Attack","All Out Attack","All Out Attack","Backflip","Backflip","Backflip","Flying Knee","Flying Knee","Flying Knee","Deadly Poison","Deadly Poison","Deadly Poison","Prepared","Prepared","Prepared","Footwork","Footwork","Footwork","Blur","Blur","Blur","Infinite Blades","Infinite Blades","Infinite Blades","Bullet Time","Bullet Time","Bullet Time","Accuracy","Accuracy","Accuracy","Poisoned Stab+1","Poisoned Stab","Poisoned Stab","Dramatic Entrance+1","Dramatic Entrance+1","Dramatic Entrance+1","Storm of Steel","Storm of Steel","Storm of Steel","Writhe","Writhe","Writhe","Bane+1","Bane+1","Bane+1","Bite+1","Bite+1","Bite+1","Bite+1","Bite+1","Bite+1","Bite+1","Bite+1","Bite+1","Bite+1","Bite+1","Bite+1","Bite+1","Bite+1","Bite+1","Infinite Blades","Infinite Blades","Infinite Blades","Acrobatics","Acrobatics","Acrobatics","Quick Slash+1","Quick Slash+1","Quick Slash+1","Bane+1","Bane+1","Bane+1","Bouncing Flask+1","Bouncing Flask+1","Bouncing Flask+1","Cloak And Dagger+1","Cloak And Dagger+1","Cloak And Dagger+1","Backflip+1","Backflip+1","Backflip+1","Blade Dance+1","Blade Dance+1","Blade Dance+1","Prepared","Prepared","Prepared"],"special_seed":17989,"relics":["Ring of the Serpent","StoneCalendar","The Courier","Lantern","Membership Card","Mango","Strawberry","Mercury Hourglass","Vajra","Bronze Scales","Tiny Chest","Cursed Key","Molten Egg 2","TwistedFunnel","PreservedInsect","Bottled Tornado","Anchor","Whetstone","Potion Belt","Pear","FossilizedHelix","Kunai","Blood Vial","Snake Skull","OrangePellets","Oddly Smooth Stone","Bag of Marbles","Orichalcum","Girya","Happy Flower","The Specimen","Dream Catcher","Question Card","Pantograph","Paper Crane","Art of War"],"potions_floor_usage":[6,14,16,23,23,24,28,46,50,50,50,50],"damage_taken":[{"damage":0,"enemies":"Jaw Worm","floor":1,"turns":4},{"damage":1,"enemies":"Cultist","floor":3,"turns":4},{"damage":6,"enemies":"2 Louse","floor":4,"turns":2},{"damage":16,"enemies":"Large Slime","floor":5,"turns":6},{"damage":11,"enemies":"Lagavulin","floor":6,"turns":6},{"damage":10,"enemies":"Exordium Wildlife","floor":8,"turns":4},{"damage":4,"enemies":"Red Slaver","floor":11,"turns":2},{"damage":4,"enemies":"3 Sentries","floor":14,"turns":3},{"damage":0,"enemies":"The Guardian","floor":16,"turns":7},{"damage":5,"enemies":"Shell Parasite","floor":18,"turns":4},{"damage":0,"enemies":"3 Byrds","floor":19,"turns":3},{"damage":11,"enemies":"Snake Plant","floor":21,"turns":3},{"damage":10,"enemies":"Book of Stabbing","floor":23,"turns":4},{"damage":0,"enemies":"Colosseum Slavers","floor":24,"turns":2},{"damage":0,"enemies":"Colosseum Nobs","floor":24,"turns":2},{"damage":0,"enemies":"Centurion and Healer","floor":27,"turns":2},{"damage":15,"enemies":"Shelled Parasite and Fungi","floor":28,"turns":3},{"damage":0,"enemies":"Chosen and Byrds","floor":29,"turns":2},{"damage":0,"enemies":"Slavers","floor":30,"turns":2},{"damage":0,"enemies":"Centurion and Healer","floor":31,"turns":3},{"damage":40,"enemies":"Collector","floor":33,"turns":7},{"damage":0,"enemies":"3 Shapes","floor":35,"turns":2},{"damage":0,"enemies":"Orb Walker","floor":38,"turns":2},{"damage":3,"enemies":"Writhing Mass","floor":39,"turns":5},{"damage":19,"enemies":"Maw","floor":41,"turns":5},{"damage":0,"enemies":"Spire Growth","floor":44,"turns":3},{"damage":2,"enemies":"Writhing Mass","floor":46,"turns":4},{"damage":0,"enemies":"4 Shapes","floor":47,"turns":1},{"damage":0,"enemies":"Spire Growth","floor":48,"turns":3},{"damage":38,"enemies":"Awakened One","floor":50,"turns":7}],"seed_played":"8059318561791735055","potions_obtained":[{"floor":1,"key":"Swift Potion"},{"floor":5,"key":"Strength Potion"},{"floor":6,"key":"AttackPotion"},{"floor":14,"key":"Energy Potion"},{"floor":18,"key":"Dexterity Potion"},{"floor":23,"key":"SkillPotion"},{"floor":27,"key":"Poison Potion"},{"floor":29,"key":"Regen Potion"},{"floor":33,"key":"LiquidBronze"},{"floor":35,"key":"SteroidPotion"},{"floor":38,"key":"FearPotion"},{"floor":39,"key":"GhostInAJar"},{"floor":48,"key":"Poison Potion"}],"is_trial":false,"path_per_floor":["M","?","M","M","M","E","R","M","T","R","M","$","R","E","R","B",null,"M","M","$","M","?","E","?","?","T","M","M","M","E","M","R","B",null,"M","T","$","M","M","R","M","R","T","M","R","M","M","M","R","B",null],"character_chosen":"THE_SILENT","items_purchased":["Membership Card","Mango","Strawberry","Mercury Hourglass","Vajra","Blur","Bronze Scales","Molten Egg 2","TwistedFunnel","Dramatic Entrance+1","PreservedInsect","Bottled Tornado","Anchor","Whetstone","Snake Skull","OrangePellets","Oddly Smooth Stone","Bag of Marbles","Orichalcum","Girya","Happy Flower","The Specimen","Dream Catcher","Question Card","Pantograph","Paper Crane","Art of War"],"campfire_rested":6,"item_purchase_floors":[12,12,12,12,12,12,12,20,20,20,20,20,20,20,37,37,37,37,37,37,37,37,37,37,37,37,37],"current_hp_per_floor":[70,70,69,63,47,36,57,47,47,68,64,85,91,87,91,91,91,86,86,86,75,75,75,75,70,70,70,55,55,58,66,70,45,70,70,70,70,70,70,70,57,57,57,65,65,68,70,70,70,34],"gold":347,"neow_bonus":"","is_prod":false,"is_daily":true,"chose_seed":false,"campfire_upgraded":0,"win_rate":0,"timestamp":1554335548,"path_taken":["M","?","M","M","M","E","R","?","T","R","?","$","R","E","R","BOSS","M","?","$","M","?","E","?","?","T","?","M","M","E","M","R","BOSS","M","?","?","M","M","R","M","R","T","M","R","M","?","M","R","BOSS"],"build_version":"2019-01-23","purchased_purges":0,"victory":true,"max_hp_per_floor":[70,70,70,70,70,70,70,70,70,70,70,91,91,91,91,91,91,91,91,91,91,91,101,101,70,70,70,70,70,70,70,70,70,70,70,70,70,70,70,70,70,70,70,70,70,70,70,70,70,70],"card_choices":[{"not_picked":["Choke","Dodge and Roll","Predator"],"picked":"SKIP","floor":1},{"not_picked":["Bane","Riddle With Holes"],"picked":"All Out Attack","floor":3},{"not_picked":["Skewer","Well Laid Plans"],"picked":"Backflip","floor":4},{"not_picked":["Tactician","Bane"],"picked":"Flying Knee","floor":5},{"not_picked":["Accuracy","Bane"],"picked":"Deadly Poison","floor":6},{"not_picked":["Backflip","Deadly Poison"],"picked":"Prepared","floor":8},{"not_picked":["Masterful Stab","Sucker Punch"],"picked":"Footwork","floor":11},{"not_picked":["Heel Hook","Bane"],"picked":"Infinite Blades","floor":14},{"not_picked":["Storm of Steel","Phantasmal Killer"],"picked":"Bullet Time","floor":16},{"not_picked":["Underhanded Strike+1","Escape Plan"],"picked":"Accuracy","floor":18},{"not_picked":["Deadly Poison","Outmaneuver"],"picked":"Poisoned Stab","floor":19},{"not_picked":["Setup+1","Dagger Throw+1"],"picked":"Storm of Steel","floor":21},{"not_picked":["Riddle With Holes+1","Tactician","Flying Knee+1"],"picked":"SKIP","floor":23},{"not_picked":["Distraction","Tactician"],"picked":"Bane+1","floor":24},{"not_picked":["Dagger Throw+1","Dodge and Roll"],"picked":"Infinite Blades","floor":27},{"not_picked":["Dagger Spray+1","Leg Sweep"],"picked":"Acrobatics","floor":28},{"not_picked":["Riddle With Holes+1","Crippling Poison","Dagger Spray+1"],"picked":"SKIP","floor":29},{"not_picked":["Dodge and Roll","Backflip","PiercingWail+1"],"picked":"SKIP","floor":30},{"not_picked":["Masterful Stab+1","Blur","Sucker Punch+1"],"picked":"SKIP","floor":31},{"not_picked":["Masterful Stab+1","Calculated Gamble"],"picked":"Quick Slash+1","floor":35},{"not_picked":["Infinite Blades+1","Reflex+1","Outmaneuver"],"picked":"Bane+1","floor":38},{"not_picked":["Dagger Spray+1","Prepared","Well Laid Plans"],"picked":"Bouncing Flask+1","floor":39},{"not_picked":["Bane+1","Dash+1","Blur"],"picked":"Cloak And Dagger+1","floor":41},{"not_picked":["Endless Agony+1","Dodge and Roll+1","Bane+1"],"picked":"Backflip+1","floor":44},{"not_picked":["PiercingWail","Flying Knee+1","Blur+1","Sucker Punch+1"],"picked":"SKIP","floor":46},{"not_picked":["Sucker Punch+1","Setup","Deadly Poison+1","Terror"],"picked":"SKIP","floor":47},{"not_picked":["Calculated Gamble+1","Endless Agony+1","Concentrate+1"],"picked":"Blade Dance+1","floor":48},{"not_picked":["Eviscerate+1","Storm of Steel","Outmaneuver"],"picked":"Prepared","floor":49}],"player_experience":78812,"relics_obtained":[{"floor":6,"key":"The Courier"},{"floor":9,"key":"Lantern"},{"floor":14,"key":"Tiny Chest"},{"floor":23,"key":"Pear"},{"floor":24,"key":"FossilizedHelix"},{"floor":24,"key":"Kunai"},{"floor":30,"key":"Blood Vial"}],"event_choices":[{"damage_healed":0,"gold_gain":100,"player_choice":"Pray","damage_taken":0,"max_hp_gain":0,"max_hp_loss":0,"event_name":"Golden Shrine","floor":2,"gold_loss":0},{"damage_healed":0,"gold_gain":0,"player_choice":"Opened","damage_taken":0,"relics_obtained":["Potion Belt"],"max_hp_gain":0,"max_hp_loss":0,"event_name":"The Mausoleum","floor":22,"gold_loss":0,"cards_obtained":["Writhe"]},{"damage_healed":0,"gold_gain":0,"player_choice":"Fight","damage_taken":0,"max_hp_gain":0,"max_hp_loss":0,"event_name":"Colosseum","floor":24,"gold_loss":0},{"damage_healed":0,"gold_gain":0,"player_choice":"Fought Nobs","damage_taken":0,"max_hp_gain":0,"max_hp_loss":0,"event_name":"Colosseum","floor":24,"gold_loss":0},{"damage_healed":0,"gold_gain":0,"player_choice":"Became a vampire","damage_taken":0,"max_hp_gain":0,"max_hp_loss":31,"event_name":"Vampires","floor":25,"gold_loss":0,"cards_obtained":["Bite","Bite","Bite","Bite","Bite"]}],"is_beta":false,"boss_relics":[{"not_picked":["WristBlade","White Beast Statue"],"picked":"Cursed Key"},{"not_picked":["Fusion Hammer","Runic Pyramid"],"picked":"Ring of the Serpent"}],"items_purged_floors":[],"is_endless":false,"potions_floor_spawned":[1,5,6,14,18,23,24,27,29,33,35,38,39,48],"ascension_level":0}