{"gold_per_floor":[109,124,50,50,64,64,79,98,98,111,145,156,156,97,97,195,195,211,211,223,238,238,238,251,251,305,338,338,367,367,402,402,402],"floor_reached":33,"playtime":1740,"items_purged":[],"score":476,"play_id":"cfb54913-ecd9-4024-bf29-fdd62782f641","local_time":"20190511183812","is_ascension_mode":true,"campfire_choices":[{"data":"Carnage","floor":6,"key":"SMITH"},{"data":"Whirlwind","floor":13,"key":"SMITH"},{"data":"Flame Barrier","floor":15,"key":"SMITH"},{"data":"Bash","floor":23,"key":"SMITH"},{"data":"True Grit","floor":25,"key":"SMITH"},{"data":"Shrug It Off","floor":28,"key":"SMITH"},{"floor":30,"key":"REST"},{"floor":32,"key":"REST"}],"neow_cost":"NONE","seed_source_timestamp":28158973517700,"circlet_count":0,"master_deck":["AscendersBane","Strike_R+1","Strike_R+1","Strike_R+1","Strike_R+1","Defend_R+1","Defend_R+1","Defend_R+1","Defend_R+1","Bash+1","Flame Barrier+1","Whirlwind+1","Carnage+1","Anger+1","Reaper+1","Shrug It Off+1","True Grit+1","Shrug It Off","Iron Wave+1"],"relics":["Black Blood","PreservedInsect","Pear","Molten Egg 2","Ornamental Fan","Tiny Chest","Vajra","Whetstone","Turnip"],"potions_floor_usage":[11,24,29,33],"damage_taken":[{"damage":14,"enemies":"Jaw Worm","floor":1,"turns":6},{"damage":3,"enemies":"Small Slimes","floor":2,"turns":5},{"damage":16,"enemies":"Cultist","floor":5,"turns":4},{"damage":5,"enemies":"2 Fungi Beasts","floor":7,"turns":4},{"damage":24,"enemies":"Exordium Thugs","floor":8,"turns":5},{"damage":12,"enemies":"Looter","floor":10,"turns":3},{"damage":15,"enemies":"Lagavulin","floor":11,"turns":3},{"damage":3,"enemies":"Blue Slaver","floor":12,"turns":4},{"damage":19,"enemies":"Hexaghost","floor":16,"turns":10},{"damage":47,"enemies":"Spheric Guardian","floor":18,"turns":7},{"damage":0,"enemies":"3 Byrds","floor":20,"turns":5},{"damage":30,"enemies":"Snake Plant","floor":21,"turns":7},{"damage":36,"enemies":"Centurion and Healer","floor":24,"turns":7},{"damage":12,"enemies":"Gremlin Leader","floor":27,"turns":5},{"damage":58,"enemies":"Slavers","floor":29,"turns":6},{"damage":22,"enemies":"Gremlin Leader","floor":31,"turns":5},{"damage":98,"enemies":"Collector","floor":33,"turns":9}],"seed_played":"4967090330732512247","potions_obtained":[{"floor":5,"key":"SteroidPotion"},{"floor":7,"key":"Fire Potion"},{"floor":18,"key":"Regen Potion"},{"floor":31,"key":"Weak Potion"}],"is_trial":false,"path_per_floor":["M","M","$","?","M","R","M","M","T","M","E","M","R","?","R","B",null,"M","?","M","M","?","R","M","R","T","E","R","E","R","E","R","B"],"character_chosen":"IRONCLAD","items_purchased":["Whirlwind"],"campfire_rested":2,"item_purchase_floors":[3],"current_hp_per_floor":[64,67,67,60,50,50,51,33,43,37,28,31,31,31,31,18,72,40,40,55,35,65,65,64,64,64,62,62,33,60,48,75,0],"gold":402,"neow_bonus":"RANDOM_COMMON_RELIC","is_prod":false,"is_daily":false,"chose_seed":false,"campfire_upgraded":6,"win_rate":0,"timestamp":1557614292,"path_taken":["M","M","$","?","M","R","M","M","T","M","E","M","R","?","R","BOSS","M","?","M","M","?","R","M","R","T","E","R","E","R","E","R","BOSS"],"build_version":"2019-01-23","purchased_purges":0,"victory":false,"max_hp_per_floor":[80,80,80,80,80,80,80,80,90,90,90,90,90,90,90,90,90,90,90,90,90,90,90,90,90,90,90,90,90,90,90,90,90],"card_choices":[{"not_picked":["Twin Strike","Pommel Strike"],"picked":"Flame Barrier","floor":1},{"not_picked":["Clash","Thunderclap","Feel No Pain"],"picked":"SKIP","floor":2},{"not_picked":["Burning Pact","Perfected Strike"],"picked":"Carnage","floor":5},{"not_picked":["Sword Boomerang","Corruption","Seeing Red"],"picked":"SKIP","floor":7},{"not_picked":["Wild Strike","Second Wind","Anger"],"picked":"SKIP","floor":8},{"not_picked":["Cleave","Blood for Blood"],"picked":"Anger","floor":10},{"not_picked":["Hemokinesis","Limit Break","Rupture"],"picked":"SKIP","floor":11},{"not_picked":["Anger+1","Thunderclap+1","Intimidate"],"picked":"SKIP","floor":12},{"not_picked":["Dark Embrace","Impervious"],"picked":"Reaper+1","floor":16},{"not_picked":["Headbutt+1","Body Slam+1","Sword Boomerang+1"],"picked":"SKIP","floor":18},{"not_picked":["Pummel+1","True Grit"],"picked":"Shrug It Off","floor":20},{"not_picked":["Blood for Blood+1","Exhume","Seeing Red"],"picked":"SKIP","floor":21},{"not_picked":["Searing Blow+1","Metallicize"],"picked":"True Grit","floor":24},{"not_picked":["Metallicize","Perfected Strike+1","Impervious"],"picked":"SKIP","floor":27},{"not_picked":["Armaments+1","Twin Strike+1"],"picked":"Shrug It Off","floor":29},{"not_picked":["Clothesline+1","Perfected Strike+1"],"picked":"Iron Wave+1","floor":31}],"player_experience":263446,"relics_obtained":[{"floor":9,"key":"Pear"},{"floor":11,"key":"Molten Egg 2"},{"floor":26,"key":"Tiny Chest"},{"floor":27,"key":"Vajra"},{"floor":29,"key":"Whetstone"},{"floor":31,"key":"Turnip"}],"event_choices":[{"cards_removed":["Strike_R"],"damage_healed":0,"gold_gain":0,"player_choice":"Card Removal","damage_taken":7,"max_hp_gain":0,"max_hp_loss":0,"event_name":"Golden Wing","floor":4,"gold_loss":0},{"damage_healed":0,"gold_gain":0,"player_choice":"Paid Gold","damage_taken":0,"relics_obtained":["Ornamental Fan"],"max_hp_gain":0,"max_hp_loss":0,"event_name":"WeMeetAgain","floor":14,"gold_loss":59},{"damage_healed":0,"gold_gain":0,"player_choice":"Simplicity","damage_taken":0,"max_hp_gain":0,"max_hp_loss":0,"event_name":"Back to Basics","floor":19,"gold_loss":0,"cards_upgraded":["Strike_R","Strike_R","Strike_R","Strike_R","Defend_R","Defend_R","Defend_R","Defend_R"]},{"damage_healed":30,"gold_gain":0,"player_choice":"Heal","damage_taken":0,"max_hp_gain":0,"max_hp_loss":0,"event_name":"The Library","floor":22,"gold_loss":0}],"is_beta":false,"boss_relics":[{"not_picked":["Tiny House","Ectoplasm"],"picked":"Black Blood"}],"items_purged_floors":[],"is_endless":false,"potions_floor_spawned":[5,7,10,18,20,31],"killed_by":"Collector","ascension_level":11}