{"gold_per_floor":[110,59,74,24,24,24,36,64,64,97,114,114,114,124,124,124],"floor_reached":16,"playtime":366,"items_purged":[],"score":187,"play_id":"f2e834d3-cf10-43f0-b907-77a0e4545dfe","local_time":"20190607205537","is_ascension_mode":true,"campfire_choices":[{"data":"Whirlwind","floor":6,"key":"SMITH"},{"floor":12,"key":"REST"},{"data":"True Grit","floor":15,"key":"SMITH"}],"neow_cost":"NONE","seed_source_timestamp":15096864776800,"circlet_count":0,"master_deck":["AscendersBane","Strike_R","Strike_R","Strike_R","Strike_R","Defend_R","Defend_R","Defend_R","Defend_R","Bash+1","Purity","Clothesline+1","Shrug It Off","Whirlwind+1","Shrug It Off","Carnage+1","Uppercut+1","True Grit+1"],"relics":["Burning Blood","Molten Egg 2","Oddly Smooth Stone","Du-Vu Doll"],"potions_floor_usage":[10,16],"damage_taken":[{"damage":7,"enemies":"Jaw Worm","floor":1,"turns":3},{"damage":0,"enemies":"Small Slimes","floor":3,"turns":4},{"damage":6,"enemies":"2 Louse","floor":7,"turns":3},{"damage":45,"enemies":"Lagavulin","floor":8,"turns":7},{"damage":19,"enemies":"3 Sentries","floor":10,"turns":7},{"damage":8,"enemies":"Red Slaver","floor":11,"turns":3},{"damage":19,"enemies":"Exordium Thugs","floor":14,"turns":4},{"damage":28,"enemies":"The Guardian","floor":16,"turns":5}],"seed_played":"-6843552924490046306","potions_obtained":[{"floor":1,"key":"Swift Potion"},{"floor":8,"key":"SkillPotion"},{"floor":11,"key":"LiquidBronze"}],"is_trial":false,"path_per_floor":["M","$","M","?","?","R","M","E","T","E","M","R","?","M","R","B"],"character_chosen":"IRONCLAD","items_purchased":["Shrug It Off"],"campfire_rested":1,"item_purchase_floors":[2],"current_hp_per_floor":[67,67,73,73,73,73,73,34,34,21,19,41,41,28,28,0],"gold":124,"neow_bonus":"RANDOM_COLORLESS","is_prod":false,"is_daily":false,"chose_seed":false,"campfire_upgraded":2,"win_rate":0,"timestamp":1559955337,"path_taken":["M","$","M","?","?","R","M","E","T","E","M","R","?","?","R","BOSS"],"build_version":"2019-01-23","purchased_purges":0,"victory":false,"max_hp_per_floor":[75,75,75,75,75,75,75,75,75,75,75,75,75,75,75,75],"card_choices":[{"not_picked":["Hemokinesis","Wild Strike"],"picked":"Clothesline","floor":1},{"not_picked":["Battle Trance","Havoc"],"picked":"Whirlwind","floor":3},{"not_picked":["Anger","Evolve","Havoc"],"picked":"SKIP","floor":7},{"not_picked":["Clothesline","Dropkick"],"picked":"Shrug It Off","floor":8},{"not_picked":["Hemokinesis+1","Warcry"],"picked":"Carnage+1","floor":10},{"not_picked":["Clothesline+1","Cleave+1"],"picked":"Uppercut+1","floor":11},{"not_picked":["Bloodletting","Cleave+1"],"picked":"True Grit","floor":14}],"player_experience":387397,"relics_obtained":[{"floor":8,"key":"Molten Egg 2"},{"floor":9,"key":"Oddly Smooth Stone"},{"floor":10,"key":"Du-Vu Doll"}],"event_choices":[{"cards_removed":["Strike_R"],"damage_healed":0,"gold_gain":0,"player_choice":"Card Removal","damage_taken":0,"max_hp_gain":0,"max_hp_loss":0,"event_name":"The Cleric","floor":4,"gold_loss":50},{"damage_healed":0,"gold_gain":0,"player_choice":"Grow","damage_taken":0,"max_hp_gain":0,"max_hp_loss":0,"event_name":"Living Wall","floor":5,"gold_loss":0,"cards_upgraded":["Bash"]},{"damage_healed":0,"gold_gain":0,"player_choice":"Forge","damage_taken":0,"max_hp_gain":0,"max_hp_loss":0,"event_name":"Accursed Blacksmith","floor":13,"gold_loss":0,"cards_upgraded":["Clothesline"]}],"is_beta":false,"boss_relics":[],"items_purged_floors":[],"is_endless":false,"potions_floor_spawned":[1,8,11],"killed_by":"The Guardian","ascension_level":14}