{"gold_per_floor":[113,128,148,148,173,206,206,230,230,155,168,168,168,195,195,324,324,342,362,362,378,397,397,397,416,442,146,162,236,250,250,250,378,378,392,408,408,432,432,432,432,432,482,231,245,245,105,105,105,105],"floor_reached":50,"playtime":3598,"items_purged":["Strike_B"],"score":511,"play_id":"d02e6124-e29d-47b3-b5b5-271de875cfa6","local_time":"20190707200313","is_ascension_mode":true,"campfire_choices":[{"data":"Sunder","floor":7,"key":"SMITH"},{"floor":12,"key":"REST"},{"data":"Defragment","floor":15,"key":"SMITH"},{"floor":23,"key":"REST"},{"data":"Defragment","floor":24,"key":"SMITH"},{"data":"Biased Cognition","floor":32,"key":"SMITH"},{"data":"Conserve Battery","floor":40,"key":"SMITH"},{"data":"Double Energy","floor":46,"key":"SMITH"},{"data":"Fission","floor":49,"key":"SMITH"}],"neow_cost":"NONE","seed_source_timestamp":1317068416212202,"circlet_count":0,"master_deck":["Defend_B+1","Defend_B+1","Defend_B+1","Zap+1","Dualcast+1","Cold Snap+1","Sunder+1","Defragment+1","Biased Cognition+1","Sunder+1","Fusion+1","Compile Driver+1","Defragment+1","Darkness+1","Ball Lightning+1","Redo+1","Writhe","Seek+1","Rebound+1","BootSequence+1","Conserve Battery+1","Echo Form+1","Mayhem+1","Parasite","Double Energy+1","Fission+1"],"relics":["Cracked Core","Golden Idol","WingedGreaves","Ornamental Fan","Centennial Puzzle","Astrolabe","Boot","Bird Faced Urn","Letter Opener","Frozen Egg 2","Nuclear Battery","Mark of the Bloom","Vajra","Mummified Hand"],"potions_floor_usage":[6,16,30,36,50],"damage_taken":[{"damage":1,"enemies":"Cultist","floor":1,"turns":3},{"damage":2,"enemies":"Jaw Worm","floor":2,"turns":3},{"damage":0,"enemies":"Small Slimes","floor":3,"turns":4},{"damage":3,"enemies":"Blue Slaver","floor":5,"turns":5},{"damage":19,"enemies":"3 Sentries","floor":6,"turns":9},{"damage":6,"enemies":"3 Louse","floor":8,"turns":2},{"damage":16,"enemies":"Lots of Slimes","floor":11,"turns":4},{"damage":14,"enemies":"The Guardian","floor":16,"turns":12},{"damage":6,"enemies":"Shell Parasite","floor":18,"turns":9},{"damage":19,"enemies":"2 Thieves","floor":19,"turns":3},{"damage":13,"enemies":"Snake Plant","floor":21,"turns":3},{"damage":14,"enemies":"Snecko","floor":22,"turns":4},{"damage":8,"enemies":"3 Cultists","floor":25,"turns":4},{"damage":4,"enemies":"Shelled Parasite and Fungi","floor":28,"turns":5},{"damage":11,"enemies":"Sentry and Sphere","floor":30,"turns":5},{"damage":28,"enemies":"Automaton","floor":33,"turns":8},{"damage":8,"enemies":"Orb Walker","floor":35,"turns":3},{"damage":21,"enemies":"3 Darklings","floor":36,"turns":3},{"damage":3,"enemies":"Sphere and 2 Shapes","floor":38,"turns":3},{"damage":3,"enemies":"Writhing Mass","floor":45,"turns":4},{"damage":67,"enemies":"Time Eater","floor":50,"turns":6}],"seed_played":"30802838403004506","potions_obtained":[{"floor":1,"key":"Block Potion"},{"floor":6,"key":"SteroidPotion"},{"floor":8,"key":"Explosive Potion"},{"floor":16,"key":"LiquidBronze"},{"floor":22,"key":"Strength Potion"},{"floor":25,"key":"Block Potion"},{"floor":35,"key":"GamblersBrew"},{"floor":36,"key":"AttackPotion"}],"is_trial":false,"path_per_floor":["M","M","M","?","M","E","R","M","T","$","M","R","?","T","R","B",null,"M","M","?","M","M","R","R","M","T","$","M","T","M","?","R","B",null,"M","M","?","M","?","R","?","?","T","$","M","R","$","T","R","B"],"character_chosen":"DEFECT","items_purchased":["Bird Faced Urn","Echo Form+1","Mayhem+1","Fission"],"campfire_rested":2,"item_purchase_floors":[27,44,44,47],"current_hp_per_floor":[81,79,79,59,56,37,37,31,31,31,15,39,44,44,44,30,87,81,62,62,49,35,61,61,53,53,53,55,55,50,50,50,28,87,81,64,64,61,61,61,61,61,61,61,58,58,58,58,58,0],"gold":105,"neow_bonus":"TEN_PERCENT_HP_BONUS","is_prod":false,"is_daily":false,"chose_seed":false,"campfire_upgraded":7,"win_rate":0,"timestamp":1562554993,"path_taken":["M","M","?","?","M","E","R","M","T","$","M","R","?","?","R","BOSS","M","M","?","?","M","R","R","M","T","?","M","?","M","?","R","BOSS","M","M","?","M","?","R","?","?","T","$","M","R","$","?","R","BOSS"],"build_version":"2019-07-05","purchased_purges":1,"victory":false,"max_hp_per_floor":[82,82,82,82,82,82,82,82,82,82,82,82,87,87,87,87,87,87,87,87,87,87,87,87,87,87,87,87,87,87,87,87,87,87,87,87,87,87,87,87,76,76,76,76,76,76,76,76,76,76],"card_choices":[{"not_picked":["Blizzard","Sweeping Beam","Barrage"],"picked":"SKIP","floor":1},{"not_picked":["Capacitor","Compile Driver"],"picked":"Cold Snap","floor":2},{"not_picked":["Streamline","Melter","Reinforced Body"],"picked":"SKIP","floor":3},{"not_picked":["Force Field","Sweeping Beam"],"picked":"Sunder","floor":5},{"not_picked":["Cold Snap","Loop","Rip and Tear"],"picked":"SKIP","floor":6},{"not_picked":["Compile Driver","Beam Cell"],"picked":"Defragment","floor":8},{"not_picked":["Compile Driver","Cold Snap","Stack"],"picked":"SKIP","floor":11},{"not_picked":["Reboot","Meteor Strike"],"picked":"Biased Cognition","floor":16},{"not_picked":["Streamline","Cold Snap"],"picked":"Compile Driver","floor":18},{"not_picked":["Reinforced Body+1","Hologram","Go for the Eyes+1"],"picked":"SKIP","floor":19},{"not_picked":["Loop","Hologram"],"picked":"Defragment","floor":21},{"not_picked":["Gash+1","Consume"],"picked":"Darkness+1","floor":22},{"not_picked":["Steam Power+1","Storm"],"picked":"Ball Lightning","floor":25},{"not_picked":["Hologram","Gash"],"picked":"Redo","floor":28},{"not_picked":["Compile Driver","Redo","Cold Snap"],"picked":"SKIP","floor":30},{"not_picked":["Meteor Strike","Buffer+1"],"picked":"Seek","floor":33},{"not_picked":["Go for the Eyes+1","Melter+1"],"picked":"Rebound+1","floor":35},{"not_picked":["Skim","Streamline+1"],"picked":"BootSequence+1","floor":36},{"not_picked":["Compile Driver+1","Reboot"],"picked":"Conserve Battery","floor":38},{"not_picked":["Reprogram+1","Scrape"],"picked":"Double Energy","floor":45}],"player_experience":100594,"relics_obtained":[{"floor":6,"key":"WingedGreaves"},{"floor":9,"key":"Ornamental Fan"},{"floor":14,"key":"Centennial Puzzle"},{"floor":26,"key":"Boot"},{"floor":29,"key":"Letter Opener"},{"floor":43,"key":"Vajra"},{"floor":48,"key":"Mummified Hand"}],"event_choices":[{"damage_healed":0,"gold_gain":0,"player_choice":"Take Damage","damage_taken":20,"relics_obtained":["Golden Idol"],"max_hp_gain":0,"max_hp_loss":0,"event_name":"Golden Idol","floor":4,"gold_loss":0},{"damage_healed":0,"gold_gain":0,"player_choice":"Donut","damage_taken":0,"max_hp_gain":5,"max_hp_loss":0,"event_name":"Big Fish","floor":13,"gold_loss":0},{"cards_removed":["Strike_B"],"damage_healed":0,"gold_gain":0,"player_choice":"Purged","damage_taken":0,"max_hp_gain":0,"max_hp_loss":0,"event_name":"Purifier","floor":20,"gold_loss":0},{"damage_healed":0,"gold_gain":0,"player_choice":"Opened","damage_taken":0,"relics_obtained":["Frozen Egg 2"],"max_hp_gain":0,"max_hp_loss":0,"event_name":"The Mausoleum","floor":31,"gold_loss":0,"cards_obtained":["Writhe"]},{"damage_healed":0,"gold_gain":0,"player_choice":"Upgrade","damage_taken":0,"relics_obtained":["Mark of the Bloom"],"max_hp_gain":0,"max_hp_loss":0,"event_name":"MindBloom","floor":37,"gold_loss":0,"cards_upgraded":["Defend_B","Defend_B","Defend_B","Zap","Dualcast","Cold Snap","Compile Driver","Ball Lightning","Redo","Seek"]},{"damage_healed":0,"gold_gain":0,"player_choice":"Ignored","damage_taken":0,"max_hp_gain":0,"max_hp_loss":0,"event_name":"Tomb of Lord Red Mask","floor":39,"gold_loss":0},{"damage_healed":76,"gold_gain":0,"player_choice":"Heal","damage_taken":0,"max_hp_gain":0,"max_hp_loss":11,"event_name":"The Moai Head","floor":41,"gold_loss":0},{"cards_removed":["Steam"],"damage_healed":0,"gold_gain":0,"player_choice":"Removed Skill","damage_taken":0,"max_hp_gain":0,"max_hp_loss":0,"event_name":"Falling","floor":42,"gold_loss":0}],"is_beta":false,"boss_relics":[{"not_picked":["Snecko Eye","Runic Pyramid"],"picked":"Astrolabe"},{"not_picked":["Orrery","Lizard Tail"],"picked":"Nuclear Battery"}],"items_purged_floors":[10],"is_endless":false,"potions_floor_spawned":[1,6,8,16,22,25,28,35,36],"killed_by":"Time Eater","ascension_level":3}