{"gold_per_floor":[117,117,29,0,0,16,16,16,73,91,119,119,119,130,130,130],"floor_reached":16,"playtime":1717,"items_purged":[],"score":176,"play_id":"afa2d033-22fd-4758-b76f-d128dcba8e6f","local_time":"20190618190209","is_ascension_mode":true,"campfire_choices":[{"data":"Bash","floor":7,"key":"SMITH"},{"floor":12,"key":"REST"},{"floor":15,"key":"REST"}],"neow_cost":"PERCENT_DAMAGE","seed_source_timestamp":277465232400,"circlet_count":0,"master_deck":["AscendersBane","Strike_R+1","Strike_R","Strike_R","Strike_R+1","Strike_R","Defend_R+1","Defend_R","Defend_R","Defend_R","Bash+1","Iron Wave","Thunderclap","Armaments+1","Shrug It Off","Headbutt","Spot Weakness"],"relics":["Burning Blood","Tiny Chest","Whetstone"],"potions_floor_usage":[16],"damage_taken":[{"damage":16,"enemies":"Jaw Worm","floor":1,"turns":5},{"damage":3,"enemies":"Small Slimes","floor":6,"turns":3},{"damage":0,"enemies":"2 Louse","floor":10,"turns":3},{"damage":51,"enemies":"Lagavulin","floor":11,"turns":8},{"damage":0,"enemies":"Blue Slaver","floor":14,"turns":5},{"damage":65,"enemies":"Slime Boss","floor":16,"turns":7}],"seed_played":"-3588292230902302015","potions_obtained":[{"floor":10,"key":"SteroidPotion"},{"floor":11,"key":"Explosive Potion"}],"is_trial":false,"path_per_floor":["M","?","$","?","?","M","R","?","T","M","E","R","?","M","R","B"],"character_chosen":"IRONCLAD","items_purchased":["Thunderclap","Armaments"],"campfire_rested":2,"item_purchase_floors":[3,3],"current_hp_per_floor":[54,54,54,54,54,57,57,62,62,68,23,51,23,29,57,0],"gold":130,"neow_bonus":"TWENTY_PERCENT_HP_BONUS","is_prod":false,"is_daily":false,"chose_seed":false,"campfire_upgraded":1,"win_rate":0,"timestamp":1560898929,"path_taken":["M","?","$","?","?","M","R","?","T","M","E","R","?","M","R","BOSS"],"build_version":"2019-01-23","purchased_purges":0,"victory":false,"max_hp_per_floor":[89,89,89,89,89,89,89,94,94,94,94,94,94,94,94,94],"card_choices":[{"not_picked":["Clothesline","Dropkick"],"picked":"Iron Wave","floor":1},{"not_picked":["Body Slam","Armaments"],"picked":"Shrug It Off","floor":6},{"not_picked":["True Grit","Pummel"],"picked":"Headbutt","floor":10},{"not_picked":["Warcry","Feel No Pain","Second Wind"],"picked":"SKIP","floor":11},{"not_picked":["Iron Wave","Havoc"],"picked":"Spot Weakness","floor":14}],"player_experience":404460,"relics_obtained":[{"floor":9,"key":"Tiny Chest"},{"floor":11,"key":"Whetstone"}],"event_choices":[{"damage_healed":0,"gold_gain":0,"player_choice":"Leave","damage_taken":0,"max_hp_gain":0,"max_hp_loss":0,"event_name":"The Cleric","floor":2,"gold_loss":0},{"damage_healed":0,"gold_gain":0,"player_choice":"Left Gold","damage_taken":0,"max_hp_gain":0,"max_hp_loss":0,"event_name":"World of Goop","floor":4,"gold_loss":29},{"damage_healed":0,"gold_gain":0,"player_choice":"Fled","damage_taken":0,"max_hp_gain":0,"max_hp_loss":0,"event_name":"Scrap Ooze","floor":5,"gold_loss":0},{"damage_healed":0,"gold_gain":0,"player_choice":"Donut","damage_taken":0,"max_hp_gain":5,"max_hp_loss":0,"event_name":"Big Fish","floor":8,"gold_loss":0},{"damage_healed":0,"gold_gain":0,"player_choice":"Entered Light","damage_taken":28,"max_hp_gain":0,"max_hp_loss":0,"event_name":"Shining Light","floor":13,"gold_loss":0,"cards_upgraded":["Armaments","Defend_R"]}],"is_beta":false,"boss_relics":[],"items_purged_floors":[],"is_endless":false,"potions_floor_spawned":[10,11],"killed_by":"Slime Boss","ascension_level":16}