{"gold_per_floor":[215,228,183,196,209,242,242,252,252,266,293,310,310,310,310,310],"floor_reached":16,"playtime":422,"items_purged":[],"score":182,"play_id":"334e437a-60ea-4e2f-9e44-09c94d73c6e7","local_time":"20190520111910","is_ascension_mode":true,"campfire_choices":[{"data":"Perfected Strike","floor":7,"key":"SMITH"},{"data":"True Grit","floor":13,"key":"SMITH"},{"floor":15,"key":"REST"}],"neow_cost":"NONE","seed_source_timestamp":8421924857100,"circlet_count":0,"master_deck":["AscendersBane","Strike_R","Strike_R","Strike_R","Strike_R","Strike_R","Defend_R","Defend_R","Defend_R","Defend_R","Bash","Carnage","Shrug It Off","Perfected Strike+1","Shrug It Off","Twin Strike","Pommel Strike","Headbutt","Battle Trance","True Grit+1"],"relics":["Burning Blood","Question Card","Frozen Egg 2","Shuriken","Golden Idol"],"potions_floor_usage":[10,11,16,16],"damage_taken":[{"damage":1,"enemies":"Cultist","floor":1,"turns":4},{"damage":0,"enemies":"2 Louse","floor":2,"turns":2},{"damage":0,"enemies":"Small Slimes","floor":4,"turns":3},{"damage":16,"enemies":"Blue Slaver","floor":5,"turns":4},{"damage":36,"enemies":"3 Sentries","floor":6,"turns":9},{"damage":1,"enemies":"2 Fungi Beasts","floor":8,"turns":3},{"damage":12,"enemies":"Gremlin Gang","floor":10,"turns":3},{"damage":14,"enemies":"Gremlin Nob","floor":11,"turns":4},{"damage":0,"enemies":"Large Slime","floor":12,"turns":4},{"damage":44,"enemies":"Hexaghost","floor":16,"turns":9}],"seed_played":"-3054392098710437871","potions_obtained":[{"floor":6,"key":"LiquidBronze"},{"floor":10,"key":"Block Potion"},{"floor":11,"key":"SpeedPotion"},{"floor":12,"key":"SpeedPotion"}],"is_trial":false,"path_per_floor":["M","M","$","M","M","E","R","M","T","M","E","M","R","?","R","B"],"character_chosen":"IRONCLAD","items_purchased":["Perfected Strike"],"campfire_rested":1,"item_purchase_floors":[3],"current_hp_per_floor":[77,80,80,80,70,40,40,45,45,39,31,37,37,17,41,0],"gold":310,"neow_bonus":"HUNDRED_GOLD","is_prod":false,"is_daily":false,"chose_seed":false,"campfire_upgraded":2,"win_rate":0,"timestamp":1558365550,"path_taken":["M","M","$","M","M","E","R","M","T","?","E","M","R","?","R","BOSS"],"build_version":"2019-01-23","purchased_purges":0,"victory":false,"max_hp_per_floor":[80,80,80,80,80,80,80,80,80,80,80,80,80,80,80,80],"card_choices":[{"not_picked":["Havoc","Wild Strike"],"picked":"Carnage","floor":1},{"not_picked":["Clash","Corruption"],"picked":"Shrug It Off","floor":2},{"not_picked":["Sentinel","Flex"],"picked":"Shrug It Off","floor":4},{"not_picked":["Entrench","Flex"],"picked":"Twin Strike","floor":5},{"not_picked":["Blood for Blood","Heavy Blade"],"picked":"Pommel Strike","floor":6},{"not_picked":["Combust","Disarm","Flex"],"picked":"Headbutt","floor":8},{"not_picked":["Dark Embrace+1","Corruption+1","Sword Boomerang","Anger"],"picked":"SKIP","floor":10},{"not_picked":["Anger","Clothesline","Rampage"],"picked":"Battle Trance","floor":11},{"not_picked":["Armaments","Cleave","Dual Wield"],"picked":"True Grit","floor":12}],"player_experience":319930,"relics_obtained":[{"floor":6,"key":"Question Card"},{"floor":9,"key":"Frozen Egg 2"},{"floor":11,"key":"Shuriken"}],"event_choices":[{"damage_healed":0,"gold_gain":0,"player_choice":"Take Damage","damage_taken":20,"relics_obtained":["Golden Idol"],"max_hp_gain":0,"max_hp_loss":0,"event_name":"Golden Idol","floor":14,"gold_loss":0}],"is_beta":false,"boss_relics":[],"items_purged_floors":[],"is_endless":false,"potions_floor_spawned":[6,10,11,12],"killed_by":"Hexaghost","ascension_level":12}