{"gold_per_floor":[114,61,76,76,91,91,121,121,171,186,204,78,78,93,93,193,193,208,133,48,63,78,108,108,123,123,138,92,107,107,122,122,222,272,287,287,287,302,79,79,94,94,94,109,109,109,124,22,22,22],"floor_reached":50,"playtime":2331,"items_purged":["Defend_G","Strike_G"],"score":464,"play_id":"8bca6c0b-339a-4568-85dc-66ee44d8f1de","local_time":"20190511123250","daily_mods":["Cursed Run","Diverse","Terminal"],"is_ascension_mode":false,"campfire_choices":[{"data":"Venomology","floor":6,"key":"SMITH"},{"data":"Streamline","floor":8,"key":"SMITH"},{"data":"Sweeping Beam","floor":13,"key":"SMITH"},{"data":"Conserve Battery","floor":15,"key":"SMITH"},{"data":"Double Tap","floor":30,"key":"SMITH"},{"data":"Cloak And Dagger","floor":32,"key":"SMITH"},{"data":"Poisoned Stab","floor":40,"key":"SMITH"},{"data":"Prepared","floor":45,"key":"SMITH"},{"data":"Poisoned Stab","floor":49,"key":"SMITH"}],"neow_cost":"","seed_source_timestamp":5350402311200,"circlet_count":0,"master_deck":["Defend_G","Defend_G","Defend_G","Defend_G","Strike_G","Strike_G","Survivor","Neutralize+1","Prepared+1","Dagger Spray+1","Streamline+1","Shame","Conserve Battery+1","Sweeping Beam+1","Infinite Blades","Double Tap+1","A Thousand Cuts+1","Cloak And Dagger+1","Disarm+1","Doubt","A Thousand Cuts+1","Underhanded Strike+1","Setup","Noxious Fumes+1","Poisoned Stab+1","Clumsy","Poisoned Stab+1","Sentinel"],"special_seed":18027,"relics":["Cursed Key","Darkstone Periapt","Du-Vu Doll","Pear","Omamori","Odd Mushroom","Busted Crown","Frozen Egg 2","Juzu Bracelet","Nilry\u0027s Codex","Gremlin Horn","Tiny House","Blue Candle"],"potions_floor_usage":[16,18,21,22,23,23,23,23,23,27,27,29,33,33,33,35,35,38,41,47,50],"damage_taken":[{"damage":0,"enemies":"Small Slimes","floor":1,"turns":4},{"damage":0,"enemies":"Jaw Worm","floor":3,"turns":4},{"damage":0,"enemies":"2 Louse","floor":5,"turns":2},{"damage":24,"enemies":"Gremlin Nob","floor":7,"turns":6},{"damage":0,"enemies":"Blue Slaver","floor":10,"turns":2},{"damage":7,"enemies":"The Mushroom Lair","floor":11,"turns":4},{"damage":3,"enemies":"3 Louse","floor":14,"turns":2},{"damage":17,"enemies":"Slime Boss","floor":16,"turns":7},{"damage":0,"enemies":"3 Byrds","floor":18,"turns":4},{"damage":0,"enemies":"Spheric Guardian","floor":21,"turns":3},{"damage":0,"enemies":"Centurion and Healer","floor":22,"turns":6},{"damage":3,"enemies":"Book of Stabbing","floor":23,"turns":4},{"damage":5,"enemies":"Cultist and Chosen","floor":25,"turns":5},{"damage":0,"enemies":"Snake Plant","floor":27,"turns":5},{"damage":0,"enemies":"Snecko","floor":29,"turns":5},{"damage":0,"enemies":"Centurion and Healer","floor":31,"turns":3},{"damage":39,"enemies":"Automaton","floor":33,"turns":8},{"damage":7,"enemies":"Orb Walker","floor":35,"turns":4},{"damage":16,"enemies":"3 Shapes","floor":38,"turns":5},{"damage":18,"enemies":"Maw","floor":41,"turns":6},{"damage":1,"enemies":"4 Shapes","floor":44,"turns":3},{"damage":10,"enemies":"Jaw Worm Horde","floor":47,"turns":2},{"damage":54,"enemies":"Awakened One","floor":50,"turns":6}],"seed_played":"-2800817003503574526","potions_obtained":[{"floor":10,"key":"Block Potion"},{"floor":11,"key":"SneckoOil"},{"floor":14,"key":"Poison Potion"},{"floor":23,"key":"Ancient Potion"},{"floor":27,"key":"Swift Potion"},{"floor":33,"key":"Regen Potion"},{"floor":34,"key":"PowerPotion"},{"floor":41,"key":"Fire Potion"},{"floor":44,"key":"Regen Potion"}],"is_trial":false,"path_per_floor":["M","$","M","?","M","R","E","R","T","M","?","$","R","M","R","B",null,"M","?","?","M","M","E","?","M","T","M","$","M","R","M","R","B",null,"M","?","?","M","$","R","M","?","T","M","R","?","M","$","R","B"],"character_chosen":"THE_SILENT","items_purchased":["Dagger Spray","Sweeping Beam","Cloak And Dagger","Noxious Fumes+1","Poisoned Stab","Poisoned Stab","Sentinel"],"campfire_rested":0,"item_purchase_floors":[2,12,28,39,39,48,48],"current_hp_per_floor":[68,67,66,65,64,63,49,49,55,55,48,48,48,45,45,28,68,67,66,65,64,63,62,46,41,41,41,41,41,41,41,41,8,62,61,60,59,43,43,43,25,47,52,51,50,49,39,39,39,0],"gold":22,"neow_bonus":"","is_prod":false,"is_daily":true,"chose_seed":false,"campfire_upgraded":9,"win_rate":0,"timestamp":1557592370,"path_taken":["M","$","M","?","M","R","E","R","T","M","?","$","R","M","R","BOSS","M","?","?","M","M","E","?","M","T","M","$","M","R","M","R","BOSS","M","?","?","M","$","R","M","?","T","M","R","?","M","$","R","BOSS"],"build_version":"2019-01-23","purchased_purges":2,"victory":false,"max_hp_per_floor":[68,67,66,65,64,63,72,71,76,75,74,73,72,71,70,69,68,67,66,65,64,63,62,61,60,59,58,57,56,55,54,53,58,62,61,60,59,58,57,56,55,47,52,51,50,49,48,47,46,46],"card_choices":[{"not_picked":["Terror","Outmaneuver"],"picked":"Prepared","floor":1},{"not_picked":["Havoc","Heavy Blade","Acrobatics"],"picked":"SKIP","floor":3},{"not_picked":["Body Slam","Prepared"],"picked":"Venomology","floor":5},{"not_picked":["Creative AI","Reflex"],"picked":"Streamline","floor":7},{"not_picked":["Quick Slash","Reprogram"],"picked":"Conserve Battery","floor":10},{"not_picked":["Shrug It Off","BootSequence"],"picked":"Infinite Blades","floor":14},{"not_picked":["Wraith Form v2","Barricade"],"picked":"Double Tap","floor":16},{"not_picked":["Eviscerate"],"picked":"SKIP","floor":18},{"not_picked":["Rebound"],"picked":"SKIP","floor":21},{"not_picked":["Clothesline"],"picked":"SKIP","floor":22},{"not_picked":["Anger"],"picked":"SKIP","floor":23},{"not_picked":[],"picked":"A Thousand Cuts+1","floor":25},{"not_picked":["Thunderclap"],"picked":"SKIP","floor":27},{"not_picked":["Blade Dance"],"picked":"SKIP","floor":29},{"not_picked":[],"picked":"Disarm+1","floor":31},{"not_picked":[],"picked":"A Thousand Cuts+1","floor":33},{"not_picked":[],"picked":"Underhanded Strike+1","floor":34},{"not_picked":["Dash"],"picked":"SKIP","floor":35},{"not_picked":["Consume+1"],"picked":"SKIP","floor":38},{"not_picked":["Flex+1"],"picked":"SKIP","floor":41},{"not_picked":["Acrobatics+1"],"picked":"SKIP","floor":44},{"not_picked":["Clothesline+1"],"picked":"SKIP","floor":47}],"player_experience":256881,"relics_obtained":[{"floor":7,"key":"Pear"},{"floor":9,"key":"Omamori"},{"floor":11,"key":"Odd Mushroom"},{"floor":23,"key":"Juzu Bracelet"},{"floor":24,"key":"Nilry\u0027s Codex"},{"floor":26,"key":"Gremlin Horn"},{"floor":43,"key":"Blue Candle"}],"event_choices":[{"damage_healed":0,"gold_gain":0,"player_choice":"Grow","damage_taken":0,"max_hp_gain":0,"max_hp_loss":0,"event_name":"Living Wall","floor":4,"gold_loss":0,"cards_upgraded":["Dagger Spray"]},{"damage_healed":0,"gold_gain":0,"player_choice":"Fought Mushrooms","damage_taken":0,"max_hp_gain":0,"max_hp_loss":0,"event_name":"Mushrooms","floor":11,"gold_loss":0},{"cards_removed":["Strike_G"],"damage_healed":0,"gold_gain":0,"player_choice":"Gave Gold","damage_taken":0,"max_hp_gain":0,"max_hp_loss":0,"event_name":"Beggar","floor":19,"gold_loss":75},{"damage_healed":0,"gold_gain":0,"player_choice":"Obtained Relic","damage_taken":0,"relics_obtained":["Frozen Egg 2"],"max_hp_gain":0,"max_hp_loss":0,"event_name":"Addict","floor":20,"gold_loss":85},{"damage_healed":0,"gold_gain":0,"player_choice":"Obtained Book","damage_taken":16,"max_hp_gain":0,"max_hp_loss":0,"event_name":"Cursed Tome","floor":24,"gold_loss":0},{"damage_healed":0,"gold_gain":0,"cards_transformed":["Strike_G"],"player_choice":"Transformed","damage_taken":0,"max_hp_gain":0,"max_hp_loss":0,"event_name":"Transmorgrifier","floor":36,"gold_loss":0,"cards_obtained":["Setup"]},{"damage_healed":0,"gold_gain":0,"player_choice":"Memory 1","damage_taken":0,"max_hp_gain":0,"max_hp_loss":0,"event_name":"SensoryStone","floor":37,"gold_loss":0},{"damage_healed":48,"gold_gain":0,"player_choice":"Heal","damage_taken":0,"max_hp_gain":0,"max_hp_loss":7,"event_name":"The Moai Head","floor":42,"gold_loss":0},{"cards_removed":["Venomology"],"damage_healed":0,"gold_gain":0,"player_choice":"Removed Skill","damage_taken":0,"max_hp_gain":0,"max_hp_loss":0,"event_name":"Falling","floor":46,"gold_loss":0}],"is_beta":false,"boss_relics":[{"not_picked":["Pandora\u0027s Box","Runic Pyramid"],"picked":"Busted Crown"},{"not_picked":["Empty Cage","White Beast Statue"],"picked":"Tiny House"}],"items_purged_floors":[12,39],"is_endless":false,"potions_floor_spawned":[10,11,14,16,18,23,27,33,41,44],"killed_by":"Awakened One","ascension_level":0}