{"gold_per_floor":[209,222,237,249,90,90,106,106,106,120,120,151,163,120,120,219,219,234,265,265,16,27,27,46,46,46,46,56,56,56,73,73,176,176,192,192,205,80,91,91,119,119,119,119,135,170,170,185,185,185],"floor_reached":50,"playtime":2225,"items_purged":["Strike_R","Strike_R","Strike_R"],"score":767,"play_id":"33b74154-f5ae-4973-8086-b3f7343990ac","local_time":"20190429141408","is_ascension_mode":true,"campfire_choices":[{"data":"Searing Blow","floor":6,"key":"SMITH"},{"data":"Searing Blow+1","floor":8,"key":"SMITH"},{"data":"Searing Blow+2","floor":11,"key":"SMITH"},{"floor":15,"key":"REST"},{"data":"Searing Blow+3","floor":23,"key":"SMITH"},{"data":"Searing Blow+4","floor":27,"key":"SMITH"},{"data":"Searing Blow+5","floor":29,"key":"SMITH"},{"floor":32,"key":"REST"},{"data":"Searing Blow+7","floor":40,"key":"SMITH"},{"data":"Offering","floor":42,"key":"SMITH"},{"data":"Flame Barrier","floor":44,"key":"SMITH"},{"data":"Rampage","floor":47,"key":"SMITH"},{"floor":49,"key":"REST"}],"neow_cost":"NONE","seed_source_timestamp":119185878000,"circlet_count":0,"master_deck":["Strike_R","Strike_R","Defend_R","Defend_R","Defend_R","Defend_R","Bash","Flame Barrier+1","Searing Blow+8","Headbutt","Flash of Steel","Shrug It Off","Battle Trance","Rampage+1","Feed","Headbutt","Offering+1","Injury"],"relics":["Burning Blood","Kunai","Question Card","Cursed Key","Red Mask","Pen Nib","Mark of Pain","Mummified Hand","Gremlin Horn","Darkstone Periapt"],"potions_floor_usage":[12,13,19,19,24,24,33,39,45,46,48,50],"damage_taken":[{"damage":0,"enemies":"Small Slimes","floor":1,"turns":3},{"damage":11,"enemies":"Jaw Worm","floor":2,"turns":4},{"damage":7,"enemies":"2 Louse","floor":3,"turns":3},{"damage":41,"enemies":"Exordium Thugs","floor":4,"turns":7},{"damage":0,"enemies":"2 Fungi Beasts","floor":7,"turns":3},{"damage":10,"enemies":"Red Slaver","floor":10,"turns":3},{"damage":27,"enemies":"Lagavulin","floor":12,"turns":4},{"damage":9,"enemies":"Looter","floor":13,"turns":3},{"damage":37,"enemies":"The Guardian","floor":16,"turns":13},{"damage":17,"enemies":"Spheric Guardian","floor":18,"turns":4},{"damage":22,"enemies":"Masked Bandits","floor":19,"turns":5},{"damage":9,"enemies":"Colosseum Slavers","floor":20,"turns":5},{"damage":16,"enemies":"Shell Parasite","floor":22,"turns":4},{"damage":23,"enemies":"Snecko","floor":24,"turns":5},{"damage":0,"enemies":"Snake Plant","floor":28,"turns":1},{"damage":0,"enemies":"Cultist and Chosen","floor":31,"turns":3},{"damage":65,"enemies":"Automaton","floor":33,"turns":9},{"damage":9,"enemies":"3 Shapes","floor":35,"turns":5},{"damage":0,"enemies":"Orb Walker","floor":37,"turns":1},{"damage":20,"enemies":"Spire Growth","floor":39,"turns":5},{"damage":8,"enemies":"Nemesis","floor":41,"turns":3},{"damage":6,"enemies":"Writhing Mass","floor":45,"turns":3},{"damage":19,"enemies":"Giant Head","floor":46,"turns":4},{"damage":20,"enemies":"Maw","floor":48,"turns":5},{"damage":71,"enemies":"Donu and Deca","floor":50,"turns":5}],"seed_played":"-5688828186978701073","potions_obtained":[{"floor":2,"key":"Strength Potion"},{"floor":10,"key":"GamblersBrew"},{"floor":13,"key":"SpeedPotion"},{"floor":16,"key":"Weak Potion"},{"floor":18,"key":"Regen Potion"},{"floor":22,"key":"SpeedPotion"},{"floor":31,"key":"Regen Potion"},{"floor":33,"key":"SpeedPotion"},{"floor":35,"key":"Weak Potion"},{"floor":39,"key":"FearPotion"},{"floor":41,"key":"Poison Potion"},{"floor":45,"key":"Energy Potion"}],"is_trial":false,"path_per_floor":["M","M","M","M","$","R","M","R","T","M","R","E","M","?","R","B",null,"M","?","?","$","M","R","M","$","T","R","M","R","?","M","R","B",null,"M","?","M","$","M","R","E","R","T","R","M","E","R","M","R","B"],"character_chosen":"IRONCLAD","items_purchased":["Flash of Steel","Pen Nib"],"campfire_rested":3,"item_purchase_floors":[5,21],"current_hp_per_floor":[78,73,72,37,37,37,43,43,43,39,39,18,15,15,39,8,62,54,55,55,55,45,45,28,28,28,28,34,34,34,40,66,22,72,72,72,78,78,64,64,62,62,62,62,62,49,49,35,62,0],"gold":185,"neow_bonus":"HUNDRED_GOLD","is_prod":false,"is_daily":false,"chose_seed":false,"campfire_upgraded":10,"win_rate":0,"timestamp":1556561648,"path_taken":["M","M","M","M","$","R","M","R","T","M","R","E","M","?","R","BOSS","M","?","?","$","M","R","M","$","T","R","?","R","?","?","R","BOSS","M","?","M","$","M","R","E","R","T","R","M","E","R","M","R","BOSS"],"build_version":"2019-01-23","purchased_purges":3,"victory":false,"max_hp_per_floor":[80,80,80,80,80,80,80,80,80,80,80,80,80,80,80,80,80,83,86,89,89,89,89,89,89,89,89,89,89,89,89,89,89,89,92,92,92,92,92,92,92,92,92,92,92,92,92,92,92,92],"card_choices":[{"not_picked":["Thunderclap","Warcry"],"picked":"Flame Barrier","floor":1},{"not_picked":["Power Through","Headbutt"],"picked":"Searing Blow","floor":2},{"not_picked":["Thunderclap","Evolve"],"picked":"Headbutt","floor":3},{"not_picked":["Power Through","Disarm","Entrench"],"picked":"SKIP","floor":4},{"not_picked":["Armaments","Thunderclap"],"picked":"Shrug It Off","floor":7},{"not_picked":["Armaments","Flex"],"picked":"Battle Trance","floor":10},{"not_picked":["Sever Soul","Reaper"],"picked":"Rampage","floor":12},{"not_picked":["Inflame","Searing Blow","Evolve","Second Wind"],"picked":"SKIP","floor":13},{"not_picked":["Brutality","Limit Break","Exhume"],"picked":"Feed","floor":16},{"not_picked":["Warcry+1","Combust","Heavy Blade+1","Flex"],"picked":"SKIP","floor":18},{"not_picked":["Shrug It Off","Sword Boomerang","Blood for Blood","Anger"],"picked":"SKIP","floor":22},{"not_picked":["Havoc","Clash","Wild Strike"],"picked":"Headbutt","floor":24},{"not_picked":["Shrug It Off","Thunderclap","Power Through+1","Warcry+1"],"picked":"SKIP","floor":28},{"not_picked":["Barricade","Blood for Blood","Wild Strike","Thunderclap+1"],"picked":"SKIP","floor":31},{"not_picked":["Exhume","Dark Embrace","Reaper"],"picked":"Offering","floor":33},{"not_picked":["Clash+1","Rage","Flex","Power Through+1"],"picked":"SKIP","floor":35},{"not_picked":["Clash+1","Wild Strike","Twin Strike+1","Iron Wave"],"picked":"SKIP","floor":37},{"not_picked":["Rage","Intimidate","Headbutt+1","Havoc+1"],"picked":"SKIP","floor":39},{"not_picked":["Combust+1","Anger+1","Pommel Strike","Flex"],"picked":"SKIP","floor":41},{"not_picked":["Shrug It Off+1","Clash","Anger+1","Twin Strike"],"picked":"SKIP","floor":45},{"not_picked":["Cleave","Intimidate+1","Reckless Charge+1","Feed"],"picked":"SKIP","floor":46},{"not_picked":["Iron Wave+1","Evolve","Armaments+1","Searing Blow+1"],"picked":"SKIP","floor":48}],"player_experience":158467,"relics_obtained":[{"floor":9,"key":"Kunai"},{"floor":12,"key":"Question Card"},{"floor":19,"key":"Red Mask"},{"floor":41,"key":"Mummified Hand"},{"floor":43,"key":"Gremlin Horn"},{"floor":46,"key":"Darkstone Periapt"}],"event_choices":[{"damage_healed":0,"gold_gain":0,"player_choice":"Left Gold","damage_taken":0,"max_hp_gain":0,"max_hp_loss":0,"event_name":"World of Goop","floor":14,"gold_loss":43},{"damage_healed":0,"gold_gain":0,"player_choice":"Fought Bandits","damage_taken":0,"max_hp_gain":0,"max_hp_loss":0,"event_name":"Masked Bandits","floor":19,"gold_loss":0},{"damage_healed":0,"gold_gain":0,"player_choice":"Fight","damage_taken":0,"max_hp_gain":0,"max_hp_loss":0,"event_name":"Colosseum","floor":20,"gold_loss":0},{"damage_healed":0,"gold_gain":0,"player_choice":"Fled From Nobs","damage_taken":0,"max_hp_gain":0,"max_hp_loss":0,"event_name":"Colosseum","floor":20,"gold_loss":0},{"damage_healed":0,"gold_gain":0,"player_choice":"Ignored","damage_taken":0,"max_hp_gain":0,"max_hp_loss":0,"event_name":"N\u0027loth","floor":30,"gold_loss":0},{"damage_healed":0,"gold_gain":0,"player_choice":"Forge","damage_taken":0,"max_hp_gain":0,"max_hp_loss":0,"event_name":"Accursed Blacksmith","floor":36,"gold_loss":0,"cards_upgraded":["Searing Blow"]}],"is_beta":false,"boss_relics":[{"not_picked":["Pandora\u0027s Box","Empty Cage"],"picked":"Cursed Key"},{"not_picked":["Runic Cube","Orrery"],"picked":"Mark of Pain"}],"items_purged_floors":[5,21,38],"is_endless":false,"potions_floor_spawned":[2,10,13,16,18,22,31,33,35,39,41,45],"killed_by":"Donu and Deca","ascension_level":9}