{"gold_per_floor":[110,60,74,74,84,116,116,135,161,196,196,196,0,18,18,121,121,133,153,55,55,55,55],"floor_reached":23,"playtime":1026,"items_purged":["Dark Embrace+1"],"score":318,"play_id":"7d1654dd-c2e4-4768-b86c-375a259bea29","local_time":"20190518103345","is_ascension_mode":true,"campfire_choices":[{"data":"Flame Barrier","floor":7,"key":"SMITH"},{"floor":11,"key":"REST"},{"data":"Flex","floor":15,"key":"SMITH"}],"neow_cost":"NONE","seed_source_timestamp":110645438100,"circlet_count":0,"master_deck":["AscendersBane","Strike_R+1","Strike_R+1","Defend_R+1","Defend_R+1","Defend_R+1","Defend_R+1","Bash+1","Limit Break","Heavy Blade","Flame Barrier+1","Clothesline","Twin Strike","Flex+1","Shrug It Off","Offering","Exhume+1","Warcry+1","Armaments","Iron Wave","Writhe"],"relics":["Burning Blood","Boot","Smiling Mask","Art of War","Vajra","Astrolabe","Sundial"],"potions_floor_usage":[8,10,10],"damage_taken":[{"damage":1,"enemies":"Cultist","floor":1,"turns":4},{"damage":5,"enemies":"Small Slimes","floor":3,"turns":3},{"damage":0,"enemies":"2 Louse","floor":5,"turns":4},{"damage":38,"enemies":"Lagavulin","floor":6,"turns":7},{"damage":28,"enemies":"Exordium Thugs","floor":8,"turns":6},{"damage":16,"enemies":"3 Sentries","floor":10,"turns":10},{"damage":3,"enemies":"Blue Slaver","floor":14,"turns":3},{"damage":31,"enemies":"Slime Boss","floor":16,"turns":8},{"damage":19,"enemies":"Chosen","floor":18,"turns":5},{"damage":34,"enemies":"Spheric Guardian","floor":19,"turns":5},{"damage":30,"enemies":"Slavers","floor":23,"turns":1}],"seed_played":"-1792976347835245178","potions_obtained":[{"floor":1,"key":"EssenceOfSteel"},{"floor":5,"key":"EssenceOfSteel"},{"floor":8,"key":"Explosive Potion"}],"is_trial":false,"path_per_floor":["M","?","M","?","M","E","R","M","T","E","R","?","$","M","R","B",null,"M","M","$","?","?","E"],"character_chosen":"IRONCLAD","items_purchased":["Vajra","Flex","Fire Potion"],"campfire_rested":1,"item_purchase_floors":[13,13,20],"current_hp_per_floor":[77,77,78,78,80,48,48,26,26,16,40,40,40,43,43,18,65,52,24,24,24,24,0],"gold":55,"neow_bonus":"ONE_RANDOM_RARE_CARD","is_prod":false,"is_daily":false,"chose_seed":false,"campfire_upgraded":2,"win_rate":0,"timestamp":1558190025,"path_taken":["M","?","M","?","M","E","R","M","T","E","R","?","$","M","R","BOSS","M","M","$","?","?","E"],"build_version":"2019-01-23","purchased_purges":1,"victory":false,"max_hp_per_floor":[80,80,80,80,80,80,80,80,80,80,80,80,80,80,80,80,80,80,80,80,80,80,80],"card_choices":[{"not_picked":["Body Slam","Twin Strike"],"picked":"Heavy Blade","floor":1},{"not_picked":["Flex","Fire Breathing"],"picked":"Flame Barrier","floor":3},{"not_picked":["Perfected Strike","Rampage"],"picked":"Flex","floor":5},{"not_picked":["Perfected Strike","Warcry"],"picked":"Clothesline","floor":6},{"not_picked":["Perfected Strike","Cleave"],"picked":"Twin Strike","floor":8},{"not_picked":["Juggernaut","Feel No Pain","Cleave"],"picked":"SKIP","floor":10},{"not_picked":["Corruption","Sever Soul"],"picked":"Shrug It Off","floor":14},{"not_picked":["Barricade","Fiend Fire"],"picked":"Offering","floor":16},{"not_picked":["Sentinel","Clothesline"],"picked":"Armaments","floor":18},{"not_picked":["Metallicize","Armaments"],"picked":"Iron Wave","floor":19}],"player_experience":298021,"relics_obtained":[{"floor":6,"key":"Boot"},{"floor":9,"key":"Smiling Mask"},{"floor":10,"key":"Art of War"}],"event_choices":[{"cards_removed":["Strike_R"],"damage_healed":0,"gold_gain":0,"player_choice":"Card Removal","damage_taken":0,"max_hp_gain":0,"max_hp_loss":0,"event_name":"The Cleric","floor":2,"gold_loss":50},{"damage_healed":0,"gold_gain":0,"player_choice":"Grow","damage_taken":0,"max_hp_gain":0,"max_hp_loss":0,"event_name":"Living Wall","floor":4,"gold_loss":0,"cards_upgraded":["Bash"]},{"damage_healed":0,"gold_gain":0,"cards_transformed":["Flex"],"player_choice":"Transformed","damage_taken":0,"max_hp_gain":0,"max_hp_loss":0,"event_name":"Transmorgrifier","floor":12,"gold_loss":0,"cards_obtained":["Clash"]},{"damage_healed":0,"gold_gain":0,"player_choice":"Simplicity","damage_taken":0,"max_hp_gain":0,"max_hp_loss":0,"event_name":"Back to Basics","floor":21,"gold_loss":0,"cards_upgraded":["Strike_R","Strike_R","Defend_R","Defend_R","Defend_R","Defend_R"]},{"damage_healed":0,"gold_gain":0,"player_choice":"Opened","damage_taken":0,"relics_obtained":["Sundial"],"max_hp_gain":0,"max_hp_loss":0,"event_name":"The Mausoleum","floor":22,"gold_loss":0,"cards_obtained":["Writhe"]}],"is_beta":false,"boss_relics":[{"not_picked":["Coffee Dripper","Snecko Eye"],"picked":"Astrolabe"}],"items_purged_floors":[20],"is_endless":false,"potions_floor_spawned":[1,5,6,8],"killed_by":"Slavers","ascension_level":12}