{"gold_per_floor":[118,129,129,143,161,194,213,230,230,248,248,261,261,279,279,381,381,393,405,262,275,293,293,293,326,350,275,70,82,82,82,82,82],"floor_reached":33,"playtime":1907,"items_purged":["Regret"],"score":355,"play_id":"da2f2e62-0f79-4491-83fa-9794598767c4","local_time":"20190823082547","is_ascension_mode":true,"campfire_choices":[{"floor":15.0,"key":"REST"},{"floor":23,"key":"REST"},{"data":"Consume","floor":24,"key":"SMITH"},{"floor":30,"key":"REST"},{"floor":32,"key":"REST"}],"neow_cost":"NONE","seed_source_timestamp":0,"circlet_count":0,"master_deck":["Strike_B","Strike_B","Defend_B","Defend_B","Defend_B","Zap+1","Dualcast","Steam","Conserve Battery","Capacitor","Reboot","Cold Snap","Consume+1","Storm","Chill","Amplify","BootSequence+1","Biased Cognition+1","Conserve Battery","Defragment","Scrape","Gash+1","Undo","RitualDagger"],"special_seed":0,"relics":["Cracked Core","FaceOfCleric","Shuriken","Orichalcum","WingedGreaves","Astrolabe","Potion Belt","Ancient Tea Set","OrangePellets"],"potions_floor_usage":[29,33],"damage_taken":[{"damage":0.0,"enemies":"Cultist","floor":1.0,"turns":2.0},{"damage":0.0,"enemies":"Small Slimes","floor":2.0,"turns":3.0},{"damage":0.0,"enemies":"Jaw Worm","floor":4.0,"turns":4.0},{"damage":5.0,"enemies":"3 Louse","floor":5.0,"turns":3.0},{"damage":41.0,"enemies":"Gremlin Nob","floor":6.0,"turns":5.0},{"damage":1.0,"enemies":"Looter","floor":7.0,"turns":3.0},{"damage":6.0,"enemies":"Exordium Wildlife","floor":8.0,"turns":4.0},{"damage":4.0,"enemies":"2 Fungi Beasts","floor":10.0,"turns":4.0},{"damage":13.0,"enemies":"Large Slime","floor":12.0,"turns":7.0},{"damage":6.0,"enemies":"3 Louse","floor":14.0,"turns":6.0},{"damage":7.0,"enemies":"The Guardian","floor":16.0,"turns":17.0},{"damage":0,"enemies":"Chosen","floor":18,"turns":3},{"damage":3,"enemies":"3 Byrds","floor":19,"turns":7},{"damage":28,"enemies":"Centurion and Healer","floor":21,"turns":8},{"damage":21,"enemies":"Snake Plant","floor":22,"turns":6},{"damage":31,"enemies":"Book of Stabbing","floor":25,"turns":6},{"damage":4,"enemies":"Chosen and Byrds","floor":29,"turns":5},{"damage":67,"enemies":"Automaton","floor":33,"turns":10}],"seed_played":"3099501224646630074","potions_obtained":[{"floor":1.0,"key":"FocusPotion"},{"floor":6.0,"key":"SteroidPotion"},{"floor":8.0,"key":"Swift Potion"},{"floor":18,"key":"Weak Potion"},{"floor":22,"key":"Weak Potion"}],"is_trial":false,"path_per_floor":["M","M","?","M","M","E","M","M","T","M","?","M","?","M","R","B",null,"M","M","$","M","M","R","R","E","T","?","$","M","R","?","R","B"],"character_chosen":"DEFECT","items_purchased":["Scrape","OrangePellets"],"campfire_rested":4,"item_purchase_floors":[20,28],"current_hp_per_floor":[68,68,68,69,65,25,25,20,20,17,37,25,25,20,44,38,70,71,69,69,42,22,47,47,17,17,17,17,14,40,34,60,0],"gold":82,"neow_bonus":"UPGRADE_CARD","is_prod":false,"is_daily":false,"chose_seed":false,"campfire_upgraded":1,"win_rate":0,"timestamp":1566573947,"path_taken":["M","M","?","M","M","E","M","M","T","?","?","M","?","?","R","BOSS","M","M","$","M","M","R","R","E","T","?","$","M","R","?","R","BOSS"],"build_version":"2019-07-17","purchased_purges":1,"victory":false,"max_hp_per_floor":[75,75,75,76,77,78,79,80,80,81,81,82,82,83,83,84,81,82,83,83,84,85,85,85,86,86,86,86,87,87,87,87,87],"card_choices":[{"not_picked":["Ball Lightning","Sweeping Beam"],"picked":"Steam","floor":1.0},{"not_picked":["Ball Lightning","Stack"],"picked":"Conserve Battery","floor":2.0},{"not_picked":["Auto Shields","Undo"],"picked":"Capacitor","floor":4.0},{"not_picked":["Blizzard","Rip and Tear","Capacitor"],"picked":"SKIP","floor":5.0},{"not_picked":["Leap","Steam Power"],"picked":"Reboot","floor":6.0},{"not_picked":["Steam Power","Compile Driver"],"picked":"Cold Snap","floor":7.0},{"not_picked":["Genetic Algorithm","Redo"],"picked":"Consume","floor":8.0},{"not_picked":["Barrage","Chaos"],"picked":"Storm","floor":10.0},{"not_picked":["Reinforced Body","Steam","Turbo"],"picked":"SKIP","floor":12.0},{"not_picked":["Turbo","Sweeping Beam"],"picked":"Chill","floor":14.0},{"not_picked":["Buffer","Machine Learning"],"picked":"Amplify","floor":16.0},{"not_picked":["Rebound","Cold Snap"],"picked":"Conserve Battery","floor":18},{"not_picked":["Rebound","Beam Cell"],"picked":"Defragment","floor":19},{"not_picked":["Sweeping Beam+1","Steam","Coolheaded"],"picked":"SKIP","floor":21},{"not_picked":["Sweeping Beam","Conserve Battery"],"picked":"Gash+1","floor":22},{"not_picked":["Go for the Eyes","Fission"],"picked":"Undo","floor":25},{"not_picked":["Sunder","Leap","Rebound"],"picked":"SKIP","floor":29}],"player_experience":236598,"relics_obtained":[{"floor":6.0,"key":"Shuriken"},{"floor":9.0,"key":"Orichalcum"},{"floor":13.0,"key":"WingedGreaves"},{"floor":25,"key":"Potion Belt"},{"floor":26,"key":"Ancient Tea Set"}],"event_choices":[{"damage_healed":0.0,"max_hp_gain":0.0,"max_hp_loss":0.0,"gold_gain":0.0,"event_name":"FaceTrader","player_choice":"Trade","floor":3.0,"gold_loss":0.0,"damage_taken":0.0,"relics_obtained":["FaceOfCleric"]},{"damage_healed":20.0,"max_hp_gain":0.0,"max_hp_loss":0.0,"gold_gain":0.0,"event_name":"Mushrooms","player_choice":"Healed and dodged fight","floor":11.0,"gold_loss":0.0,"damage_taken":0.0,"cards_obtained":["Parasite"]},{"damage_healed":0.0,"max_hp_gain":0.0,"max_hp_loss":0.0,"gold_gain":0.0,"event_name":"Wheel of Change","player_choice":"Relic","floor":13.0,"gold_loss":0.0,"damage_taken":0.0},{"cards_removed":["Strike_B"],"damage_healed":0,"gold_gain":0,"player_choice":"Gave Gold","damage_taken":0,"max_hp_gain":0,"max_hp_loss":0,"event_name":"Beggar","floor":27,"gold_loss":75},{"damage_healed":0,"gold_gain":0,"player_choice":"Joined the Cult","damage_taken":6,"max_hp_gain":0,"max_hp_loss":0,"event_name":"Nest","floor":31,"gold_loss":0,"cards_obtained":["RitualDagger"]}],"is_beta":false,"boss_relics":[{"not_picked":["Fusion Hammer","FrozenCore"],"picked":"Astrolabe"}],"items_purged_floors":[20],"is_endless":false,"potions_floor_spawned":[1,6,8,18,22],"killed_by":"Automaton","ascension_level":6}