{"gold_per_floor":[111,128,128,28,28,28,66,66,66,66,66,107,125,125],"floor_reached":14,"playtime":425,"items_purged":["Doubt"],"score":144,"play_id":"6074552d-6c3a-4cbd-bc9d-b2fc1fc14987","local_time":"20190509100602","is_ascension_mode":true,"campfire_choices":[{"data":"Fiend Fire","floor":6,"key":"SMITH"},{"data":"Bash","floor":8,"key":"SMITH"},{"floor":10,"key":"REST"}],"neow_cost":"CURSE","seed_source_timestamp":2658050707600,"circlet_count":0,"master_deck":["AscendersBane","Strike_R","Strike_R","Strike_R","Strike_R","Strike_R","Defend_R","Defend_R","Defend_R","Defend_R","Bash+1","Fiend Fire+1","Perfected Strike+1","Headbutt","Shrug It Off","Armaments"],"relics":["Burning Blood","Golden Idol","Boot","Du-Vu Doll","Singing Bowl"],"potions_floor_usage":[7,14],"damage_taken":[{"damage":3,"enemies":"Small Slimes","floor":1,"turns":3},{"damage":0,"enemies":"2 Louse","floor":2,"turns":2},{"damage":36,"enemies":"Lagavulin","floor":7,"turns":7},{"damage":37,"enemies":"3 Sentries","floor":12,"turns":6},{"damage":7,"enemies":"Jaw Worm","floor":13,"turns":2},{"damage":46,"enemies":"Lagavulin Event","floor":14,"turns":5}],"seed_played":"3541072439119856283","potions_obtained":[{"floor":2,"key":"EssenceOfSteel"},{"floor":12,"key":"Regen Potion"}],"is_trial":false,"path_per_floor":["M","M","?","$","?","R","E","R","T","R","?","E","M","?"],"character_chosen":"IRONCLAD","items_purchased":["Shrug It Off"],"campfire_rested":1,"item_purchase_floors":[4],"current_hp_per_floor":[75,80,60,60,60,60,30,30,30,54,59,30,29,0],"gold":125,"neow_bonus":"THREE_RARE_CARDS","is_prod":false,"is_daily":false,"chose_seed":false,"campfire_upgraded":2,"win_rate":0,"timestamp":1557410762,"path_taken":["M","M","?","$","?","R","E","R","T","R","?","E","?","?"],"build_version":"2019-01-23","purchased_purges":1,"victory":false,"max_hp_per_floor":[80,80,80,80,80,80,80,80,80,80,85,87,87,87],"card_choices":[{"not_picked":["Juggernaut","Brutality"],"picked":"Fiend Fire","floor":0},{"not_picked":["Wild Strike","Shockwave"],"picked":"Perfected Strike","floor":1},{"not_picked":["Warcry","True Grit"],"picked":"Headbutt","floor":2},{"not_picked":["Seeing Red","Sever Soul","Wild Strike"],"picked":"SKIP","floor":7},{"not_picked":["Rupture","Heavy Blade","Hemokinesis"],"picked":"Singing Bowl","floor":12},{"not_picked":["Thunderclap","Cleave"],"picked":"Armaments","floor":13}],"player_experience":219005,"relics_obtained":[{"floor":7,"key":"Boot"},{"floor":9,"key":"Du-Vu Doll"},{"floor":12,"key":"Singing Bowl"}],"event_choices":[{"damage_healed":0,"gold_gain":0,"player_choice":"Take Damage","damage_taken":20,"relics_obtained":["Golden Idol"],"max_hp_gain":0,"max_hp_loss":0,"event_name":"Golden Idol","floor":3,"gold_loss":0},{"damage_healed":0,"gold_gain":0,"player_choice":"Grow","damage_taken":0,"max_hp_gain":0,"max_hp_loss":0,"event_name":"Living Wall","floor":5,"gold_loss":0,"cards_upgraded":["Perfected Strike"]},{"damage_healed":0,"gold_gain":0,"player_choice":"Donut","damage_taken":0,"max_hp_gain":5,"max_hp_loss":0,"event_name":"Big Fish","floor":11,"gold_loss":0},{"damage_healed":0,"gold_gain":0,"player_choice":"Searched \u00271\u0027 times","damage_taken":0,"max_hp_gain":0,"max_hp_loss":0,"event_name":"Dead Adventurer","floor":14,"gold_loss":0}],"is_beta":false,"boss_relics":[],"items_purged_floors":[4],"is_endless":false,"potions_floor_spawned":[2,12],"killed_by":"Lagavulin Event","ascension_level":10}