{"gold_per_floor":[119,130,5,5,19,19,19,19,89,89,109,109,144,102,102,200,200,224,242,124,137,137,137,168,168,168,168,191,191,22,22],"floor_reached":31,"playtime":736,"items_purged":["Strike_R","Strike_R"],"score":427,"play_id":"db563b70-23ae-4a0c-9cb4-b3afe98e823a","local_time":"20190530214840","is_ascension_mode":true,"campfire_choices":[{"data":"True Grit","floor":6,"key":"SMITH"},{"data":"Inflame","floor":8,"key":"SMITH"},{"data":"Bash","floor":10,"key":"SMITH"},{"data":"Hemokinesis","floor":12,"key":"SMITH"},{"data":"Clothesline","floor":15,"key":"SMITH"},{"floor":23,"key":"REST"},{"data":"Immolate","floor":25,"key":"SMITH"},{"data":"Rampage","floor":27,"key":"SMITH"},{"data":"Shrug It Off","floor":29,"key":"SMITH"}],"neow_cost":"NONE","seed_source_timestamp":12907383446100,"circlet_count":0,"master_deck":["AscendersBane","Strike_R","Strike_R","Defend_R","Defend_R","Defend_R","Defend_R","Bash+1","Hemokinesis+1","Pommel Strike","Inflame+1","True Grit+1","Clothesline+1","Shrug It Off+1","Iron Wave","Immolate+1","Ghostly Armor","Rampage+1","Headbutt","Heavy Blade","Rage"],"relics":["Burning Blood","Golden Idol","Mango","Mercury Hourglass","Lantern","Black Star","Bag of Marbles","Bottled Tornado","Bird Faced Urn"],"potions_floor_usage":[19,19,24],"damage_taken":[{"damage":3,"enemies":"Cultist","floor":1,"turns":2},{"damage":9,"enemies":"Jaw Worm","floor":2,"turns":4},{"damage":7,"enemies":"2 Louse","floor":5,"turns":3},{"damage":3,"enemies":"Looter","floor":11,"turns":3},{"damage":18,"enemies":"Gremlin Nob","floor":13,"turns":4},{"damage":30,"enemies":"The Guardian","floor":16,"turns":11},{"damage":32,"enemies":"Shell Parasite","floor":18,"turns":6},{"damage":22,"enemies":"3 Byrds","floor":19,"turns":5},{"damage":19,"enemies":"Centurion and Healer","floor":21,"turns":5},{"damage":27,"enemies":"Slavers","floor":24,"turns":2},{"damage":10,"enemies":"Cultist and Chosen","floor":28,"turns":5},{"damage":33,"enemies":"Sentry and Sphere","floor":31,"turns":5}],"seed_played":"7358723154719301687","potions_obtained":[{"floor":5,"key":"FearPotion"},{"floor":11,"key":"Regen Potion"},{"floor":16,"key":"Block Potion"},{"floor":19,"key":"AttackPotion"}],"is_trial":false,"path_per_floor":["M","M","$","?","M","R","?","R","T","R","M","R","E","?","R","B",null,"M","M","$","M","?","R","E","R","T","R","M","R","$","M"],"character_chosen":"IRONCLAD","items_purchased":["True Grit","Rampage","Headbutt","Rage"],"campfire_rested":1,"item_purchase_floors":[3,20,20,30],"current_hp_per_floor":[71,68,68,50,49,49,60,60,60,60,63,63,51,51,51,27,74,48,46,46,33,25,51,30,30,30,30,28,28,28,0],"gold":22,"neow_bonus":"TRANSFORM_CARD","is_prod":false,"is_daily":false,"chose_seed":false,"campfire_upgraded":8,"win_rate":0,"timestamp":1559267320,"path_taken":["M","?","$","?","M","R","?","R","T","R","M","R","E","?","R","BOSS","M","M","$","M","?","R","E","R","T","R","M","R","$","M"],"build_version":"2019-01-23","purchased_purges":2,"victory":false,"max_hp_per_floor":[75,75,75,75,75,75,89,89,89,89,89,89,89,89,89,89,89,89,89,89,89,89,89,89,89,89,89,89,89,89,89],"card_choices":[{"not_picked":["Bloodletting","Shockwave"],"picked":"Pommel Strike","floor":1},{"not_picked":["Seeing Red","Clash"],"picked":"Inflame","floor":2},{"not_picked":["Body Slam","Havoc"],"picked":"Clothesline","floor":5},{"not_picked":["Heavy Blade","True Grit"],"picked":"Shrug It Off","floor":11},{"not_picked":["Shrug It Off","Burning Pact"],"picked":"Iron Wave","floor":13},{"not_picked":["Berserk","Juggernaut"],"picked":"Immolate","floor":16},{"not_picked":["Shrug It Off","Anger","Pommel Strike"],"picked":"SKIP","floor":18},{"not_picked":["Shockwave","Thunderclap"],"picked":"Ghostly Armor","floor":19},{"not_picked":["Sword Boomerang","Dual Wield","Perfected Strike"],"picked":"SKIP","floor":21},{"not_picked":["Entrench","Clothesline","Dual Wield"],"picked":"SKIP","floor":24},{"not_picked":["Pummel+1","Combust+1"],"picked":"Heavy Blade","floor":28}],"player_experience":369021,"relics_obtained":[{"floor":9,"key":"Mercury Hourglass"},{"floor":13,"key":"Lantern"},{"floor":24,"key":"Bag of Marbles"},{"floor":24,"key":"Bottled Tornado"},{"floor":26,"key":"Bird Faced Urn"}],"event_choices":[{"damage_healed":0,"gold_gain":0,"player_choice":"Take Damage","damage_taken":18,"relics_obtained":["Golden Idol"],"max_hp_gain":0,"max_hp_loss":0,"event_name":"Golden Idol","floor":4,"gold_loss":0},{"damage_healed":0,"gold_gain":0,"player_choice":"Success","damage_taken":3,"relics_obtained":["Mango"],"max_hp_gain":0,"max_hp_loss":0,"event_name":"Scrap Ooze","floor":7,"gold_loss":0},{"damage_healed":0,"gold_gain":0,"player_choice":"Left Gold","damage_taken":0,"max_hp_gain":0,"max_hp_loss":0,"event_name":"World of Goop","floor":14,"gold_loss":42},{"damage_healed":0,"gold_gain":0,"player_choice":"Damaged","damage_taken":8,"max_hp_gain":0,"max_hp_loss":0,"event_name":"Wheel of Change","floor":22,"gold_loss":0}],"is_beta":false,"boss_relics":[{"not_picked":["Empty Cage","Astrolabe"],"picked":"Black Star"}],"items_purged_floors":[3,30],"is_endless":false,"potions_floor_spawned":[5,11,16,19],"killed_by":"Sentry and Sphere","ascension_level":14}