{"gold_per_floor":[117,48,48,123,123,167,167,192,192,228,252,173,217,236,236,236],"floor_reached":16,"playtime":533,"items_purged":[],"score":229,"play_id":"0f822789-e572-461a-8d51-1bcc2692ffa6","local_time":"20190519155412","is_ascension_mode":true,"campfire_choices":[{"data":"Bash","floor":7,"key":"SMITH"},{"floor":15,"key":"REST"}],"neow_cost":"NONE","seed_source_timestamp":16473842851000,"circlet_count":0,"master_deck":["AscendersBane","Strike_R","Strike_R","Strike_R","Strike_R","Defend_R","Defend_R","Defend_R","Defend_R","Bash+1","Headbutt","Flame Barrier","Iron Wave","Inflame","Pommel Strike","Uppercut","Twin Strike","Armaments"],"relics":["Burning Blood","NeowsBlessing","Golden Idol","Ancient Tea Set","Question Card","Blue Candle","Orichalcum"],"potions_floor_usage":[10,14],"damage_taken":[{"damage":0,"enemies":"Jaw Worm","floor":1,"turns":1},{"damage":0,"enemies":"Gremlin Nob","floor":6,"turns":1},{"damage":0,"enemies":"2 Louse","floor":8,"turns":2},{"damage":42,"enemies":"Lagavulin","floor":10,"turns":9},{"damage":0,"enemies":"Small Slimes","floor":11,"turns":3},{"damage":23,"enemies":"Gremlin Nob","floor":13,"turns":4},{"damage":18,"enemies":"Exordium Wildlife","floor":14,"turns":5},{"damage":41,"enemies":"Slime Boss","floor":16,"turns":9}],"seed_played":"-5078392877426143296","potions_obtained":[{"floor":8,"key":"FearPotion"},{"floor":10,"key":"Energy Potion"},{"floor":11,"key":"Regen Potion"},{"floor":14,"key":"Block Potion"}],"is_trial":false,"path_per_floor":["M","$","?","?","?","E","R","M","T","E","M","$","E","M","R","B"],"character_chosen":"IRONCLAD","items_purchased":["Flame Barrier","Uppercut"],"campfire_rested":1,"item_purchase_floors":[2,12],"current_hp_per_floor":[78,78,58,47,47,53,53,59,59,23,29,29,12,14,38,0],"gold":236,"neow_bonus":"THREE_ENEMY_KILL","is_prod":false,"is_daily":false,"chose_seed":false,"campfire_upgraded":1,"win_rate":0,"timestamp":1558295652,"path_taken":["M","$","?","?","?","E","R","M","T","E","M","$","E","M","R","BOSS"],"build_version":"2019-01-23","purchased_purges":0,"victory":false,"max_hp_per_floor":[80,80,80,80,80,80,80,80,80,80,80,80,80,80,80,80],"card_choices":[{"not_picked":["Cleave","Thunderclap"],"picked":"Headbutt","floor":1},{"not_picked":["Anger","Corruption","Sever Soul"],"picked":"SKIP","floor":6},{"not_picked":["Hemokinesis","Sentinel"],"picked":"Iron Wave","floor":8},{"not_picked":["Wild Strike","Havoc","Flex"],"picked":"Inflame","floor":10},{"not_picked":["Flex","Sword Boomerang","Exhume"],"picked":"Pommel Strike","floor":11},{"not_picked":["Thunderclap","Seeing Red","Perfected Strike"],"picked":"Twin Strike","floor":13},{"not_picked":["Wild Strike","Warcry","Anger"],"picked":"Armaments","floor":14}],"player_experience":315117,"relics_obtained":[{"floor":6,"key":"Ancient Tea Set"},{"floor":9,"key":"Question Card"},{"floor":10,"key":"Blue Candle"},{"floor":13,"key":"Orichalcum"}],"event_choices":[{"damage_healed":0,"gold_gain":0,"player_choice":"Take Damage","damage_taken":20,"relics_obtained":["Golden Idol"],"max_hp_gain":0,"max_hp_loss":0,"event_name":"Golden Idol","floor":3,"gold_loss":0},{"damage_healed":0,"gold_gain":75,"player_choice":"Gather Gold","damage_taken":11,"max_hp_gain":0,"max_hp_loss":0,"event_name":"World of Goop","floor":4,"gold_loss":0},{"cards_removed":["Strike_R"],"damage_healed":0,"gold_gain":0,"player_choice":"Purged","damage_taken":0,"max_hp_gain":0,"max_hp_loss":0,"event_name":"Purifier","floor":5,"gold_loss":0}],"is_beta":false,"boss_relics":[],"items_purged_floors":[],"is_endless":false,"potions_floor_spawned":[8,10,11,14],"killed_by":"Slime Boss","ascension_level":12}