{"gold_per_floor":[119,119,119,119,144,144,182,198,198,198,123,201,201,231,231,329,329,354,373,373,107,107,140,163,163,216,177,177,102,102,137,137,137],"floor_reached":33,"playtime":719,"items_purged":["Injury"],"score":665,"play_id":"f9c60c8a-c05e-4895-a22a-a94caa90a7a4","local_time":"20190701204133","is_ascension_mode":true,"campfire_choices":[{"data":"Defend_R","floor":6,"key":"SMITH"},{"data":"Iron Wave","floor":10,"key":"SMITH"},{"data":"Pommel Strike","floor":13,"key":"SMITH"},{"data":"Ghostly Armor","floor":15,"key":"SMITH"},{"floor":25,"key":"REST"},{"floor":28,"key":"REST"},{"floor":32,"key":"REST"}],"neow_cost":"NONE","seed_source_timestamp":24677217138600,"circlet_count":0,"master_deck":["AscendersBane","Strike_R+1","Strike_R+1","Strike_R+1","Defend_R+1","Defend_R+1","Defend_R+1","Defend_R+1","Bash+1","Pommel Strike+1","Iron Wave+1","Ghostly Armor+1","Carnage","True Grit","Clothesline","Infernal Blade","Headbutt+1"],"relics":["Burning Blood","NeowsBlessing","Oddly Smooth Stone","Golden Idol","Pen Nib","Gremlin Horn","Pocketwatch","Mercury Hourglass","Odd Mushroom","Fusion Hammer","Shuriken","Incense Burner","Vajra","Prayer Wheel"],"potions_floor_usage":[23],"damage_taken":[{"damage":0,"enemies":"2 Louse","floor":1,"turns":1},{"damage":0,"enemies":"3 Sentries","floor":7,"turns":1},{"damage":0,"enemies":"Small Slimes","floor":8,"turns":1},{"damage":4,"enemies":"The Mushroom Lair","floor":14,"turns":3},{"damage":0,"enemies":"The Guardian","floor":16,"turns":13},{"damage":2,"enemies":"2 Thieves","floor":18,"turns":4},{"damage":12,"enemies":"Shell Parasite","floor":19,"turns":5},{"damage":24,"enemies":"Book of Stabbing","floor":23,"turns":4},{"damage":0,"enemies":"Snecko","floor":24,"turns":3},{"damage":4,"enemies":"Slavers","floor":31,"turns":6},{"damage":80,"enemies":"Automaton","floor":33,"turns":8}],"seed_played":"7967268086626582879","potions_obtained":[{"floor":7,"key":"FearPotion"},{"floor":14,"key":"Poison Potion"},{"floor":18,"key":"Regen Potion"},{"floor":31,"key":"SkillPotion"}],"is_trial":false,"path_per_floor":["M","?","?","?","T","R","E","M","T","R","$","T","R","?","R","B",null,"M","M","?","$","?","E","M","R","T","$","R","?","?","E","R","B"],"character_chosen":"IRONCLAD","items_purchased":["Shuriken","Infernal Blade"],"campfire_rested":3,"item_purchase_floors":[21,27],"current_hp_per_floor":[74,74,63,63,63,63,69,75,75,75,75,75,75,75,75,75,75,75,69,69,69,69,51,57,75,75,75,75,75,75,75,75,0],"gold":137,"neow_bonus":"THREE_ENEMY_KILL","is_prod":false,"is_daily":false,"chose_seed":false,"campfire_upgraded":4,"win_rate":0,"timestamp":1562028093,"path_taken":["M","?","?","?","?","R","E","?","T","R","$","?","R","?","R","BOSS","M","M","?","$","?","E","?","R","T","$","R","?","?","E","R","BOSS"],"build_version":"2019-07-01","purchased_purges":1,"victory":false,"max_hp_per_floor":[75,75,75,75,75,75,75,75,75,75,75,75,75,75,75,75,75,75,75,75,75,75,75,75,75,75,75,75,75,75,75,75,75],"card_choices":[{"not_picked":["Havoc","Power Through","Body Slam"],"picked":"SKIP","floor":1},{"not_picked":["Ghostly Armor","Warcry"],"picked":"Pommel Strike","floor":7},{"not_picked":["Rupture","Shrug It Off"],"picked":"Iron Wave","floor":8},{"not_picked":["Reckless Charge","Armaments"],"picked":"Ghostly Armor","floor":14},{"not_picked":["Clothesline","True Grit"],"picked":"Carnage","floor":18},{"not_picked":["Pommel Strike","Evolve"],"picked":"True Grit","floor":19},{"not_picked":["Heavy Blade","Juggernaut","Sentinel+1"],"picked":"SKIP","floor":23},{"not_picked":["Heavy Blade","Anger"],"picked":"Clothesline","floor":24},{"not_picked":["Blood for Blood","Heavy Blade"],"picked":"Headbutt+1","floor":31}],"player_experience":418982,"relics_obtained":[{"floor":5,"key":"Pen Nib"},{"floor":7,"key":"Gremlin Horn"},{"floor":9,"key":"Pocketwatch"},{"floor":12,"key":"Mercury Hourglass"},{"floor":14,"key":"Odd Mushroom"},{"floor":23,"key":"Incense Burner"},{"floor":26,"key":"Vajra"},{"floor":31,"key":"Prayer Wheel"}],"event_choices":[{"damage_healed":0,"gold_gain":0,"player_choice":"Grow","damage_taken":0,"max_hp_gain":0,"max_hp_loss":0,"event_name":"Living Wall","floor":2,"gold_loss":0,"cards_upgraded":["Bash"]},{"damage_healed":0,"gold_gain":0,"player_choice":"Success","damage_taken":11,"relics_obtained":["Oddly Smooth Stone"],"max_hp_gain":0,"max_hp_loss":0,"event_name":"Scrap Ooze","floor":3,"gold_loss":0},{"damage_healed":0,"gold_gain":0,"player_choice":"Take Wound","damage_taken":0,"relics_obtained":["Golden Idol"],"max_hp_gain":0,"max_hp_loss":0,"event_name":"Golden Idol","floor":4,"gold_loss":0,"cards_obtained":["Injury"]},{"damage_healed":0,"gold_gain":0,"player_choice":"Fought Mushrooms","damage_taken":0,"max_hp_gain":0,"max_hp_loss":0,"event_name":"Mushrooms","floor":14,"gold_loss":0},{"damage_healed":0,"gold_gain":0,"player_choice":"Ignored","damage_taken":0,"max_hp_gain":0,"max_hp_loss":0,"event_name":"Ghosts","floor":20,"gold_loss":0},{"cards_removed":["Strike_R"],"damage_healed":0,"gold_gain":0,"player_choice":"Offered Basic","damage_taken":0,"max_hp_gain":0,"max_hp_loss":0,"event_name":"Bonfire Elementals","floor":22,"gold_loss":0},{"cards_removed":["Strike_R"],"damage_healed":0,"gold_gain":0,"player_choice":"Gave Gold","damage_taken":0,"max_hp_gain":0,"max_hp_loss":0,"event_name":"Beggar","floor":29,"gold_loss":75},{"damage_healed":0,"gold_gain":0,"player_choice":"Simplicity","damage_taken":0,"max_hp_gain":0,"max_hp_loss":0,"event_name":"Back to Basics","floor":30,"gold_loss":0,"cards_upgraded":["Strike_R","Strike_R","Strike_R","Defend_R","Defend_R","Defend_R"]}],"is_beta":false,"boss_relics":[{"not_picked":["Runic Cube","Eternal Feather"],"picked":"Fusion Hammer"}],"items_purged_floors":[11],"is_endless":false,"potions_floor_spawned":[7,14,18,31],"killed_by":"Automaton","ascension_level":18}