{"gold_per_floor":[110,121,136,136,155,155,183,213,213,243,243,18,36,67,67,167,167,179,210,226,226,240,240,265,278,278,178,195,195,220,220,220,323,323,334,348,348],"floor_reached":37,"playtime":2311,"items_purged":["Strike_B","Strike_B"],"score":629,"play_id":"04104ea1-cec3-4f28-b1ef-91d771b104e2","local_time":"20190907160708","is_ascension_mode":true,"campfire_choices":[{"data":"Darkness","floor":6.0,"key":"SMITH"},{"floor":11.0,"key":"REST"},{"floor":15.0,"key":"REST"},{"data":"Multi-Cast","floor":23.0,"key":"SMITH"},{"floor":29.0,"key":"REST"},{"floor":32,"key":"REST"}],"neow_cost":"NONE","seed_source_timestamp":0,"circlet_count":0,"master_deck":["AscendersBane","Defend_B","Defend_B","Defend_B","Zap","Dualcast+1","Tempest","Go for the Eyes","Conserve Battery+1","Darkness+1","Doom and Gloom","Chaos","Multi-Cast+1","Compile Driver","Rebound+1","Chaos+1","Meteor Strike+1","Beam Cell+1","Conserve Battery+1","Conserve Battery+1","Undo","Biased Cognition+1","Darkness+1"],"special_seed":0,"relics":["Cracked Core","Ancient Tea Set","Boot","Kunai","War Paint","PreservedInsect","Astrolabe","Red Mask","Art of War","Frozen Egg 2","Bird Faced Urn","Nloth\u0027s Gift","Inserter"],"potions_floor_usage":[33],"damage_taken":[{"damage":1.0,"enemies":"Jaw Worm","floor":1.0,"turns":4.0},{"damage":0.0,"enemies":"Small Slimes","floor":2.0,"turns":3.0},{"damage":2.0,"enemies":"2 Louse","floor":3.0,"turns":3.0},{"damage":1.0,"enemies":"Looter","floor":5.0,"turns":4.0},{"damage":33.0,"enemies":"3 Sentries","floor":7.0,"turns":8.0},{"damage":19.0,"enemies":"The Mushroom Lair","floor":10.0,"turns":3.0},{"damage":8.0,"enemies":"Large Slime","floor":13.0,"turns":3.0},{"damage":9.0,"enemies":"Lagavulin","floor":14.0,"turns":5.0},{"damage":35.0,"enemies":"Hexaghost","floor":16.0,"turns":10.0},{"damage":9.0,"enemies":"Spheric Guardian","floor":18.0,"turns":3.0},{"damage":30.0,"enemies":"Masked Bandits","floor":19.0,"turns":3.0},{"damage":10.0,"enemies":"Shell Parasite","floor":20.0,"turns":6.0},{"damage":12.0,"enemies":"Centurion and Healer","floor":22.0,"turns":5.0},{"damage":6.0,"enemies":"Gremlin Leader","floor":24.0,"turns":2.0},{"damage":33.0,"enemies":"Sentry and Sphere","floor":25.0,"turns":4.0},{"damage":17.0,"enemies":"Chosen and Byrds","floor":28.0,"turns":4.0},{"damage":19,"enemies":"Book of Stabbing","floor":30,"turns":4},{"damage":24,"enemies":"Champ","floor":33,"turns":7},{"damage":8,"enemies":"3 Shapes","floor":35,"turns":11},{"damage":44,"enemies":"3 Darklings","floor":36,"turns":6},{"damage":17,"enemies":"Writhing Mass","floor":37,"turns":2}],"seed_played":"4622297231436242313","potions_obtained":[{"floor":2.0,"key":"SkillPotion"},{"floor":3.0,"key":"Fire Potion"},{"floor":14.0,"key":"Fire Potion"},{"floor":16.0,"key":"Explosive Potion"},{"floor":20.0,"key":"Fire Potion"},{"floor":24.0,"key":"SpeedPotion"},{"floor":28.0,"key":"Energy Potion"},{"floor":30,"key":"LiquidBronze"},{"floor":33,"key":"Weak Potion"},{"floor":35,"key":"PowerPotion"},{"floor":36,"key":"Energy Potion"}],"is_trial":false,"path_per_floor":["M","M","M","?","M","R","E","?","T","?","R","$","M","E","R","B",null,"M","?","M","?","M","R","E","M","T","$","M","R","E","?","R","B",null,"M","M","M"],"character_chosen":"DEFECT","items_purchased":["Multi-Cast"],"campfire_rested":4,"item_purchase_floors":[12],"current_hp_per_floor":[67,67,65,70,69,69,36,36,36,17,41,41,33,24,48,13,63,54,24,14,80,68,68,62,29,29,29,12,36,17,17,41,17,64,58,16,0],"gold":348,"neow_bonus":"RANDOM_COMMON_RELIC","is_prod":false,"is_daily":false,"chose_seed":false,"campfire_upgraded":2,"win_rate":0,"timestamp":1567897628,"path_taken":["M","M","M","?","M","R","E","?","T","?","R","?","M","E","R","BOSS","M","?","M","?","M","R","E","M","T","$","?","R","E","?","R","BOSS","M","M","?"],"build_version":"2019-07-17","purchased_purges":2,"victory":false,"max_hp_per_floor":[75,75,75,80,80,80,80,80,80,80,80,80,80,80,80,80,80,80,80,80,80,80,80,80,80,80,80,80,80,80,80,80,80,80,80,80,80],"card_choices":[{"not_picked":["Ball Lightning","Redo"],"picked":"Tempest","floor":1.0},{"not_picked":["Ball Lightning","Compile Driver"],"picked":"Go for the Eyes","floor":2.0},{"not_picked":["Sweeping Beam","Turbo"],"picked":"Conserve Battery","floor":3.0},{"not_picked":["Compile Driver","Sweeping Beam"],"picked":"Darkness","floor":5.0},{"not_picked":["Rebound","Ball Lightning"],"picked":"Doom and Gloom","floor":7.0},{"not_picked":["Rebound","Barrage"],"picked":"Chaos","floor":10.0},{"not_picked":["Amplify","Barrage","Capacitor"],"picked":"SKIP","floor":13.0},{"not_picked":["Sweeping Beam","Lockon"],"picked":"Compile Driver","floor":14.0},{"not_picked":["Redo","Ball Lightning"],"picked":"Beam Cell+1","floor":18.0},{"not_picked":["Stack","Steam Power","Barrage"],"picked":"SKIP","floor":20.0},{"not_picked":["Cold Snap","Streamline+1","Rebound+1"],"picked":"SKIP","floor":22.0},{"not_picked":["Compile Driver","Streamline","Gash"],"picked":"SKIP","floor":24.0},{"not_picked":["Skim","Capacitor"],"picked":"Conserve Battery+1","floor":25.0},{"not_picked":["Compile Driver","Cold Snap"],"picked":"Conserve Battery+1","floor":28.0},{"not_picked":["Ball Lightning","Go for the Eyes"],"picked":"Undo","floor":30},{"not_picked":["All For One","Meteor Strike"],"picked":"Biased Cognition+1","floor":33},{"not_picked":["Steam Power","Go for the Eyes"],"picked":"Darkness+1","floor":35},{"not_picked":["Gash+1","Compile Driver+1","Rebound"],"picked":"SKIP","floor":36}],"player_experience":286038,"relics_obtained":[{"floor":7.0,"key":"Boot"},{"floor":9.0,"key":"War Paint"},{"floor":10.0,"key":"Odd Mushroom"},{"floor":14.0,"key":"PreservedInsect"},{"floor":19.0,"key":"Red Mask"},{"floor":24.0,"key":"Art of War"},{"floor":26.0,"key":"Frozen Egg 2"},{"floor":30,"key":"Bird Faced Urn"}],"event_choices":[{"damage_healed":0.0,"max_hp_gain":5.0,"max_hp_loss":0.0,"gold_gain":0.0,"event_name":"Big Fish","player_choice":"Donut","floor":4.0,"gold_loss":0.0,"damage_taken":0.0},{"damage_healed":0.0,"max_hp_gain":0.0,"max_hp_loss":0.0,"gold_gain":30.0,"event_name":"Dead Adventurer","player_choice":"Searched \u00272\u0027 times","floor":8.0,"gold_loss":0.0,"damage_taken":0.0,"relics_obtained":["Kunai"]},{"damage_healed":0.0,"max_hp_gain":0.0,"max_hp_loss":0.0,"gold_gain":0.0,"event_name":"Mushrooms","player_choice":"Fought Mushrooms","floor":10.0,"gold_loss":0.0,"damage_taken":0.0},{"damage_healed":0.0,"max_hp_gain":0.0,"max_hp_loss":0.0,"gold_gain":0.0,"event_name":"Masked Bandits","player_choice":"Fought Bandits","floor":19.0,"gold_loss":0.0,"damage_taken":0.0},{"damage_healed":66.0,"max_hp_gain":0.0,"max_hp_loss":0.0,"gold_gain":0.0,"event_name":"Wheel of Change","player_choice":"Full Heal","floor":21.0,"gold_loss":0.0,"damage_taken":0.0},{"damage_healed":0,"gold_gain":0,"player_choice":"Traded Relic","damage_taken":0,"relics_obtained":["Nloth\u0027s Gift"],"max_hp_gain":0,"max_hp_loss":0,"event_name":"N\u0027loth","floor":31,"relics_lost":["Odd Mushroom"],"gold_loss":0}],"is_beta":false,"boss_relics":[{"not_picked":["Nuclear Battery","Sozu"],"picked":"Astrolabe"},{"not_picked":["Pandora\u0027s Box","Snecko Eye"],"picked":"Inserter"}],"items_purged_floors":[12,27],"is_endless":false,"potions_floor_spawned":[2,3,14,16,18,20,24,28,30,33,35,36],"killed_by":"Writhing Mass","ascension_level":10}