{"gold_per_floor":[114,114,27,47,64,64,90,90,90,105,51,86,86,114,114,114],"floor_reached":16,"playtime":399,"items_purged":[],"score":212,"play_id":"657af1cc-a467-4e4b-a5a6-48181bb5619e","local_time":"20190614175804","is_ascension_mode":true,"campfire_choices":[{"data":"Searing Blow","floor":6,"key":"SMITH"},{"data":"Searing Blow+1","floor":8,"key":"SMITH"},{"floor":15,"key":"REST"}],"neow_cost":"NONE","seed_source_timestamp":177483090500,"circlet_count":0,"master_deck":["AscendersBane","Strike_R","Strike_R","Strike_R","Strike_R","Strike_R","Defend_R","Defend_R","Defend_R","Defend_R","Bash+1","Sword Boomerang","Rampage","Searing Blow+2","Spot Weakness","Whirlwind","Armaments","Iron Wave"],"relics":["Burning Blood","Bottled Flame","Girya","Self Forming Clay","SsserpentHead","Bag of Preparation"],"potions_floor_usage":[16,16],"damage_taken":[{"damage":4,"enemies":"Small Slimes","floor":1,"turns":4},{"damage":1,"enemies":"Cultist","floor":4,"turns":3},{"damage":6,"enemies":"2 Louse","floor":5,"turns":3},{"damage":25,"enemies":"Lagavulin","floor":7,"turns":6},{"damage":12,"enemies":"Large Slime","floor":10,"turns":5},{"damage":15,"enemies":"3 Sentries","floor":12,"turns":4},{"damage":47,"enemies":"Lagavulin","floor":14,"turns":7},{"damage":32,"enemies":"Hexaghost","floor":16,"turns":9}],"seed_played":"7370274258931007165","potions_obtained":[{"floor":1,"key":"LiquidBronze"},{"floor":4,"key":"FearPotion"},{"floor":12,"key":"EssenceOfSteel"}],"is_trial":false,"path_per_floor":["M","?","$","M","M","R","E","R","T","M","$","E","?","E","R","B"],"character_chosen":"IRONCLAD","items_purchased":["Rampage","Iron Wave"],"campfire_rested":1,"item_purchase_floors":[3,11],"current_hp_per_floor":[77,77,77,82,82,82,63,63,63,57,57,48,48,7,31,0],"gold":114,"neow_bonus":"TEN_PERCENT_HP_BONUS","is_prod":false,"is_daily":false,"chose_seed":false,"campfire_upgraded":2,"win_rate":0,"timestamp":1560549484,"path_taken":["M","?","$","M","M","R","E","R","T","M","$","E","?","E","R","BOSS"],"build_version":"2019-01-23","purchased_purges":0,"victory":false,"max_hp_per_floor":[82,82,82,82,82,82,82,82,82,82,82,82,82,82,82,82],"card_choices":[{"not_picked":["Fire Breathing","Feel No Pain"],"picked":"Sword Boomerang","floor":1},{"not_picked":["Anger","Body Slam"],"picked":"Searing Blow","floor":4},{"not_picked":["Warcry","Anger"],"picked":"Spot Weakness","floor":5},{"not_picked":["Clash","Clothesline"],"picked":"Whirlwind","floor":7},{"not_picked":["Cleave","Iron Wave"],"picked":"Armaments","floor":10},{"not_picked":["Sentinel","Anger","Brutality"],"picked":"SKIP","floor":12},{"not_picked":["Brutality","Sword Boomerang","Clash"],"picked":"SKIP","floor":14}],"player_experience":400138,"relics_obtained":[{"floor":7,"key":"Bottled Flame"},{"floor":9,"key":"Girya"},{"floor":12,"key":"Self Forming Clay"},{"floor":14,"key":"Bag of Preparation"}],"event_choices":[{"damage_healed":0,"gold_gain":0,"player_choice":"Grow","damage_taken":0,"max_hp_gain":0,"max_hp_loss":0,"event_name":"Living Wall","floor":2,"gold_loss":0,"cards_upgraded":["Bash"]},{"damage_healed":0,"gold_gain":0,"player_choice":"Trade","damage_taken":0,"relics_obtained":["SsserpentHead"],"max_hp_gain":0,"max_hp_loss":0,"event_name":"FaceTrader","floor":13,"gold_loss":0}],"is_beta":false,"boss_relics":[],"items_purged_floors":[],"is_endless":false,"potions_floor_spawned":[1,4,12],"killed_by":"Hexaghost","ascension_level":16}