{"gold_per_floor":[210,226,35,110,130,162,162,192,192,222,222,13,11,29,29,129,129,147,166,183,183,4,4,17,17,17,17,37,48,75,75,75,75],"floor_reached":33,"playtime":1819,"items_purged":[],"score":344,"play_id":"ca1beb6b-29ef-4ea8-880d-363d035bdca3","local_time":"20190404193011","is_ascension_mode":true,"campfire_choices":[{"data":"Bandage Up","floor":7,"key":"SMITH"},{"data":"Armaments","floor":11,"key":"SMITH"},{"floor":15,"key":"REST"},{"data":"Bash","floor":23,"key":"SMITH"},{"data":"Rage","floor":25,"key":"SMITH"},{"floor":32,"key":"REST"}],"neow_cost":"NONE","seed_source_timestamp":132479184199,"circlet_count":0,"master_deck":["Strike_R","Strike_R","Strike_R","Defend_R","Defend_R","Defend_R","Defend_R","Bash+1","Iron Wave","Rage+1","Armaments+1","Headbutt","Bandage Up+1","Cleave","Dropkick","Dropkick","Armaments","Body Slam+1","Iron Wave+1","Headbutt+1","Bludgeon+1","Clothesline+1","Iron Wave+1","Carnage+1","Cleave+1","Reaper+1","Battle Trance","Twin Strike+1","Infernal Blade+1","True Grit+1"],"relics":["Burning Blood","Ice Cream","Self Forming Clay","Molten Egg 2","Peace Pipe","Vajra","Sozu","Toxic Egg 2","Potion Belt"],"potions_floor_usage":[6,16,16],"damage_taken":[{"damage":7,"enemies":"Jaw Worm","floor":1,"turns":3},{"damage":6,"enemies":"Cultist","floor":2,"turns":4},{"damage":7,"enemies":"Small Slimes","floor":5,"turns":4},{"damage":24,"enemies":"Gremlin Nob","floor":6,"turns":5},{"damage":20,"enemies":"Lagavulin","floor":8,"turns":7},{"damage":29,"enemies":"3 Sentries","floor":10,"turns":8},{"damage":6,"enemies":"Exordium Thugs","floor":13,"turns":4},{"damage":0,"enemies":"Red Slaver","floor":14,"turns":2},{"damage":41,"enemies":"Slime Boss","floor":16,"turns":9},{"damage":9,"enemies":"Shell Parasite","floor":18,"turns":3},{"damage":36,"enemies":"3 Byrds","floor":19,"turns":6},{"damage":16,"enemies":"Centurion and Healer","floor":20,"turns":5},{"damage":8,"enemies":"Shelled Parasite and Fungi","floor":24,"turns":3},{"damage":25,"enemies":"Sentry and Sphere","floor":28,"turns":5},{"damage":2,"enemies":"Snecko","floor":29,"turns":3},{"damage":52,"enemies":"Gremlin Leader","floor":30,"turns":5},{"damage":84,"enemies":"Champ","floor":33,"turns":10}],"seed_played":"1844912145934994374","potions_obtained":[{"floor":2,"key":"Weak Potion"},{"floor":13,"key":"Weak Potion"},{"floor":14,"key":"SkillPotion"},{"floor":16,"key":"FairyPotion"}],"is_trial":false,"path_per_floor":["M","M","$","?","M","E","R","E","T","E","R","$","M","M","R","B",null,"M","M","M","?","$","R","M","R","T","?","M","M","E","?","R","B"],"character_chosen":"IRONCLAD","items_purchased":["Armaments","Headbutt","Bandage Up","Vajra","Body Slam+1","Cleave+1","Reaper+1"],"campfire_rested":2,"item_purchase_floors":[3,3,3,12,12,22,22],"current_hp_per_floor":[79,79,79,68,71,57,57,49,49,32,32,32,38,44,68,39,80,77,53,49,49,49,49,53,53,53,53,46,65,31,31,55,0],"gold":75,"neow_bonus":"HUNDRED_GOLD","is_prod":false,"is_daily":false,"chose_seed":false,"campfire_upgraded":4,"win_rate":0,"timestamp":1554420611,"path_taken":["M","M","$","?","M","E","R","E","T","E","R","$","M","M","R","BOSS","M","M","M","?","$","R","?","R","T","?","?","M","E","?","R","BOSS"],"build_version":"2019-01-23","purchased_purges":0,"victory":false,"max_hp_per_floor":[80,80,80,80,80,80,80,80,80,80,80,80,80,80,80,80,80,80,80,80,80,80,80,80,80,80,80,80,80,80,80,80,80],"card_choices":[{"not_picked":["Rupture","Reckless Charge"],"picked":"Iron Wave","floor":1},{"not_picked":["Clash","Uppercut"],"picked":"Rage","floor":2},{"not_picked":["Pommel Strike","Reaper"],"picked":"Cleave","floor":5},{"not_picked":["Dark Embrace","Twin Strike"],"picked":"Dropkick","floor":6},{"not_picked":["Pummel","Perfected Strike"],"picked":"Dropkick","floor":8},{"not_picked":["Heavy Blade+1","Body Slam+1"],"picked":"Armaments","floor":10},{"not_picked":["Sword Boomerang+1","Carnage+1"],"picked":"Iron Wave+1","floor":13},{"not_picked":["Cleave+1","Pummel+1"],"picked":"Headbutt+1","floor":14},{"not_picked":["Brutality","Limit Break"],"picked":"Bludgeon+1","floor":16},{"not_picked":["Warcry+1","Entrench+1"],"picked":"Clothesline+1","floor":18},{"not_picked":["Hemokinesis+1","Havoc"],"picked":"Iron Wave+1","floor":19},{"not_picked":["Sword Boomerang+1","Armaments"],"picked":"Carnage+1","floor":20},{"not_picked":["Reckless Charge+1","Armaments"],"picked":"Battle Trance","floor":24},{"not_picked":["Body Slam+1","Armaments+1"],"picked":"Twin Strike+1","floor":28},{"not_picked":["Entrench+1","Dual Wield+1"],"picked":"Infernal Blade+1","floor":29},{"not_picked":["Heavy Blade+1","Sword Boomerang+1"],"picked":"True Grit+1","floor":30}],"player_experience":82409,"relics_obtained":[{"floor":6,"key":"Ice Cream"},{"floor":8,"key":"Self Forming Clay"},{"floor":9,"key":"Molten Egg 2"},{"floor":10,"key":"Peace Pipe"},{"floor":26,"key":"Toxic Egg 2"},{"floor":30,"key":"Potion Belt"}],"event_choices":[{"damage_healed":0,"gold_gain":75,"player_choice":"Gather Gold","damage_taken":11,"max_hp_gain":0,"max_hp_loss":0,"event_name":"World of Goop","floor":4,"gold_loss":0},{"cards_removed":["Strike_R"],"damage_healed":0,"gold_gain":0,"player_choice":"Purged","damage_taken":0,"max_hp_gain":0,"max_hp_loss":0,"event_name":"Purifier","floor":21,"gold_loss":0},{"damage_healed":0,"gold_gain":0,"player_choice":"Got Potions","damage_taken":0,"max_hp_gain":0,"max_hp_loss":0,"event_name":"Lab","floor":27,"gold_loss":0},{"cards_removed":["Strike_R"],"damage_healed":0,"gold_gain":0,"player_choice":"Card Removal","damage_taken":0,"max_hp_gain":0,"max_hp_loss":0,"event_name":"Wheel of Change","floor":31,"gold_loss":0}],"is_beta":false,"boss_relics":[{"not_picked":["Calling Bell","Lizard Tail"],"picked":"Sozu"}],"items_purged_floors":[],"is_endless":false,"potions_floor_spawned":[2,13,14,16,18,19,30],"killed_by":"Champ","ascension_level":4}