{"gold_per_floor":[114,114,125,136,12,12,29,29,56,89,117,129,152,164,176,317,329,359,385,397,284,383,383,383,397,470,505,505,505,505,505,505,606,606,621,621,639,589,603,636,652,667,722,751,766,476,502,602,602,602],"floor_reached":51,"playtime":2417,"items_purged":["Defend_B","Strike_B","White Noise+1","Defend_B"],"score":1340,"play_id":"4dc51090-ac30-4535-bd38-a6d57f67c699","local_time":"20190906075115","is_ascension_mode":true,"campfire_choices":[{"data":"Zap","floor":6,"key":"SMITH"},{"data":"Dualcast","floor":8,"key":"SMITH"},{"data":"White Noise","floor":12,"key":"SMITH"},{"floor":15,"key":"REST"},{"data":"Redo","floor":23,"key":"SMITH"},{"floor":28,"key":"REST"},{"floor":30,"key":"REST"},{"data":"Conserve Battery","floor":32,"key":"SMITH"},{"data":"Fission","floor":49,"key":"SMITH"}],"neow_cost":"TEN_PERCENT_HP_LOSS","seed_source_timestamp":1730115418654800,"circlet_count":0,"master_deck":["Strike_B","Defend_B","Zap+1","Dualcast+1","Go for the Eyes","Gash","BootSequence","Gash","Steam","Redo+1","BootSequence","Conserve Battery+1","Gash","Beam Cell","Gash","Fission+1","Steam+1","Go for the Eyes","Double Energy+1","Go for the Eyes","Gash"],"relics":["Cracked Core","Unceasing Top","Strawberry","MawBank","Bloody Idol","Orrery","Cables","Smiling Mask","MutagenicStrength","Sundial","Bronze Scales","Letter Opener","Shuriken","Ancient Tea Set","Prayer Wheel"],"potions_floor_usage":[16,16,16,16,27,35],"damage_taken":[{"damage":2,"enemies":"Jaw Worm","floor":1,"turns":3},{"damage":9,"enemies":"2 Louse","floor":3,"turns":4},{"damage":4,"enemies":"Small Slimes","floor":4,"turns":4},{"damage":3,"enemies":"Blue Slaver","floor":7,"turns":3},{"damage":21,"enemies":"Gremlin Nob","floor":10,"turns":4},{"damage":0,"enemies":"3 Louse","floor":11,"turns":3},{"damage":3,"enemies":"2 Fungi Beasts","floor":13,"turns":3},{"damage":32,"enemies":"Slime Boss","floor":16,"turns":9},{"damage":8,"enemies":"Chosen","floor":18,"turns":5},{"damage":6,"enemies":"3 Byrds","floor":19,"turns":5},{"damage":7,"enemies":"Centurion and Healer","floor":25,"turns":6},{"damage":11,"enemies":"Book of Stabbing","floor":27,"turns":5},{"damage":13,"enemies":"Collector","floor":33,"turns":5},{"damage":26,"enemies":"3 Shapes","floor":35,"turns":13},{"damage":0,"enemies":"Orb Walker","floor":37,"turns":1},{"damage":0,"enemies":"3 Darklings","floor":39,"turns":2},{"damage":0,"enemies":"Giant Head","floor":40,"turns":2},{"damage":0,"enemies":"Maw","floor":41,"turns":2},{"damage":6,"enemies":"4 Shapes","floor":42,"turns":3},{"damage":0,"enemies":"Nemesis","floor":44,"turns":1},{"damage":0,"enemies":"Writhing Mass","floor":45,"turns":1},{"damage":0,"enemies":"Giant Head","floor":47,"turns":2},{"damage":0,"enemies":"Mind Bloom Boss Battle","floor":48,"turns":1},{"damage":0,"enemies":"Awakened One","floor":50,"turns":2}],"seed_played":"1345273084000577364","potions_obtained":[{"floor":1,"key":"EntropicBrew"},{"floor":3,"key":"Dexterity Potion"},{"floor":10,"key":"Explosive Potion"},{"floor":16,"key":"Energy Potion"},{"floor":18,"key":"Block Potion"},{"floor":19,"key":"Regen Potion"},{"floor":27,"key":"Block Potion"},{"floor":41,"key":"SteroidPotion"},{"floor":42,"key":"Block Potion"}],"is_trial":false,"path_per_floor":["M","?","M","M","$","R","M","R","T","E","M","R","M","?","R","B",null,"M","M","?","$","?","R","?","M","T","E","R","?","R","?","R","B",null,"M","?","M","$","M","E","M","M","T","E","M","$","E","?","R","B",null],"character_chosen":"DEFECT","items_purchased":["Gash","Beam Cell","Shuriken"],"campfire_rested":3,"item_purchase_floors":[5,21,46],"current_hp_per_floor":[66,66,57,53,53,53,50,50,57,36,36,36,33,15,37,5,58,50,44,44,44,44,44,44,37,37,26,48,48,70,70,70,62,72,51,51,56,56,61,66,71,70,75,75,75,75,75,75,75,75],"gold":602,"neow_bonus":"ONE_RARE_RELIC","is_prod":false,"is_daily":false,"chose_seed":false,"campfire_upgraded":6,"win_rate":0,"timestamp":1567781475,"path_taken":["M","?","M","M","$","R","M","R","T","E","M","R","M","?","R","BOSS","M","M","?","$","?","R","?","M","T","E","R","?","R","?","R","BOSS","M","?","M","$","M","E","M","M","T","E","M","?","E","?","R","BOSS"],"build_version":"2019-07-17","purchased_purges":4,"victory":true,"max_hp_per_floor":[68,68,68,68,68,68,68,68,75,75,75,75,75,75,75,75,75,75,75,75,75,75,75,75,75,75,75,75,75,75,75,75,75,75,75,75,75,75,75,75,75,75,75,75,75,75,75,75,75,75],"card_choices":[{"not_picked":["Storm","Rebound","Aggregate"],"picked":"SKIP","floor":1},{"not_picked":["Turbo","Redo"],"picked":"Go for the Eyes","floor":3},{"not_picked":["Melter","Stack","Streamline"],"picked":"SKIP","floor":4},{"not_picked":["Capacitor","Barrage"],"picked":"BootSequence","floor":7},{"not_picked":["Creative AI","Reboot"],"picked":"White Noise","floor":10},{"not_picked":["Leap","Compile Driver","Doom and Gloom"],"picked":"SKIP","floor":11},{"not_picked":["Aggregate","Compile Driver","Capacitor"],"picked":"SKIP","floor":13},{"not_picked":["Redo","Hologram"],"picked":"Gash","floor":17},{"not_picked":["Rip and Tear","Blizzard"],"picked":"Steam","floor":17},{"not_picked":["Leap","Conserve Battery"],"picked":"Redo","floor":17},{"not_picked":["White Noise","Hologram"],"picked":"BootSequence","floor":17},{"not_picked":["Cold Snap","Turbo"],"picked":"Conserve Battery","floor":17},{"not_picked":["Conserve Battery","Heatsinks+1","Core Surge"],"picked":"SKIP","floor":18},{"not_picked":["Hologram","Ball Lightning","Leap"],"picked":"SKIP","floor":19},{"not_picked":["Storm+1","Cold Snap"],"picked":"Gash","floor":25},{"not_picked":["Amplify","Sweeping Beam+1","Hologram"],"picked":"SKIP","floor":27},{"not_picked":["Amplify","Echo Form"],"picked":"Fission","floor":33},{"not_picked":["Compile Driver+1","Streamline+1"],"picked":"Steam+1","floor":35},{"not_picked":["Streamline","Darkness","Steam Power"],"picked":"SKIP","floor":37},{"not_picked":["Static Discharge+1","Coolheaded"],"picked":"Go for the Eyes","floor":39},{"not_picked":["Hello World","Genetic Algorithm+1"],"picked":"Double Energy+1","floor":40},{"not_picked":["Streamline","Consume","Melter"],"picked":"SKIP","floor":41},{"not_picked":["Compile Driver","Streamline"],"picked":"Go for the Eyes","floor":42},{"not_picked":["White Noise","Skim","Machine Learning"],"picked":"SKIP","floor":44},{"not_picked":["Aggregate","Recycle","Coolheaded+1"],"picked":"SKIP","floor":45},{"not_picked":["Steam","Sweeping Beam"],"picked":"Gash","floor":47}],"player_experience":264218,"relics_obtained":[{"floor":9,"key":"Strawberry"},{"floor":10,"key":"MawBank"},{"floor":26,"key":"Cables"},{"floor":27,"key":"Smiling Mask"},{"floor":40,"key":"Sundial"},{"floor":43,"key":"Bronze Scales"},{"floor":44,"key":"Letter Opener"},{"floor":47,"key":"Ancient Tea Set"},{"floor":48,"key":"Prayer Wheel"}],"event_choices":[{"cards_removed":["Strike_B"],"damage_healed":0,"gold_gain":0,"player_choice":"Forget","damage_taken":0,"max_hp_gain":0,"max_hp_loss":0,"event_name":"Living Wall","floor":2,"gold_loss":0},{"damage_healed":0,"gold_gain":0,"player_choice":"Take Damage","damage_taken":18,"relics_obtained":["Golden Idol"],"max_hp_gain":0,"max_hp_loss":0,"event_name":"Golden Idol","floor":14,"gold_loss":0},{"damage_healed":0,"gold_gain":0,"player_choice":"Read","damage_taken":0,"max_hp_gain":0,"max_hp_loss":0,"event_name":"The Library","floor":20,"gold_loss":0,"cards_obtained":["Gash"]},{"damage_healed":0,"gold_gain":99,"player_choice":"Stole From Cult","damage_taken":0,"max_hp_gain":0,"max_hp_loss":0,"event_name":"Nest","floor":22,"gold_loss":0},{"cards_removed":["Defend_B"],"damage_healed":0,"gold_gain":0,"player_choice":"Elegance","damage_taken":0,"max_hp_gain":0,"max_hp_loss":0,"event_name":"Back to Basics","floor":24,"gold_loss":0},{"damage_healed":0,"gold_gain":0,"player_choice":"Inject Mutagens","damage_taken":0,"relics_obtained":["MutagenicStrength"],"max_hp_gain":0,"max_hp_loss":0,"event_name":"Drug Dealer","floor":29,"gold_loss":0},{"damage_healed":0,"gold_gain":0,"player_choice":"Gave Idol","damage_taken":0,"relics_obtained":["Bloody Idol"],"max_hp_gain":0,"max_hp_loss":0,"event_name":"Forgotten Altar","floor":31,"relics_lost":["Golden Idol"],"gold_loss":0},{"cards_removed":["Strike_B"],"damage_healed":0,"gold_gain":0,"player_choice":"Card Removal","damage_taken":0,"max_hp_gain":0,"max_hp_loss":0,"event_name":"Wheel of Change","floor":36,"gold_loss":0},{"damage_healed":0,"gold_gain":0,"player_choice":"Fight","damage_taken":0,"max_hp_gain":0,"max_hp_loss":0,"event_name":"MindBloom","floor":48,"gold_loss":0}],"is_beta":false,"boss_relics":[{"not_picked":["FrozenCore","Eternal Feather"],"picked":"Orrery"},{"not_picked":["Cursed Key","Snecko Eye","Fusion Hammer"]}],"items_purged_floors":[5,21,38,46],"is_endless":false,"potions_floor_spawned":[1,3,10,16,18,19,27,41,42,45],"ascension_level":9}