{"gold_per_floor":[214,214,64,164,36,36,54,69,69,69,69,99,119,143,143,245,245,245,245,245,245,170,170],"floor_reached":23,"playtime":816,"items_purged":["Strike_R"],"score":271,"play_id":"77d961f1-ac9d-45b1-9e9e-670ba69bf23f","local_time":"20190429023834","is_ascension_mode":true,"campfire_choices":[{"data":"True Grit","floor":6,"key":"SMITH"},{"data":"Searing Blow+1","floor":11,"key":"SMITH"},{"data":"Searing Blow+2","floor":15,"key":"SMITH"}],"neow_cost":"NONE","seed_source_timestamp":7388384361300,"circlet_count":0,"master_deck":["Strike_R","Strike_R","Strike_R","Strike_R","Defend_R","Defend_R","Defend_R","Defend_R","Bash","Iron Wave","Flash of Steel","True Grit+1","Searing Blow+3","Whirlwind","Double Tap"],"relics":["Burning Blood","Vajra","Girya","Blue Candle","Bronze Scales","Ectoplasm","Pen Nib"],"potions_floor_usage":[16,23],"damage_taken":[{"damage":18,"enemies":"Jaw Worm","floor":1,"turns":4},{"damage":0,"enemies":"Cultist","floor":7,"turns":2},{"damage":4,"enemies":"2 Louse","floor":8,"turns":2},{"damage":27,"enemies":"Gremlin Nob","floor":12,"turns":4},{"damage":10,"enemies":"Exordium Wildlife","floor":13,"turns":4},{"damage":42,"enemies":"The Guardian","floor":16,"turns":10},{"damage":0,"enemies":"3 Byrds","floor":18,"turns":4},{"damage":11,"enemies":"Spheric Guardian","floor":20,"turns":3},{"damage":70,"enemies":"Gremlin Leader","floor":23,"turns":6}],"seed_played":"1305098740456368440","potions_obtained":[{"floor":13,"key":"AttackPotion"},{"floor":16,"key":"SpeedPotion"},{"floor":20,"key":"Ancient Potion"}],"is_trial":false,"path_per_floor":["M","?","$","?","$","R","M","M","T","?","R","E","M","T","R","B",null,"M","?","M","T","$","E"],"character_chosen":"IRONCLAD","items_purchased":["Vajra","Flash of Steel","True Grit"],"campfire_rested":0,"item_purchase_floors":[3,5,5],"current_hp_per_floor":[60,65,65,65,65,65,71,73,73,73,73,52,48,48,48,12,67,73,73,68,68,68,0],"gold":170,"neow_bonus":"HUNDRED_GOLD","is_prod":false,"is_daily":false,"chose_seed":false,"campfire_upgraded":3,"win_rate":0,"timestamp":1556519914,"path_taken":["M","?","$","?","$","R","?","M","T","?","R","E","?","?","R","BOSS","M","?","M","?","$","E"],"build_version":"2019-01-23","purchased_purges":1,"victory":false,"max_hp_per_floor":[80,85,85,85,85,85,85,85,85,85,85,85,85,85,85,85,85,85,85,85,85,85,85],"card_choices":[{"not_picked":["Shockwave","Cleave"],"picked":"Iron Wave","floor":1},{"not_picked":["Burning Pact","Havoc","Flex"],"picked":"SKIP","floor":7},{"not_picked":["Corruption","Blood for Blood"],"picked":"Searing Blow","floor":8},{"not_picked":["Warcry","Barricade"],"picked":"Whirlwind","floor":12},{"not_picked":["Body Slam","Sever Soul","Wild Strike"],"picked":"SKIP","floor":13},{"not_picked":["Impervious","Demon Form"],"picked":"Double Tap","floor":16},{"not_picked":["Dropkick","Body Slam+1","Sever Soul+1"],"picked":"SKIP","floor":18},{"not_picked":["Body Slam","Entrench","Seeing Red"],"picked":"SKIP","floor":20}],"player_experience":156294,"relics_obtained":[{"floor":9,"key":"Girya"},{"floor":12,"key":"Blue Candle"},{"floor":14,"key":"Bronze Scales"},{"floor":21,"key":"Pen Nib"}],"event_choices":[{"damage_healed":0,"gold_gain":0,"player_choice":"Donut","damage_taken":0,"max_hp_gain":5,"max_hp_loss":0,"event_name":"Big Fish","floor":2,"gold_loss":0},{"damage_healed":0,"gold_gain":100,"player_choice":"Pray","damage_taken":0,"max_hp_gain":0,"max_hp_loss":0,"event_name":"Golden Shrine","floor":4,"gold_loss":0},{"damage_healed":0,"gold_gain":0,"player_choice":"Forge","damage_taken":0,"max_hp_gain":0,"max_hp_loss":0,"event_name":"Accursed Blacksmith","floor":10,"gold_loss":0,"cards_upgraded":["Searing Blow"]},{"damage_healed":0,"gold_gain":0,"player_choice":"Ignored","damage_taken":0,"max_hp_gain":0,"max_hp_loss":0,"event_name":"Ghosts","floor":19,"gold_loss":0}],"is_beta":false,"boss_relics":[{"not_picked":["Fusion Hammer","White Beast Statue"],"picked":"Ectoplasm"}],"items_purged_floors":[22],"is_endless":false,"potions_floor_spawned":[13,16,20],"killed_by":"Gremlin Leader","ascension_level":9}