{"gold_per_floor":[114,132,132,152,168,168,193,210,210,21,21,21,21,0,0,0],"floor_reached":16,"playtime":1071,"items_purged":["Strike_G"],"score":100,"play_id":"5748746e-4707-422d-a4c6-57779a6f0571","local_time":"20190827163822","is_ascension_mode":false,"campfire_choices":[{"data":"Leg Sweep","floor":6,"key":"SMITH"},{"data":"Neutralize","floor":11,"key":"SMITH"},{"data":"Backflip","floor":13,"key":"SMITH"},{"data":"Dodge and Roll","floor":15,"key":"SMITH"}],"neow_cost":"NONE","seed_source_timestamp":1185264312150461,"circlet_count":0,"master_deck":["Strike_G","Strike_G","Strike_G","Defend_G","Defend_G","Defend_G","Defend_G","Defend_G","Survivor","Neutralize+1","Dodge and Roll+1","Backflip+1","Bouncing Flask","Leg Sweep+1","Acrobatics","Dagger Spray","Prepared","Backstab","Deflect","Blur"],"relics":["Ring of the Snake","NeowsBlessing","Strawberry","Matryoshka"],"potions_floor_usage":[7,16,16],"damage_taken":[{"damage":0,"enemies":"Cultist","floor":1,"turns":1},{"damage":0,"enemies":"Jaw Worm","floor":2,"turns":1},{"damage":0,"enemies":"Small Slimes","floor":4,"turns":1},{"damage":4,"enemies":"3 Louse","floor":5,"turns":6},{"damage":19,"enemies":"3 Sentries","floor":7,"turns":18},{"damage":0,"enemies":"2 Fungi Beasts","floor":8,"turns":5},{"damage":0,"enemies":"Looter","floor":14,"turns":4},{"damage":59,"enemies":"Slime Boss","floor":16,"turns":18}],"seed_played":"-1392686519731728307","potions_obtained":[{"floor":4,"key":"Fruit Juice"},{"floor":5,"key":"Block Potion"},{"floor":7,"key":"SkillPotion"}],"is_trial":false,"path_per_floor":["M","M","?","M","M","R","E","M","T","$","R","$","R","M","R","B"],"character_chosen":"THE_SILENT","items_purchased":["Backstab","Deflect"],"campfire_rested":0,"item_purchase_floors":[10,10],"current_hp_per_floor":[70,70,70,70,66,66,54,54,54,54,54,54,54,54,54,0],"gold":0,"neow_bonus":"THREE_ENEMY_KILL","is_prod":false,"is_daily":false,"chose_seed":false,"campfire_upgraded":4,"win_rate":0.0,"timestamp":1566916702,"path_taken":["M","?","?","M","M","R","E","M","T","$","R","$","R","M","R","BOSS"],"build_version":"2019-07-17","purchased_purges":1,"victory":false,"max_hp_per_floor":[70,70,70,70,70,70,77,77,77,77,77,77,77,77,77,82],"card_choices":[{"not_picked":["Slice","Sucker Punch"],"picked":"Dodge and Roll","floor":1},{"not_picked":["Heel Hook","Sucker Punch"],"picked":"Backflip","floor":2},{"not_picked":["Predator","Dagger Spray"],"picked":"Leg Sweep","floor":4},{"not_picked":["Cloak And Dagger","Deadly Poison"],"picked":"Acrobatics","floor":5},{"not_picked":["Distraction","Dodge and Roll"],"picked":"Dagger Spray","floor":7},{"not_picked":["Die Die Die","Crippling Poison"],"picked":"Prepared","floor":8},{"not_picked":["Dagger Throw","Backstab"],"picked":"Blur","floor":14}],"player_experience":44180,"relics_obtained":[{"floor":7,"key":"Strawberry"},{"floor":9,"key":"Matryoshka"}],"event_choices":[{"damage_healed":0,"gold_gain":0,"cards_transformed":["Strike_G"],"player_choice":"Transformed","damage_taken":0,"max_hp_gain":0,"max_hp_loss":0,"event_name":"Transmorgrifier","floor":3,"gold_loss":0,"cards_obtained":["Bouncing Flask"]}],"is_beta":false,"boss_relics":[],"items_purged_floors":[10],"is_endless":false,"potions_floor_spawned":[4,5,7],"killed_by":"Slime Boss","ascension_level":0}