{"gold_per_floor":[109,109,109,125,142,142,162,175,175,125,152,152,168,17,17,113,113,128,128,128,139,39,70,70,70,70,70,70,70,70,70,70,173,173,185,185,185,60,160,160,175,175,200,220,245,257,60,70,70,70],"floor_reached":51,"playtime":2158,"items_purged":["Strike_R","Strike_R","Strike_R+1","Bash"],"score":1169,"play_id":"60f68f15-058e-43d3-b5e2-b4e6130913cd","local_time":"20190516174014","is_ascension_mode":true,"campfire_choices":[{"data":"Uppercut","floor":6,"key":"SMITH"},{"data":"Rampage","floor":12,"key":"SMITH"},{"data":"Disarm","floor":15,"key":"SMITH"},{"floor":24,"key":"REST"},{"data":"Flame Barrier","floor":28,"key":"SMITH"},{"data":"Whirlwind","floor":30,"key":"SMITH"},{"floor":32,"key":"REST"},{"data":"Ghostly Armor","floor":40,"key":"SMITH"},{"data":"Bash","floor":42,"key":"SMITH"},{"floor":49,"key":"REST"}],"neow_cost":"NONE","seed_source_timestamp":1714953723400,"circlet_count":0,"master_deck":["AscendersBane","Defend_R+1","Defend_R+1","Defend_R+1","Defend_R+1","Bash+1","Uppercut+1","Rampage+1","Whirlwind+1","Pommel Strike","Flame Barrier+1","Disarm+1","Ghostly Armor+1","Fiend Fire","Burning Pact+1","Necronomicurse","Headbutt+1"],"relics":["Burning Blood","NeowsBlessing","Self Forming Clay","Anchor","Busted Crown","Necronomicon","Dead Branch","Shuriken","Eternal Feather","FossilizedHelix","Smiling Mask","Bag of Marbles","Pen Nib"],"potions_floor_usage":[21,35,46],"damage_taken":[{"damage":0,"enemies":"2 Louse","floor":1,"turns":1},{"damage":0,"enemies":"Small Slimes","floor":4,"turns":1},{"damage":0,"enemies":"Cultist","floor":5,"turns":1},{"damage":6,"enemies":"Looter","floor":7,"turns":3},{"damage":5,"enemies":"2 Fungi Beasts","floor":8,"turns":4},{"damage":32,"enemies":"3 Sentries","floor":11,"turns":6},{"damage":16,"enemies":"Exordium Thugs","floor":13,"turns":5},{"damage":18,"enemies":"The Guardian","floor":16,"turns":14},{"damage":21,"enemies":"Spheric Guardian","floor":18,"turns":5},{"damage":2,"enemies":"3 Byrds","floor":21,"turns":4},{"damage":25,"enemies":"Book of Stabbing","floor":23,"turns":7},{"damage":24,"enemies":"Collector","floor":33,"turns":5},{"damage":0,"enemies":"3 Shapes","floor":35,"turns":3},{"damage":20,"enemies":"Mind Bloom Boss Battle","floor":39,"turns":6},{"damage":0,"enemies":"3 Darklings","floor":41,"turns":2},{"damage":2,"enemies":"Transient","floor":44,"turns":5},{"damage":39,"enemies":"Giant Head","floor":45,"turns":8},{"damage":0,"enemies":"Maw","floor":46,"turns":4},{"damage":18,"enemies":"Spire Growth","floor":48,"turns":3},{"damage":64,"enemies":"Donu and Deca","floor":50,"turns":10}],"seed_played":"-2220069621971435891","potions_obtained":[{"floor":1,"key":"Strength Potion"},{"floor":7,"key":"Swift Potion"},{"floor":13,"key":"LiquidBronze"},{"floor":16,"key":"PowerPotion"},{"floor":33,"key":"Poison Potion"},{"floor":39,"key":"SpeedPotion"}],"is_trial":false,"path_per_floor":["M","?","?","M","M","R","M","M","T","?","E","R","M","$","R","B",null,"M","?","?","M","$","E","R","$","T","?","R","?","R","$","R","B",null,"M","?","?","$","?","R","M","R","T","M","E","M","$","M","R","B",null],"character_chosen":"IRONCLAD","items_purchased":["Ghostly Armor","Pen Nib"],"campfire_rested":3,"item_purchase_floors":[14,47],"current_hp_per_floor":[78,78,78,80,80,80,80,80,80,80,54,54,44,44,44,32,68,53,37,37,41,41,22,46,46,46,46,46,46,46,46,70,52,73,79,79,79,79,65,74,80,80,80,80,47,53,53,41,74,16],"gold":70,"neow_bonus":"THREE_ENEMY_KILL","is_prod":false,"is_daily":false,"chose_seed":false,"campfire_upgraded":7,"win_rate":0,"timestamp":1558042814,"path_taken":["M","?","?","M","?","R","M","M","T","?","E","R","M","$","R","BOSS","M","?","?","?","$","E","R","$","T","?","R","?","R","?","R","BOSS","M","?","?","?","?","R","M","R","T","M","E","M","?","?","R","BOSS"],"build_version":"2019-01-23","purchased_purges":4,"victory":true,"max_hp_per_floor":[80,80,80,80,80,80,80,80,80,80,80,80,80,80,80,80,80,80,80,80,80,80,80,80,80,80,80,80,80,80,80,80,80,80,80,80,80,80,80,80,80,80,80,80,80,80,80,80,80,80],"card_choices":[{"not_picked":["Iron Wave","Twin Strike"],"picked":"Uppercut","floor":1},{"not_picked":["Havoc","Iron Wave","Blood for Blood"],"picked":"SKIP","floor":4},{"not_picked":["Warcry","Intimidate"],"picked":"Whirlwind","floor":5},{"not_picked":["Perfected Strike","Cleave"],"picked":"Pommel Strike","floor":7},{"not_picked":["Second Wind","Dropkick","Twin Strike"],"picked":"SKIP","floor":8},{"not_picked":["Battle Trance","Fire Breathing"],"picked":"Flame Barrier","floor":11},{"not_picked":["Power Through","Havoc"],"picked":"Disarm","floor":13},{"not_picked":["Reaper","Demon Form"],"picked":"Fiend Fire","floor":16},{"not_picked":[],"picked":"Burning Pact+1","floor":18},{"not_picked":["Cleave"],"picked":"SKIP","floor":21},{"not_picked":["Sword Boomerang"],"picked":"SKIP","floor":23},{"not_picked":["Sword Boomerang"],"picked":"SKIP","floor":35},{"not_picked":["Heavy Blade"],"picked":"SKIP","floor":41},{"not_picked":["Heavy Blade+1"],"picked":"SKIP","floor":44},{"not_picked":["Heavy Blade+1"],"picked":"SKIP","floor":45},{"not_picked":[],"picked":"Headbutt+1","floor":46},{"not_picked":["Sentinel+1"],"picked":"SKIP","floor":48}],"player_experience":288504,"relics_obtained":[{"floor":9,"key":"Self Forming Clay"},{"floor":11,"key":"Anchor"},{"floor":19,"key":"Necronomicon"},{"floor":23,"key":"Dead Branch"},{"floor":26,"key":"Shuriken"},{"floor":39,"key":"FossilizedHelix"},{"floor":43,"key":"Smiling Mask"},{"floor":45,"key":"Bag of Marbles"}],"event_choices":[{"damage_healed":0,"gold_gain":0,"player_choice":"Ignored","damage_taken":0,"max_hp_gain":0,"max_hp_loss":0,"event_name":"Liars Game","floor":2,"gold_loss":0},{"damage_healed":0,"gold_gain":0,"player_choice":"2 cards matched","damage_taken":0,"max_hp_gain":0,"max_hp_loss":0,"event_name":"Match and Keep!","floor":3,"gold_loss":0,"cards_obtained":["Bash","Rampage"]},{"cards_removed":["Strike_R"],"damage_healed":0,"gold_gain":0,"player_choice":"Card Removal","damage_taken":0,"max_hp_gain":0,"max_hp_loss":0,"event_name":"The Cleric","floor":10,"gold_loss":50},{"damage_healed":0,"gold_gain":0,"player_choice":"Obtained Book","damage_taken":16,"max_hp_gain":0,"max_hp_loss":0,"event_name":"Cursed Tome","floor":19,"gold_loss":0},{"damage_healed":0,"gold_gain":0,"player_choice":"0 cards matched","damage_taken":0,"max_hp_gain":0,"max_hp_loss":0,"event_name":"Match and Keep!","floor":20,"gold_loss":0,"cards_obtained":[]},{"damage_healed":0,"gold_gain":0,"player_choice":"Simplicity","damage_taken":0,"max_hp_gain":0,"max_hp_loss":0,"event_name":"Back to Basics","floor":27,"gold_loss":0,"cards_upgraded":["Strike_R","Strike_R","Defend_R","Defend_R","Defend_R","Defend_R"]},{"damage_healed":0,"gold_gain":0,"player_choice":"Ignored","damage_taken":0,"max_hp_gain":0,"max_hp_loss":0,"event_name":"Beggar","floor":29,"gold_loss":0},{"cards_removed":["Strike_R"],"damage_healed":0,"gold_gain":0,"player_choice":"Removed Attack","damage_taken":0,"max_hp_gain":0,"max_hp_loss":0,"event_name":"Falling","floor":36,"gold_loss":0},{"damage_healed":0,"gold_gain":0,"player_choice":"Ignored","damage_taken":0,"max_hp_gain":0,"max_hp_loss":0,"event_name":"Mysterious Sphere","floor":37,"gold_loss":0},{"damage_healed":0,"gold_gain":0,"player_choice":"Fight","damage_taken":0,"max_hp_gain":0,"max_hp_loss":0,"event_name":"MindBloom","floor":39,"gold_loss":0}],"is_beta":false,"boss_relics":[{"not_picked":["Philosopher\u0027s Stone","Lizard Tail"],"picked":"Busted Crown"},{"not_picked":["Snecko Eye","Mark of Pain"],"picked":"Eternal Feather"}],"items_purged_floors":[14,22,38,47],"is_endless":false,"potions_floor_spawned":[1,7,8,13,16,18,33,39,41,44],"ascension_level":11}