{"gold_per_floor":[99,99,99,99,99,99,99,99,99,99,99,99,99,69,69,69,69,69,69,69,69],"floor_reached":21,"playtime":882,"items_purged":[],"score":312,"play_id":"ac539898-90a4-4ff7-b6dc-182e18c40180","local_time":"20190906142803","is_ascension_mode":true,"campfire_choices":[{"data":"Zap","floor":6.0,"key":"SMITH"},{"floor":11.0,"key":"REST"},{"floor":15.0,"key":"REST"}],"neow_cost":"NONE","seed_source_timestamp":1755441133340100,"circlet_count":0,"master_deck":["AscendersBane","Strike_B","Strike_B","Strike_B","Strike_B","Defend_B","Defend_B","Defend_B","Defend_B","Zap+1","Dualcast","Gash","Gash","Self Repair","Conserve Battery","Machine Learning+1","Rebound","Gash","Meteor Strike","Gash"],"special_seed":0,"relics":["Ectoplasm","Frozen Egg 2","Art of War","Anchor","Fusion Hammer"],"potions_floor_usage":[21],"damage_taken":[{"damage":3.0,"enemies":"2 Louse","floor":1.0,"turns":4.0},{"damage":1.0,"enemies":"Jaw Worm","floor":2.0,"turns":4.0},{"damage":6.0,"enemies":"Cultist","floor":4.0,"turns":4.0},{"damage":12.0,"enemies":"Large Slime","floor":7.0,"turns":6.0},{"damage":43.0,"enemies":"Gremlin Nob","floor":8.0,"turns":5.0},{"damage":20.0,"enemies":"3 Sentries","floor":10.0,"turns":4.0},{"damage":11.0,"enemies":"Lots of Slimes","floor":13.0,"turns":5.0},{"damage":13.0,"enemies":"Exordium Thugs","floor":14.0,"turns":4.0},{"damage":41.0,"enemies":"Slime Boss","floor":16.0,"turns":10.0},{"damage":19,"enemies":"Spheric Guardian","floor":18,"turns":4},{"damage":9,"enemies":"3 Byrds","floor":20,"turns":5},{"damage":60,"enemies":"Cultist and Chosen","floor":21,"turns":4}],"seed_played":"2588616380019340185","potions_obtained":[{"floor":2.0,"key":"Weak Potion"},{"floor":4.0,"key":"SmokeBomb"},{"floor":16.0,"key":"Energy Potion"},{"floor":18,"key":"Swift Potion"}],"is_trial":false,"path_per_floor":["M","M","?","M","?","R","M","E","T","E","R","T","M","M","R","B",null,"M","?","M","M"],"character_chosen":"DEFECT","items_purchased":[],"campfire_rested":2,"item_purchase_floors":[],"current_hp_per_floor":[65,64,64,58,63,63,58,22,22,9,33,33,29,23,47,13,63,51,51,49,0],"gold":69,"neow_bonus":"BOSS_RELIC","is_prod":false,"is_daily":false,"chose_seed":false,"campfire_upgraded":1,"win_rate":0,"timestamp":1567805283,"path_taken":["M","M","?","M","?","R","M","E","T","E","R","?","M","M","R","BOSS","M","?","M","M"],"build_version":"2019-07-17","purchased_purges":0,"victory":false,"max_hp_per_floor":[75,75,75,75,80,80,80,80,80,80,80,80,80,80,80,80,80,80,80,80,80],"card_choices":[{"not_picked":["Steam","Redo"],"picked":"Gash","floor":1.0},{"not_picked":["Compile Driver","Stack"],"picked":"Gash","floor":2.0},{"not_picked":["Loop","Cold Snap"],"picked":"Self Repair","floor":4.0},{"not_picked":["Recycle","Glacier"],"picked":"Conserve Battery","floor":7.0},{"not_picked":["Creative AI","Double Energy"],"picked":"Machine Learning","floor":8.0},{"not_picked":["Blizzard","Beam Cell"],"picked":"Rebound","floor":13.0},{"not_picked":["Glacier","Conserve Battery"],"picked":"Gash","floor":14.0},{"not_picked":["Seek","Rainbow"],"picked":"Meteor Strike","floor":16.0},{"not_picked":["Heatsinks+1","Go for the Eyes+1","Recycle+1"],"picked":"SKIP","floor":18},{"not_picked":["Go for the Eyes","Reinforced Body"],"picked":"Gash","floor":20}],"player_experience":270273,"relics_obtained":[{"floor":8.0,"key":"Frozen Egg 2"},{"floor":9.0,"key":"Art of War"},{"floor":12.0,"key":"Anchor"}],"event_choices":[{"damage_healed":0.0,"max_hp_gain":0.0,"max_hp_loss":0.0,"gold_gain":0.0,"event_name":"Liars Game","player_choice":"Ignored","floor":3.0,"gold_loss":0.0,"damage_taken":0.0},{"damage_healed":0.0,"max_hp_gain":5.0,"max_hp_loss":0.0,"gold_gain":0.0,"event_name":"Big Fish","player_choice":"Donut","floor":5.0,"gold_loss":0.0,"damage_taken":0.0}],"is_beta":false,"boss_relics":[{"not_picked":["Astrolabe","Lizard Tail"],"picked":"Fusion Hammer"}],"items_purged_floors":[],"is_endless":false,"potions_floor_spawned":[2,4,10,16,18],"killed_by":"Cultist and Chosen","ascension_level":10}