{"gold_per_floor":[119,133,208,208,73,104,104,123,147,181,194,194,194,206,206,283,283,297,309,359,359,377,377,402,415,484,517,536,536,536,144,144,144],"floor_reached":33,"playtime":2664,"items_purged":["Bloodletting"],"score":640,"play_id":"6620a90e-18c2-4a1b-9905-d8efad72ca5b","local_time":"20190818003244","is_ascension_mode":true,"campfire_choices":[{"data":"Shockwave","floor":7.0,"key":"SMITH"},{"data":"Metallicize","floor":12.0,"key":"SMITH"},{"data":"Clothesline","floor":15.0,"key":"SMITH"},{"data":"Battle Trance","floor":23.0,"key":"SMITH"},{"floor":30.0,"key":"REST"},{"data":"Spot Weakness","floor":32.0,"key":"SMITH"}],"neow_cost":"NONE","seed_source_timestamp":0,"circlet_count":0,"master_deck":["AscendersBane","Strike_R","Strike_R","Defend_R","Defend_R","Defend_R","Defend_R","Bash","Anger","Spot Weakness+1","Headbutt","Metallicize+1","Sword Boomerang","Shockwave+1","Battle Trance+1","Clothesline+1","Reaper","Necronomicurse","Armaments+1","Reaper","Clothesline","Heavy Blade+1","Sword Boomerang","Reaper","Corruption+1","Dual Wield"],"special_seed":0,"relics":["Burning Blood","Oddly Smooth Stone","Potion Belt","Art of War","Snecko Eye","Necronomicon","Kunai","Letter Opener","Frozen Egg 2","Bag of Preparation"],"potions_floor_usage":[],"damage_taken":[{"damage":7.0,"enemies":"Cultist","floor":1.0,"turns":4.0},{"damage":9.0,"enemies":"2 Louse","floor":2.0,"turns":2.0},{"damage":19.0,"enemies":"Lagavulin","floor":6.0,"turns":7.0},{"damage":8.0,"enemies":"Small Slimes","floor":8.0,"turns":4.0},{"damage":0.0,"enemies":"Gremlin Nob","floor":10.0,"turns":2.0},{"damage":3.0,"enemies":"2 Fungi Beasts","floor":11.0,"turns":3.0},{"damage":7.0,"enemies":"Exordium Wildlife","floor":14.0,"turns":5.0},{"damage":40.0,"enemies":"The Guardian","floor":16.0,"turns":10.0},{"damage":22.0,"enemies":"2 Thieves","floor":18.0,"turns":4.0},{"damage":4.0,"enemies":"Spheric Guardian","floor":19.0,"turns":4.0},{"damage":19.0,"enemies":"Centurion and Healer","floor":22.0,"turns":5.0},{"damage":46.0,"enemies":"Gremlin Leader","floor":24.0,"turns":6.0},{"damage":46.0,"enemies":"3 Cultists","floor":25.0,"turns":5.0},{"damage":57.0,"enemies":"Slavers","floor":27.0,"turns":5.0},{"damage":44.0,"enemies":"Snake Plant","floor":28.0,"turns":6.0},{"damage":88,"enemies":"Collector","floor":33,"turns":6}],"seed_played":"-5484887964784152557","potions_obtained":[{"floor":6.0,"key":"Poison Potion"},{"floor":8.0,"key":"AttackPotion"},{"floor":10.0,"key":"Block Potion"},{"floor":14.0,"key":"FairyPotion"},{"floor":19.0,"key":"Weak Potion"},{"floor":22.0,"key":"Energy Potion"},{"floor":27.0,"key":"Regen Potion"},{"floor":28.0,"key":"LiquidBronze"}],"is_trial":false,"path_per_floor":["M","M","?","?","$","E","R","M","T","E","M","R","?","M","R","B",null,"M","M","?","?","M","R","E","M","T","E","M","?","R","$","R","B"],"character_chosen":"IRONCLAD","items_purchased":["Metallicize","Sword Boomerang","Bag of Preparation","Corruption+1","Dual Wield"],"campfire_rested":1,"item_purchase_floors":[5,5,31,31,31],"current_hp_per_floor":[67,64,53,53,53,40,40,38,38,44,47,47,52,51,51,17,64,54,66,66,45,56,56,40,44,44,23,16,16,40,40,40,0],"gold":144,"neow_bonus":"TRANSFORM_CARD","is_prod":false,"is_daily":false,"chose_seed":false,"campfire_upgraded":5,"win_rate":0,"timestamp":1566113564,"path_taken":["M","?","?","?","$","E","R","?","T","E","M","R","?","M","R","BOSS","M","M","?","?","M","R","E","M","T","E","?","?","R","$","R","BOSS"],"build_version":"2019-07-17","purchased_purges":1,"victory":false,"max_hp_per_floor":[75,75,75,75,75,75,75,75,75,75,75,75,80,80,80,80,80,80,80,80,80,80,80,80,80,80,80,80,80,80,80,80,80],"card_choices":[{"not_picked":["Flex","Heavy Blade"],"picked":"Spot Weakness","floor":1.0},{"not_picked":["Perfected Strike","Burning Pact"],"picked":"Headbutt","floor":2.0},{"not_picked":["Dropkick","Second Wind"],"picked":"Shockwave","floor":6.0},{"not_picked":["Body Slam","Infernal Blade","Blood for Blood"],"picked":"SKIP","floor":8.0},{"not_picked":["Body Slam","Anger"],"picked":"Battle Trance","floor":10.0},{"not_picked":["Battle Trance","Cleave"],"picked":"Clothesline","floor":11.0},{"not_picked":["Anger","Rupture","Warcry"],"picked":"SKIP","floor":14.0},{"not_picked":["Barricade","Limit Break"],"picked":"Reaper","floor":16.0},{"not_picked":["Cleave","Shrug It Off","Warcry"],"picked":"SKIP","floor":18.0},{"not_picked":["Flex","Anger","Headbutt"],"picked":"SKIP","floor":19.0},{"not_picked":["Fire Breathing","Body Slam"],"picked":"Armaments+1","floor":22.0},{"not_picked":["Shrug It Off","Wild Strike"],"picked":"Reaper","floor":24.0},{"not_picked":["Flex","Iron Wave"],"picked":"Clothesline","floor":25.0},{"not_picked":["Cleave","Thunderclap+1"],"picked":"Heavy Blade+1","floor":27.0},{"not_picked":["Searing Blow","Perfected Strike"],"picked":"Sword Boomerang","floor":28.0}],"player_experience":611477,"relics_obtained":[{"floor":6.0,"key":"Oddly Smooth Stone"},{"floor":9.0,"key":"Potion Belt"},{"floor":10.0,"key":"Art of War"},{"floor":21.0,"key":"Necronomicon"},{"floor":24.0,"key":"Kunai"},{"floor":26.0,"key":"Letter Opener"},{"floor":27.0,"key":"Frozen Egg 2"}],"event_choices":[{"damage_healed":0.0,"max_hp_gain":0.0,"max_hp_loss":0.0,"gold_gain":75.0,"event_name":"World of Goop","player_choice":"Gather Gold","floor":3.0,"gold_loss":0.0,"damage_taken":11.0},{"damage_healed":0.0,"max_hp_gain":0.0,"max_hp_loss":0.0,"gold_gain":0.0,"event_name":"Match and Keep!","player_choice":"0 cards matched","floor":4.0,"gold_loss":0.0,"damage_taken":0.0,"cards_obtained":[]},{"damage_healed":0.0,"max_hp_gain":5.0,"max_hp_loss":0.0,"gold_gain":0.0,"event_name":"Big Fish","player_choice":"Donut","floor":13.0,"gold_loss":0.0,"damage_taken":0.0},{"damage_healed":0.0,"max_hp_gain":0.0,"max_hp_loss":0.0,"gold_gain":50.0,"event_name":"Nest","player_choice":"Stole From Cult","floor":20.0,"gold_loss":0.0,"damage_taken":0.0},{"damage_healed":0.0,"max_hp_gain":0.0,"max_hp_loss":0.0,"gold_gain":0.0,"event_name":"Cursed Tome","player_choice":"Obtained Book","floor":21.0,"gold_loss":0.0,"damage_taken":21.0},{"damage_healed":0.0,"max_hp_gain":0.0,"max_hp_loss":0.0,"gold_gain":0.0,"cards_transformed":["Strike_R","Strike_R"],"event_name":"Drug Dealer","player_choice":"Became Test Subject","floor":29.0,"gold_loss":0.0,"damage_taken":0.0,"cards_obtained":["Reaper","Bloodletting"]}],"is_beta":false,"boss_relics":[{"not_picked":["Tiny House","White Beast Statue"],"picked":"Snecko Eye"}],"items_purged_floors":[31],"is_endless":false,"potions_floor_spawned":[6,8,10,14,19,22,27,28],"killed_by":"Collector","ascension_level":20}