{"gold_per_floor":[114,133,108,12,12,12,24,41,41,41,68,14,14,30,30,104,104,120,120,132,57,69,69,87,87,110,145,155,155,168,168,168,240,240,240,52,69,89,59,59,59,459,459,474,500,500],"floor_reached":46,"playtime":1288,"items_purged":["Strike_R","Strike_R"],"score":941,"play_id":"85f57ddc-f60d-4e73-b446-254bb25bf29b","local_time":"20190724221100","is_ascension_mode":true,"campfire_choices":[{"data":"Bash","floor":6,"key":"SMITH"},{"data":"Inflame","floor":10,"key":"SMITH"},{"data":"True Grit","floor":13,"key":"SMITH"},{"data":"Shrug It Off","floor":15,"key":"SMITH"},{"floor":23,"key":"REST"},{"floor":25,"key":"REST"},{"floor":32,"key":"REST"},{"floor":40,"key":"REST"}],"neow_cost":"NONE","seed_source_timestamp":166803616400,"circlet_count":0,"master_deck":["AscendersBane","Strike_R","Strike_R","Defend_R","Defend_R","Defend_R","Defend_R","Bash+1","Shrug It Off+1","Battle Trance","Wild Strike","Inflame+1","Cleave+1","Evolve","Double Tap","Thunderclap","True Grit+1","Bludgeon","Iron Wave+1","Clothesline","Sword Boomerang","Pommel Strike+1","Thunderclap","Whirlwind","Carnage","Shrug It Off","Rage"],"relics":["Burning Blood","Mercury Hourglass","Happy Flower","Fusion Hammer","Pen Nib","Whetstone","Enchiridion","Velvet Choker","Old Coin","Bronze Scales","Shovel"],"potions_floor_usage":[11,14,30,35,45,46],"damage_taken":[{"damage":1,"enemies":"Cultist","floor":1,"turns":3},{"damage":9,"enemies":"Jaw Worm","floor":2,"turns":6},{"damage":0,"enemies":"Small Slimes","floor":7,"turns":4},{"damage":0,"enemies":"3 Louse","floor":8,"turns":2},{"damage":36,"enemies":"Lagavulin","floor":11,"turns":6},{"damage":6,"enemies":"Large Slime","floor":14,"turns":3},{"damage":20,"enemies":"Slime Boss","floor":16,"turns":8},{"damage":19,"enemies":"Spheric Guardian","floor":18,"turns":4},{"damage":7,"enemies":"3 Byrds","floor":20,"turns":4},{"damage":27,"enemies":"Snake Plant","floor":22,"turns":4},{"damage":9,"enemies":"Chosen and Byrds","floor":24,"turns":6},{"damage":23,"enemies":"Slavers","floor":27,"turns":3},{"damage":9,"enemies":"Centurion and Healer","floor":28,"turns":3},{"damage":2,"enemies":"Cultist and Chosen","floor":30,"turns":3},{"damage":60,"enemies":"Champ","floor":33,"turns":8},{"damage":0,"enemies":"3 Darklings","floor":35,"turns":1},{"damage":8,"enemies":"3 Shapes","floor":37,"turns":2},{"damage":27,"enemies":"3 Darklings","floor":38,"turns":3},{"damage":14,"enemies":"Mind Bloom Boss Battle","floor":42,"turns":6},{"damage":3,"enemies":"4 Shapes","floor":44,"turns":7},{"damage":68,"enemies":"Reptomancer","floor":45,"turns":4},{"damage":9,"enemies":"Sphere and 2 Shapes","floor":46,"turns":5}],"seed_played":"-6833778573607595949","potions_obtained":[{"floor":1,"key":"GamblersBrew"},{"floor":11,"key":"Block Potion"},{"floor":14,"key":"Energy Potion"},{"floor":16,"key":"GamblersBrew"},{"floor":18,"key":"SpeedPotion"},{"floor":28,"key":"SmokeBomb"},{"floor":38,"key":"LiquidBronze"},{"floor":42,"key":"SpeedPotion"},{"floor":45,"key":"PowerPotion"}],"is_trial":false,"path_per_floor":["M","M","$","$","?","R","M","M","T","R","E","$","R","M","R","B",null,"M","?","M","$","M","R","M","R","T","E","M","?","M","?","R","B",null,"M","$","M","M","$","R","$","?","T","M","E","M"],"character_chosen":"IRONCLAD","items_purchased":["Wild Strike","Inflame","Cleave","True Grit","Carnage","Shrug It Off"],"campfire_rested":4,"item_purchase_floors":[3,4,4,12,36,39],"current_hp_per_floor":[80,77,77,77,77,77,82,82,82,82,52,52,52,52,52,38,71,58,53,52,52,31,55,52,76,76,59,56,35,39,55,79,25,68,74,74,72,51,51,75,75,67,67,70,8,0],"gold":500,"neow_bonus":"TEN_PERCENT_HP_BONUS","is_prod":false,"is_daily":false,"chose_seed":false,"campfire_upgraded":4,"win_rate":0,"timestamp":1564020660,"path_taken":["M","M","?","$","?","R","M","?","T","R","E","$","R","M","R","BOSS","M","?","M","$","M","R","?","R","T","E","?","?","M","?","R","BOSS","M","$","M","M","$","R","$","?","T","M","E","M"],"build_version":"2019-07-17","purchased_purges":2,"victory":false,"max_hp_per_floor":[82,82,82,82,82,82,82,82,82,82,82,82,82,82,82,82,82,82,82,82,82,82,82,82,82,82,82,82,82,82,82,82,82,82,82,82,82,82,82,82,82,82,82,82,82,82],"card_choices":[{"not_picked":["Sentinel","Disarm"],"picked":"Shrug It Off","floor":1},{"not_picked":["True Grit","Body Slam"],"picked":"Battle Trance","floor":2},{"not_picked":["Clash","Heavy Blade"],"picked":"Evolve","floor":7},{"not_picked":["Intimidate","Thunderclap"],"picked":"Double Tap","floor":8},{"not_picked":["Headbutt","Cleave"],"picked":"Thunderclap","floor":11},{"not_picked":["Anger","Thunderclap","Flex"],"picked":"SKIP","floor":14},{"not_picked":["Offering","Juggernaut"],"picked":"Bludgeon","floor":16},{"not_picked":["Flex","Burning Pact"],"picked":"Iron Wave","floor":18},{"not_picked":["Dual Wield","Hemokinesis"],"picked":"Clothesline","floor":20},{"not_picked":["Cleave","Perfected Strike"],"picked":"Sword Boomerang","floor":22},{"not_picked":["Second Wind","Shrug It Off"],"picked":"Pommel Strike+1","floor":24},{"not_picked":["Clothesline+1","Body Slam"],"picked":"Thunderclap","floor":27},{"not_picked":["Infernal Blade","Cleave+1"],"picked":"Whirlwind","floor":28},{"not_picked":["Blood for Blood","Warcry","Body Slam"],"picked":"SKIP","floor":30},{"not_picked":["Twin Strike","Warcry","Sentinel"],"picked":"SKIP","floor":37},{"not_picked":["Thunderclap","Wild Strike+1","Cleave"],"picked":"SKIP","floor":38},{"not_picked":["Havoc","Clothesline","Combust"],"picked":"SKIP","floor":44},{"not_picked":["Spot Weakness","Combust"],"picked":"Rage","floor":45}],"player_experience":439412,"relics_obtained":[{"floor":9,"key":"Mercury Hourglass"},{"floor":11,"key":"Happy Flower"},{"floor":26,"key":"Pen Nib"},{"floor":27,"key":"Whetstone"},{"floor":29,"key":"Enchiridion"},{"floor":42,"key":"Old Coin"},{"floor":43,"key":"Bronze Scales"},{"floor":45,"key":"Shovel"}],"event_choices":[{"cards_removed":["Strike_R"],"damage_healed":0,"gold_gain":0,"player_choice":"Offered Basic","damage_taken":0,"max_hp_gain":0,"max_hp_loss":0,"event_name":"Bonfire Elementals","floor":5,"gold_loss":0},{"damage_healed":0,"gold_gain":0,"player_choice":"Bought 0 Potions","damage_taken":0,"max_hp_gain":0,"max_hp_loss":0,"event_name":"The Woman in Blue","floor":19,"gold_loss":0},{"damage_healed":0,"gold_gain":0,"player_choice":"Obtained Book","damage_taken":21,"max_hp_gain":0,"max_hp_loss":0,"event_name":"Cursed Tome","floor":29,"gold_loss":0},{"damage_healed":16,"gold_gain":0,"player_choice":"Heal","damage_taken":0,"max_hp_gain":0,"max_hp_loss":0,"event_name":"The Library","floor":31,"gold_loss":0},{"damage_healed":0,"gold_gain":0,"player_choice":"Fight","damage_taken":0,"max_hp_gain":0,"max_hp_loss":0,"event_name":"MindBloom","floor":42,"gold_loss":0}],"is_beta":false,"boss_relics":[{"not_picked":["Calling Bell","Black Blood"],"picked":"Fusion Hammer"},{"not_picked":["Pandora\u0027s Box","Black Star"],"picked":"Velvet Choker"}],"items_purged_floors":[21,36],"is_endless":false,"potions_floor_spawned":[1,11,14,16,18,20,28,38,42,45],"killed_by":"Sphere and 2 Shapes","ascension_level":18}