{"gold_per_floor":[210,285,298,66,86,86,117,117,140,152,152,152,170,190,190,266,266,286,69,85,0,19,19,51,51,51,51,62,81,81,81,81,81],"floor_reached":33,"playtime":763,"items_purged":["Strike_R"],"score":507,"play_id":"8c4c47b3-a5a5-49c4-bbcb-9b0df9620c1f","local_time":"20190718175437","is_ascension_mode":true,"campfire_choices":[{"data":"Bash","floor":6,"key":"SMITH"},{"data":"Whirlwind","floor":8,"key":"SMITH"},{"data":"Twin Strike","floor":12,"key":"SMITH"},{"data":"Clothesline","floor":15,"key":"SMITH"},{"data":"Metallicize","floor":23,"key":"SMITH"},{"data":"Double Tap","floor":27,"key":"SMITH"},{"floor":32,"key":"REST"}],"neow_cost":"NONE","seed_source_timestamp":2676170978300,"circlet_count":0,"master_deck":["AscendersBane","Strike_R","Strike_R","Strike_R","Defend_R","Defend_R+1","Defend_R+1","Defend_R","Bash+1","Thunderclap","Whirlwind+1","Twin Strike+1","Wild Strike","Twin Strike","Clothesline+1","Pommel Strike","Double Tap+1","Shrug It Off","Metallicize+1","Sword Boomerang","Twin Strike","RitualDagger+1"],"relics":["Burning Blood","Vajra","Anchor","War Paint","Busted Crown","Lee\u0027s Waffle","Thread and Needle","PreservedInsect","Blue Candle"],"potions_floor_usage":[7,16,24,33],"damage_taken":[{"damage":7,"enemies":"Jaw Worm","floor":1,"turns":4},{"damage":5,"enemies":"Small Slimes","floor":3,"turns":3},{"damage":1,"enemies":"Cultist","floor":5,"turns":3},{"damage":25,"enemies":"Lagavulin","floor":7,"turns":5},{"damage":0,"enemies":"3 Louse","floor":10,"turns":1},{"damage":0,"enemies":"Large Slime","floor":13,"turns":4},{"damage":2,"enemies":"Blue Slaver","floor":14,"turns":4},{"damage":39,"enemies":"Hexaghost","floor":16,"turns":8},{"damage":11,"enemies":"Spheric Guardian","floor":18,"turns":3},{"damage":15,"enemies":"Shell Parasite","floor":20,"turns":5},{"damage":0,"enemies":"Centurion and Healer","floor":22,"turns":5},{"damage":22,"enemies":"Slavers","floor":24,"turns":6},{"damage":0,"enemies":"Snecko","floor":28,"turns":3},{"damage":14,"enemies":"Sentry and Sphere","floor":29,"turns":5},{"damage":80,"enemies":"Automaton","floor":33,"turns":10}],"seed_played":"8529257164411171318","potions_obtained":[{"floor":3,"key":"Poison Potion"},{"floor":10,"key":"AttackPotion"},{"floor":13,"key":"FearPotion"},{"floor":16,"key":"Poison Potion"},{"floor":24,"key":"Fire Potion"}],"is_trial":false,"path_per_floor":["M","?","M","$","M","R","E","R","T","M","?","R","M","M","R","B",null,"M","$","M","?","M","R","E","$","T","R","M","M","?","?","R","B"],"character_chosen":"IRONCLAD","items_purchased":["Vajra","Lee\u0027s Waffle"],"campfire_rested":1,"item_purchase_floors":[4,19],"current_hp_per_floor":[67,56,57,57,62,62,43,43,43,49,49,49,55,59,59,26,63,58,82,73,73,79,79,63,63,63,63,69,61,55,55,79,0],"gold":81,"neow_bonus":"HUNDRED_GOLD","is_prod":false,"is_daily":false,"chose_seed":false,"campfire_upgraded":6,"win_rate":0,"timestamp":1563486877,"path_taken":["M","?","M","$","M","R","E","R","T","M","?","R","M","?","R","BOSS","M","$","M","?","M","R","E","$","T","R","M","M","?","?","R","BOSS"],"build_version":"2019-07-17","purchased_purges":1,"victory":false,"max_hp_per_floor":[75,75,75,75,75,75,75,75,75,75,75,75,75,75,75,75,75,75,82,82,82,82,82,82,82,82,82,82,82,82,82,82,82],"card_choices":[{"not_picked":["Dropkick","Sentinel"],"picked":"Thunderclap","floor":1},{"not_picked":["Wild Strike","Sword Boomerang"],"picked":"Whirlwind","floor":3},{"not_picked":["Heavy Blade","Wild Strike"],"picked":"Twin Strike","floor":5},{"not_picked":["Sever Soul","Corruption"],"picked":"Wild Strike","floor":7},{"not_picked":["Sword Boomerang","Fire Breathing"],"picked":"Twin Strike","floor":10},{"not_picked":["Pummel","Havoc"],"picked":"Clothesline","floor":13},{"not_picked":["Reckless Charge","Flex"],"picked":"Pommel Strike","floor":14},{"not_picked":["Offering","Feed"],"picked":"Double Tap","floor":16},{"not_picked":[],"picked":"Shrug It Off","floor":18},{"not_picked":[],"picked":"Metallicize","floor":20},{"not_picked":["Hemokinesis"],"picked":"SKIP","floor":22},{"not_picked":[],"picked":"Sword Boomerang","floor":24},{"not_picked":[],"picked":"Twin Strike","floor":28},{"not_picked":["Pummel"],"picked":"SKIP","floor":29}],"player_experience":436987,"relics_obtained":[{"floor":7,"key":"Anchor"},{"floor":9,"key":"War Paint"},{"floor":24,"key":"PreservedInsect"},{"floor":26,"key":"Blue Candle"}],"event_choices":[{"damage_healed":0,"gold_gain":75,"player_choice":"Gather Gold","damage_taken":11,"max_hp_gain":0,"max_hp_loss":0,"event_name":"World of Goop","floor":2,"gold_loss":0},{"cards_removed":["Strike_R"],"damage_healed":0,"gold_gain":0,"player_choice":"Offered Basic","damage_taken":0,"max_hp_gain":0,"max_hp_loss":0,"event_name":"Bonfire Elementals","floor":11,"gold_loss":0},{"damage_healed":0,"gold_gain":0,"player_choice":"Obtained Relic","damage_taken":0,"relics_obtained":["Thread and Needle"],"max_hp_gain":0,"max_hp_loss":0,"event_name":"Addict","floor":21,"gold_loss":85},{"damage_healed":0,"gold_gain":0,"player_choice":"Joined the Cult","damage_taken":6,"max_hp_gain":0,"max_hp_loss":0,"event_name":"Nest","floor":30,"gold_loss":0,"cards_obtained":["RitualDagger"]},{"damage_healed":0,"gold_gain":0,"player_choice":"Upgraded","damage_taken":0,"max_hp_gain":0,"max_hp_loss":0,"event_name":"Upgrade Shrine","floor":31,"gold_loss":0,"cards_upgraded":["RitualDagger"]}],"is_beta":false,"boss_relics":[{"not_picked":["Lizard Tail","Philosopher\u0027s Stone"],"picked":"Busted Crown"}],"items_purged_floors":[4],"is_endless":false,"potions_floor_spawned":[3,10,13,16,24],"killed_by":"Automaton","ascension_level":18}