{"gold_per_floor":[110,127,32,32,52,52,62,62,130,144,219,250,250,0,0,77,77,95,8,8,24,24,24],"floor_reached":23,"playtime":553,"items_purged":[],"score":406,"play_id":"41755ab8-aab5-4fc5-ad31-18595637fb7a","local_time":"20190527220612","is_ascension_mode":true,"campfire_choices":[{"data":"Bash","floor":6,"key":"SMITH"},{"data":"Perfected Strike","floor":8,"key":"SMITH"},{"data":"Rage","floor":13,"key":"SMITH"},{"data":"Inflame","floor":15,"key":"SMITH"}],"neow_cost":"NONE","seed_source_timestamp":13543103863500,"circlet_count":0,"master_deck":["AscendersBane","Strike_R","Strike_R","Strike_R","Strike_R","Strike_R","Defend_R","Defend_R","Defend_R","Defend_R","Bash+1","Cleave","Perfected Strike+1","Twin Strike","Shrug It Off","Bash","Iron Wave","Power Through","Rage+1","Inflame+1","Bandage Up","Limit Break","Headbutt","Heavy Blade","Iron Wave","Panacea"],"relics":["Burning Blood","Ancient Tea Set","Meat on the Bone","Bag of Preparation","Vajra","Orrery"],"potions_floor_usage":[12,16,18],"damage_taken":[{"damage":6,"enemies":"Cultist","floor":1,"turns":4},{"damage":4,"enemies":"2 Louse","floor":2,"turns":3},{"damage":0,"enemies":"Small Slimes","floor":5,"turns":3},{"damage":0,"enemies":"Blue Slaver","floor":7,"turns":2},{"damage":4,"enemies":"Exordium Thugs","floor":10,"turns":4},{"damage":15,"enemies":"Lagavulin","floor":12,"turns":6},{"damage":4,"enemies":"Slime Boss","floor":16,"turns":6},{"damage":7,"enemies":"3 Byrds","floor":18,"turns":6},{"damage":11,"enemies":"Spheric Guardian","floor":21,"turns":3},{"damage":90,"enemies":"Slavers","floor":23,"turns":5}],"seed_played":"-1523347670146563707","potions_obtained":[{"floor":5,"key":"Weak Potion"},{"floor":12,"key":"PowerPotion"},{"floor":16,"key":"Fire Potion"}],"is_trial":false,"path_per_floor":["M","M","$","?","M","R","M","R","T","M","?","E","R","$","R","B",null,"M","$","?","M","$","E"],"character_chosen":"IRONCLAD","items_purchased":["Twin Strike","Shrug It Off","Vajra","Bandage Up","Panacea"],"campfire_rested":0,"item_purchase_floors":[3,3,14,14,19],"current_hp_per_floor":[68,70,70,70,75,75,75,75,75,75,64,55,55,55,55,61,72,75,75,75,70,70,0],"gold":24,"neow_bonus":"RANDOM_COMMON_RELIC","is_prod":false,"is_daily":false,"chose_seed":false,"campfire_upgraded":4,"win_rate":0,"timestamp":1559009172,"path_taken":["M","M","?","?","M","R","M","R","T","?","?","E","R","$","R","BOSS","M","$","?","M","?","E"],"build_version":"2019-01-23","purchased_purges":0,"victory":false,"max_hp_per_floor":[75,75,75,75,75,75,75,75,75,75,75,75,75,75,75,75,75,75,75,75,75,75,75],"card_choices":[{"not_picked":["Feel No Pain","Wild Strike"],"picked":"Cleave","floor":1},{"not_picked":["Body Slam","Entrench"],"picked":"Perfected Strike","floor":2},{"not_picked":["Sever Soul","Warcry"],"picked":"Power Through","floor":5},{"not_picked":["Thunderclap","Sword Boomerang"],"picked":"Rage","floor":7},{"not_picked":["Blood for Blood","Cleave"],"picked":"Inflame","floor":10},{"not_picked":["Searing Blow","Armaments","Inflame"],"picked":"SKIP","floor":12},{"not_picked":["Reaper","Fiend Fire"],"picked":"Limit Break","floor":16},{"not_picked":["Entrench","Body Slam"],"picked":"Headbutt","floor":17},{"not_picked":["Pommel Strike","Iron Wave"],"picked":"Heavy Blade","floor":17},{"not_picked":["Inflame+1","Heavy Blade"],"picked":"Iron Wave","floor":18},{"not_picked":["Clothesline","Impervious","Fire Breathing"],"picked":"SKIP","floor":21}],"player_experience":349398,"relics_obtained":[{"floor":9,"key":"Meat on the Bone"},{"floor":12,"key":"Bag of Preparation"}],"event_choices":[{"damage_healed":0,"gold_gain":0,"player_choice":"2 cards matched","damage_taken":0,"max_hp_gain":0,"max_hp_loss":0,"event_name":"Match and Keep!","floor":4,"gold_loss":0,"cards_obtained":["Bash","Iron Wave"]},{"damage_healed":0,"gold_gain":75,"player_choice":"Gather Gold","damage_taken":11,"max_hp_gain":0,"max_hp_loss":0,"event_name":"World of Goop","floor":11,"gold_loss":0},{"damage_healed":0,"gold_gain":0,"player_choice":"Ignored","damage_taken":0,"max_hp_gain":0,"max_hp_loss":0,"event_name":"Vampires","floor":20,"gold_loss":0}],"is_beta":false,"boss_relics":[{"not_picked":["Snecko Eye","Coffee Dripper"],"picked":"Orrery"}],"items_purged_floors":[],"is_endless":false,"potions_floor_spawned":[5,12,16],"killed_by":"Slavers","ascension_level":14}