{"gold_per_floor":[115,127,137,51,67,67,94,94,94,112,139,139,139,209,209,330,330,350,36,59,82,82,82,102,118,118,118,118,118,118,139,139,139],"floor_reached":33,"playtime":1305,"items_purged":[],"score":398,"play_id":"6d48de26-b10d-4721-933f-285504009085","local_time":"20190509235634","is_ascension_mode":true,"campfire_choices":[{"data":"Perfected Strike","floor":6,"key":"SMITH"},{"data":"Metallicize","floor":8,"key":"SMITH"},{"floor":15,"key":"REST"},{"floor":23,"key":"REST"},{"floor":28,"key":"REST"},{"floor":30,"key":"REST"},{"data":"True Grit","floor":32,"key":"SMITH"}],"neow_cost":"NONE","seed_source_timestamp":9656916161500,"circlet_count":0,"master_deck":["AscendersBane","Strike_R","Strike_R","Strike_R","Strike_R","Strike_R","Defend_R","Defend_R","Defend_R","Defend_R","Bash","Twin Strike","Carnage","Uppercut","Perfected Strike+1","Pommel Strike","Spot Weakness","Twin Strike","Metallicize+1","Shrug It Off","Headbutt","True Grit+1","True Grit","Shrug It Off"],"relics":["Burning Blood","Vajra","Boot","Paper Frog","Golden Idol","Runic Cube","Calipers","NlothsMask","MutagenicStrength"],"potions_floor_usage":[7,20,25],"damage_taken":[{"damage":12,"enemies":"Jaw Worm","floor":1,"turns":3},{"damage":3,"enemies":"2 Louse","floor":2,"turns":3},{"damage":1,"enemies":"Cultist","floor":3,"turns":3},{"damage":13,"enemies":"Large Slime","floor":5,"turns":5},{"damage":30,"enemies":"Lagavulin","floor":7,"turns":6},{"damage":13,"enemies":"Lots of Slimes","floor":10,"turns":5},{"damage":20,"enemies":"Gremlin Nob","floor":11,"turns":4},{"damage":16,"enemies":"Slime Boss","floor":16,"turns":8},{"damage":22,"enemies":"Shell Parasite","floor":18,"turns":4},{"damage":13,"enemies":"2 Thieves","floor":20,"turns":4},{"damage":29,"enemies":"Snecko","floor":21,"turns":5},{"damage":14,"enemies":"Chosen and Byrds","floor":24,"turns":6},{"damage":35,"enemies":"Snake Plant","floor":25,"turns":4},{"damage":6,"enemies":"Centurion and Healer","floor":31,"turns":6},{"damage":75,"enemies":"Champ","floor":33,"turns":10}],"seed_played":"-2552725871622432303","potions_obtained":[{"floor":2,"key":"SteroidPotion"},{"floor":10,"key":"Dexterity Potion"},{"floor":16,"key":"Block Potion"},{"floor":20,"key":"Explosive Potion"}],"is_trial":false,"path_per_floor":["M","M","M","$","M","R","E","R","T","M","E","?","?","?","R","B",null,"M","$","M","M","?","R","M","M","T","?","R","?","R","M","R","B"],"character_chosen":"IRONCLAD","items_purchased":["Pommel Strike","Spot Weakness","Calipers"],"campfire_rested":4,"item_purchase_floors":[4,4,19],"current_hp_per_floor":[66,69,74,74,67,67,43,43,43,36,22,27,27,27,50,40,69,53,53,46,23,23,46,38,9,9,9,32,32,55,55,55,0],"gold":139,"neow_bonus":"THREE_CARDS","is_prod":false,"is_daily":false,"chose_seed":false,"campfire_upgraded":3,"win_rate":0,"timestamp":1557460594,"path_taken":["M","M","M","$","M","R","E","R","T","M","E","?","?","?","R","BOSS","M","$","M","M","?","R","M","?","T","?","R","?","R","M","R","BOSS"],"build_version":"2019-01-23","purchased_purges":0,"victory":false,"max_hp_per_floor":[80,80,80,80,80,80,80,80,80,80,80,85,79,79,79,79,79,79,79,79,79,79,79,79,79,79,79,79,79,79,79,79,79],"card_choices":[{"not_picked":["Body Slam","Corruption"],"picked":"Twin Strike","floor":0},{"not_picked":["Wild Strike","Havoc"],"picked":"Carnage","floor":1},{"not_picked":["Twin Strike","Sword Boomerang"],"picked":"Uppercut","floor":2},{"not_picked":["Clash","Second Wind"],"picked":"Perfected Strike","floor":3},{"not_picked":["Perfected Strike","Wild Strike"],"picked":"Twin Strike","floor":5},{"not_picked":["Wild Strike","Warcry"],"picked":"Metallicize","floor":7},{"not_picked":["Sword Boomerang","Shockwave"],"picked":"Shrug It Off","floor":10},{"not_picked":["Anger","Flex","Disarm"],"picked":"SKIP","floor":11},{"not_picked":["Cleave","Blood for Blood"],"picked":"Headbutt","floor":18},{"not_picked":["Fire Breathing","Metallicize"],"picked":"True Grit","floor":20},{"not_picked":["Bloodletting","Heavy Blade","Twin Strike"],"picked":"SKIP","floor":21},{"not_picked":["Twin Strike","Brutality"],"picked":"True Grit","floor":24},{"not_picked":["Shockwave","Wild Strike","Combust+1"],"picked":"SKIP","floor":25},{"not_picked":["True Grit+1","Heavy Blade","Dark Embrace"],"picked":"SKIP","floor":31}],"player_experience":228997,"relics_obtained":[{"floor":7,"key":"Vajra"},{"floor":9,"key":"Boot"},{"floor":11,"key":"Paper Frog"}],"event_choices":[{"damage_healed":0,"gold_gain":0,"player_choice":"Donut","damage_taken":0,"max_hp_gain":5,"max_hp_loss":0,"event_name":"Big Fish","floor":12,"gold_loss":0},{"damage_healed":0,"gold_gain":0,"player_choice":"Lose Max HP","damage_taken":0,"relics_obtained":["Golden Idol"],"max_hp_gain":0,"max_hp_loss":6,"event_name":"Golden Idol","floor":13,"gold_loss":0},{"damage_healed":0,"gold_gain":70,"player_choice":"Gained Gold","damage_taken":0,"max_hp_gain":0,"max_hp_loss":0,"event_name":"Golden Wing","floor":14,"gold_loss":0},{"damage_healed":0,"gold_gain":0,"player_choice":"Trade","damage_taken":0,"relics_obtained":["NlothsMask"],"max_hp_gain":0,"max_hp_loss":0,"event_name":"FaceTrader","floor":22,"gold_loss":0},{"damage_healed":0,"gold_gain":0,"player_choice":"Inject Mutagens","damage_taken":0,"relics_obtained":["MutagenicStrength"],"max_hp_gain":0,"max_hp_loss":0,"event_name":"Drug Dealer","floor":27,"gold_loss":0},{"damage_healed":0,"gold_gain":0,"player_choice":"Copied","damage_taken":0,"max_hp_gain":0,"max_hp_loss":0,"event_name":"Duplicator","floor":29,"gold_loss":0,"cards_obtained":["Shrug It Off"]}],"is_beta":false,"boss_relics":[{"not_picked":["Pandora\u0027s Box","Snecko Eye"],"picked":"Runic Cube"}],"items_purged_floors":[],"is_endless":false,"potions_floor_spawned":[2,10,16,20],"killed_by":"Champ","ascension_level":11}