{"gold_per_floor":[109,109,127,127,141,141,158,158,158,192,244,258,258,258,258,360,360,375,359,18,28,28,28,63,63,89,119,119,44,59,59,59,159,159,177,157,172,185,0,0,16,45,45,5,5,18,18,48,48,48],"floor_reached":50,"playtime":1934,"items_purged":["Strike_B"],"score":731,"play_id":"c1c161fb-e19e-4a27-9a68-5f6328e1e19f","local_time":"20190527224831","is_ascension_mode":true,"campfire_choices":[{"data":"Zap","floor":6,"key":"SMITH"},{"data":"Defragment","floor":8,"key":"SMITH"},{"data":"Dualcast","floor":13,"key":"SMITH"},{"data":"Redo","floor":15,"key":"SMITH"},{"data":"Defragment","floor":23,"key":"SMITH"},{"data":"Blizzard","floor":25,"key":"SMITH"},{"data":"Hologram","floor":28,"key":"SMITH"},{"floor":32,"key":"REST"},{"data":"Steam","floor":40,"key":"SMITH"},{"data":"Ball Lightning","floor":45,"key":"SMITH"},{"floor":49,"key":"REST"}],"neow_cost":"NONE","seed_source_timestamp":14700996604800,"circlet_count":0,"master_deck":["Strike_B","Defend_B","Defend_B","Defend_B","Defend_B","Zap+1","Dualcast+1","Hologram+1","Ball Lightning+1","Defragment+1","Redo+1","Steam+1","Defragment+1","Chill+1","Biased Cognition","Conserve Battery+1","Coolheaded+1","Ball Lightning","Leap+1","Chaos+1","Stack+1","Beam Cell+1","Capacitor","Capacitor","Blizzard+1","Fission+1","Core Surge","Glacier+1","Melter+1","Consume+1","Enlightenment+1"],"relics":["Cracked Core","Toxic Egg 2","Girya","Boot","The Courier","Orrery","Blue Candle","Singing Bowl","Lantern","Centennial Puzzle","Philosopher\u0027s Stone","Red Mask","Sundial","Darkstone Periapt","DataDisk"],"potions_floor_usage":[10,24,33,42,48,50],"damage_taken":[{"damage":6,"enemies":"Jaw Worm","floor":1,"turns":4},{"damage":0,"enemies":"2 Louse","floor":3,"turns":2},{"damage":1,"enemies":"Cultist","floor":5,"turns":3},{"damage":7,"enemies":"Exordium Thugs","floor":7,"turns":3},{"damage":0,"enemies":"Gremlin Nob","floor":10,"turns":3},{"damage":6,"enemies":"Looter","floor":12,"turns":3},{"damage":25,"enemies":"The Guardian","floor":16,"turns":11},{"damage":0,"enemies":"3 Byrds","floor":18,"turns":4},{"damage":7,"enemies":"2 Thieves","floor":19,"turns":4},{"damage":0,"enemies":"Centurion and Healer","floor":21,"turns":7},{"damage":8,"enemies":"Gremlin Leader","floor":24,"turns":8},{"damage":9,"enemies":"Slavers","floor":27,"turns":8},{"damage":23,"enemies":"Snecko","floor":30,"turns":5},{"damage":10,"enemies":"Automaton","floor":33,"turns":9},{"damage":0,"enemies":"3 Darklings","floor":35,"turns":6},{"damage":6,"enemies":"Orb Walker","floor":37,"turns":3},{"damage":8,"enemies":"Sphere and 2 Shapes","floor":38,"turns":7},{"damage":18,"enemies":"Maw","floor":41,"turns":7},{"damage":0,"enemies":"Giant Head","floor":42,"turns":10},{"damage":21,"enemies":"Spire Growth","floor":46,"turns":5},{"damage":17,"enemies":"Reptomancer","floor":48,"turns":5},{"damage":64,"enemies":"Awakened One","floor":50,"turns":16}],"seed_played":"-5739146106212897684","potions_obtained":[{"floor":3,"key":"EssenceOfSteel"},{"floor":12,"key":"Swift Potion"},{"floor":16,"key":"EssenceOfSteel"},{"floor":21,"key":"SpeedPotion"},{"floor":30,"key":"AttackPotion"},{"floor":33,"key":"SteroidPotion"},{"floor":36,"key":"Energy Potion"},{"floor":38,"key":"Regen Potion"}],"is_trial":false,"path_per_floor":["M","?","M","?","M","R","M","R","T","E","T","M","R","?","R","B",null,"M","M","$","M","$","R","E","R","T","E","R","?","M","$","R","B",null,"M","?","M","M","?","R","M","E","T","$","R","M","?","E","R","B"],"character_chosen":"DEFECT","items_purchased":["Capacitor","Capacitor","Blue Candle","PowerPotion"],"campfire_rested":2,"item_purchase_floors":[20,20,20,44],"current_hp_per_floor":[69,74,74,74,73,73,66,66,66,66,66,60,60,60,60,35,80,80,73,73,73,73,73,65,65,65,58,58,58,37,37,62,52,84,86,86,80,72,72,72,56,73,73,73,73,52,52,37,64,0],"gold":48,"neow_bonus":"THREE_CARDS","is_prod":false,"is_daily":false,"chose_seed":false,"campfire_upgraded":9,"win_rate":0,"timestamp":1559011711,"path_taken":["M","?","M","?","?","R","M","R","T","E","?","M","R","?","R","BOSS","M","M","$","M","?","R","E","R","T","E","R","?","M","$","R","BOSS","M","?","?","M","?","R","M","E","T","?","R","M","?","E","R","BOSS"],"build_version":"2019-01-23","purchased_purges":1,"victory":false,"max_hp_per_floor":[75,80,80,80,80,80,80,80,80,80,80,80,80,80,80,80,80,80,80,80,80,80,80,80,80,80,82,82,82,84,84,84,84,84,86,86,86,86,86,86,88,90,90,90,90,90,90,92,92,92],"card_choices":[{"not_picked":["Sunder","Stack"],"picked":"Hologram","floor":0},{"not_picked":["Barrage","Force Field"],"picked":"Ball Lightning","floor":1},{"not_picked":["Hologram","Reinforced Body"],"picked":"Defragment","floor":3},{"not_picked":["Double Energy","Hologram"],"picked":"Redo","floor":5},{"not_picked":["Rebound","Scrape"],"picked":"Steam","floor":7},{"not_picked":["Storm","BootSequence+1"],"picked":"Defragment","floor":10},{"not_picked":["Stack+1","Fusion+1"],"picked":"Chill+1","floor":12},{"not_picked":["Meteor Strike","Rainbow+1"],"picked":"Biased Cognition","floor":16},{"not_picked":["Leap+1","Compile Driver"],"picked":"Conserve Battery+1","floor":17},{"not_picked":["Redo+1","Barrage"],"picked":"Coolheaded+1","floor":17},{"not_picked":["Go for the Eyes","Gash"],"picked":"Ball Lightning","floor":17},{"not_picked":["Steam+1","Chill+1"],"picked":"Leap+1","floor":17},{"not_picked":["Rebound","Echo Form"],"picked":"Chaos+1","floor":17},{"not_picked":["Ball Lightning+1","Leap+1"],"picked":"Stack+1","floor":18},{"not_picked":["Cold Snap","Reboot+1"],"picked":"Beam Cell+1","floor":19},{"not_picked":["Barrage","Scrape"],"picked":"Blizzard","floor":21},{"not_picked":["Turbo+1","Recycle+1"],"picked":"Fission+1","floor":24},{"not_picked":["Skim+1","Leap+1","Redo+1"],"picked":"Singing Bowl","floor":27},{"not_picked":["Leap+1","Beam Cell","Conserve Battery+1"],"picked":"Singing Bowl","floor":30},{"not_picked":["Echo Form","Meteor Strike"],"picked":"Core Surge","floor":33},{"not_picked":["Conserve Battery+1","Sweeping Beam+1","Scrape+1"],"picked":"Singing Bowl","floor":35},{"not_picked":["Hello World","Conserve Battery+1"],"picked":"Glacier+1","floor":37},{"not_picked":["Coolheaded+1","Leap+1"],"picked":"Melter+1","floor":38},{"not_picked":["Doom and Gloom","Genetic Algorithm+1","White Noise+1"],"picked":"Singing Bowl","floor":41},{"not_picked":["Amplify+1","Streamline+1","Sunder"],"picked":"Singing Bowl","floor":42},{"not_picked":["Hello World+1","Sunder"],"picked":"Consume+1","floor":46},{"not_picked":["Apotheosis+1","Forethought+1"],"picked":"Enlightenment+1","floor":47},{"not_picked":["Sweeping Beam+1","Force Field+1","Doom and Gloom+1"],"picked":"Singing Bowl","floor":48}],"player_experience":350535,"relics_obtained":[{"floor":9,"key":"Toxic Egg 2"},{"floor":10,"key":"Girya"},{"floor":11,"key":"Boot"},{"floor":24,"key":"Singing Bowl"},{"floor":26,"key":"Lantern"},{"floor":27,"key":"Centennial Puzzle"},{"floor":42,"key":"Sundial"},{"floor":43,"key":"Darkstone Periapt"},{"floor":48,"key":"DataDisk"}],"event_choices":[{"damage_healed":0,"gold_gain":0,"player_choice":"Donut","damage_taken":0,"max_hp_gain":5,"max_hp_loss":0,"event_name":"Big Fish","floor":2,"gold_loss":0},{"cards_removed":["Strike_B"],"damage_healed":0,"gold_gain":0,"player_choice":"Offered Basic","damage_taken":0,"max_hp_gain":0,"max_hp_loss":0,"event_name":"Bonfire Elementals","floor":4,"gold_loss":0},{"damage_healed":0,"gold_gain":0,"player_choice":"Gave Potion","damage_taken":0,"relics_obtained":["The Courier"],"max_hp_gain":0,"max_hp_loss":0,"event_name":"WeMeetAgain","floor":14,"gold_loss":0},{"cards_removed":["Strike_B"],"damage_healed":0,"gold_gain":0,"player_choice":"Gave Gold","damage_taken":0,"max_hp_gain":0,"max_hp_loss":0,"event_name":"Beggar","floor":29,"gold_loss":75},{"damage_healed":0,"gold_gain":0,"player_choice":"Bought 1 Potion","damage_taken":0,"max_hp_gain":0,"max_hp_loss":0,"event_name":"The Woman in Blue","floor":36,"gold_loss":0},{"damage_healed":0,"gold_gain":0,"player_choice":"Paid","damage_taken":0,"relics_obtained":["Red Mask"],"max_hp_gain":0,"max_hp_loss":0,"event_name":"Tomb of Lord Red Mask","floor":39,"gold_loss":185},{"damage_healed":0,"gold_gain":0,"player_choice":"Memory 1","damage_taken":0,"max_hp_gain":0,"max_hp_loss":0,"event_name":"SensoryStone","floor":47,"gold_loss":0}],"is_beta":false,"boss_relics":[{"not_picked":["Black Star","Nuclear Battery"],"picked":"Orrery"},{"not_picked":["Runic Dome","Lizard Tail"],"picked":"Philosopher\u0027s Stone"}],"items_purged_floors":[20],"is_endless":false,"potions_floor_spawned":[3,12,16,21,30,33,38,41],"killed_by":"Awakened One","ascension_level":4}