{"gold_per_floor":[209,223,173,183,200,231,251,251,251,269,289,289,289,289,289,391,391,402,402,416,430,282,282,295,220,220,220,240,240,257,257,257,353,403,423,438,438,9,28,38,38],"floor_reached":41,"playtime":3544,"items_purged":["Consume"],"score":399,"play_id":"7ffb1f84-0a9b-42b0-8a94-17e2b9204098","local_time":"20190901174851","is_ascension_mode":false,"campfire_choices":[{"data":"Redo","floor":8.0,"key":"SMITH"},{"floor":15.0,"key":"REST"},{"floor":23.0,"key":"REST"},{"floor":27.0,"key":"REST"},{"floor":29.0,"key":"REST"},{"floor":32.0,"key":"REST"}],"neow_cost":"NONE","seed_source_timestamp":0,"circlet_count":0,"master_deck":["Zap","Dualcast","Lockon","Redo+1","Conserve Battery","Gash","Go for the Eyes","Conserve Battery","Creative AI+1","Buffer","Reboot","Chaos","Multi-Cast","Loop+1","BootSequence+1","Compile Driver+1","Go for the Eyes+1","Ball Lightning","Machine Learning","Rebound","Coolheaded","Steam+1","Fusion","FTL","Hologram","Leap+1","Loop+1"],"special_seed":0,"relics":["Cracked Core","Kunai","Nunchaku","Bag of Preparation","Pandora\u0027s Box","Centennial Puzzle","Juzu Bracelet","NlothsMask","Tiny House","Blood Vial"],"potions_floor_usage":[39],"damage_taken":[{"damage":1.0,"enemies":"Cultist","floor":1.0,"turns":4.0},{"damage":10.0,"enemies":"Small Slimes","floor":2.0,"turns":3.0},{"damage":1.0,"enemies":"Jaw Worm","floor":4.0,"turns":2.0},{"damage":0.0,"enemies":"Blue Slaver","floor":5.0,"turns":2.0},{"damage":21.0,"enemies":"Lagavulin","floor":6.0,"turns":6.0},{"damage":4.0,"enemies":"2 Fungi Beasts","floor":7.0,"turns":3.0},{"damage":10.0,"enemies":"Exordium Thugs","floor":10.0,"turns":5.0},{"damage":3.0,"enemies":"Gremlin Gang","floor":11.0,"turns":4.0},{"damage":14.0,"enemies":"The Guardian","floor":16.0,"turns":10.0},{"damage":39.0,"enemies":"2 Thieves","floor":18.0,"turns":5.0},{"damage":15.0,"enemies":"3 Byrds","floor":20.0,"turns":5.0},{"damage":6.0,"enemies":"Snake Plant","floor":21.0,"turns":5.0},{"damage":20.0,"enemies":"Chosen and Byrds","floor":24.0,"turns":8.0},{"damage":7.0,"enemies":"Centurion and Healer","floor":28.0,"turns":7.0},{"damage":9.0,"enemies":"Shelled Parasite and Fungi","floor":30.0,"turns":5.0},{"damage":27.0,"enemies":"Champ","floor":33.0,"turns":10.0},{"damage":34,"enemies":"3 Darklings","floor":35,"turns":6},{"damage":11,"enemies":"Orb Walker","floor":36,"turns":4},{"damage":14,"enemies":"Maw","floor":39,"turns":8},{"damage":10,"enemies":"3 Darklings","floor":40,"turns":7},{"damage":20,"enemies":"Transient","floor":41,"turns":4}],"seed_played":"1011390580852703269","potions_obtained":[{"floor":1.0,"key":"FearPotion"},{"floor":10.0,"key":"LiquidBronze"},{"floor":16.0,"key":"SkillPotion"},{"floor":21.0,"key":"Strength Potion"},{"floor":24.0,"key":"Fire Potion"},{"floor":28.0,"key":"Swift Potion"},{"floor":33.0,"key":"Fire Potion"},{"floor":34,"key":"SteroidPotion"},{"floor":40,"key":"Weak Potion"}],"is_trial":false,"path_per_floor":["M","M","?","M","M","E","M","R","T","M","M","?","T","?","R","B",null,"M","?","M","M","$","R","M","?","T","R","M","R","M","?","R","B",null,"M","M","?","$","M","M","M"],"character_chosen":"DEFECT","items_purchased":["Centennial Puzzle","Fusion","FTL","Blood Vial","Hologram"],"campfire_rested":5,"item_purchase_floors":[22,38,38,38,38],"current_hp_per_floor":[74,64,64,63,63,42,38,38,38,28,25,25,25,25,47,33,75,36,36,21,15,15,37,17,17,17,39,32,54,45,45,67,40,80,46,35,35,35,23,15,0],"gold":38,"neow_bonus":"HUNDRED_GOLD","is_prod":false,"is_daily":false,"chose_seed":false,"campfire_upgraded":1,"win_rate":0,"timestamp":1567331331,"path_taken":["M","?","?","M","M","E","M","R","T","M","M","?","?","?","R","BOSS","M","?","M","M","$","R","?","?","T","R","M","R","M","?","R","BOSS","M","M","?","$","M","M","M"],"build_version":"2019-07-17","purchased_purges":1,"victory":false,"max_hp_per_floor":[75,75,75,75,75,75,75,75,75,75,75,75,75,75,75,75,75,75,75,75,75,75,75,75,75,75,75,75,75,75,75,75,75,80,80,80,80,80,80,80,80],"card_choices":[{"not_picked":["Consume","Compile Driver"],"picked":"Lockon","floor":1.0},{"not_picked":["Leap","Turbo"],"picked":"Redo","floor":2.0},{"not_picked":["Beam Cell","Go for the Eyes"],"picked":"Conserve Battery","floor":4.0},{"not_picked":["Lockon","Defragment"],"picked":"Gash","floor":5.0},{"not_picked":["Echo Form","Coolheaded"],"picked":"Go for the Eyes","floor":6.0},{"not_picked":["Melter","Redo"],"picked":"Conserve Battery","floor":7.0},{"not_picked":["Barrage","Turbo","Force Field"],"picked":"SKIP","floor":10.0},{"not_picked":["Hello World","Reprogram"],"picked":"Scrape","floor":11.0},{"not_picked":["Multi-Cast","Seek"],"picked":"Creative AI","floor":16.0},{"not_picked":["Reprogram+1","Sunder"],"picked":"Leap","floor":18.0},{"not_picked":["Redo","Compile Driver"],"picked":"BootSequence+1","floor":20.0},{"not_picked":["Rebound","Aggregate","Turbo"],"picked":"SKIP","floor":21.0},{"not_picked":["Barrage","Force Field"],"picked":"Compile Driver+1","floor":24.0},{"not_picked":["Storm","Barrage"],"picked":"Go for the Eyes+1","floor":28.0},{"not_picked":["Rebound","Darkness"],"picked":"Ball Lightning","floor":30.0},{"not_picked":["Multi-Cast","Amplify"],"picked":"Machine Learning","floor":33.0},{"not_picked":["Sweeping Beam","Blizzard"],"picked":"Rebound","floor":34},{"not_picked":["Rebound+1","Fusion"],"picked":"Coolheaded","floor":35},{"not_picked":["Sweeping Beam+1","Blizzard"],"picked":"Steam+1","floor":36},{"not_picked":["Stack+1","Turbo+1"],"picked":"Leap+1","floor":39},{"not_picked":["Leap","Reinforced Body+1"],"picked":"Loop+1","floor":40}],"player_experience":268368,"relics_obtained":[{"floor":6.0,"key":"Kunai"},{"floor":9.0,"key":"Nunchaku"},{"floor":13.0,"key":"Bag of Preparation"},{"floor":26.0,"key":"Juzu Bracelet"}],"event_choices":[{"cards_removed":["Strike_B"],"damage_healed":0.0,"max_hp_gain":0.0,"max_hp_loss":0.0,"gold_gain":0.0,"event_name":"The Cleric","player_choice":"Card Removal","floor":3.0,"gold_loss":50.0,"damage_taken":0.0},{"damage_healed":0.0,"max_hp_gain":0.0,"max_hp_loss":0.0,"gold_gain":0.0,"event_name":"Shining Light","player_choice":"Ignored","floor":12.0,"gold_loss":0.0,"damage_taken":0.0},{"cards_removed":["Strike_B"],"damage_healed":0.0,"max_hp_gain":0.0,"max_hp_loss":0.0,"gold_gain":0.0,"event_name":"Purifier","player_choice":"Purged","floor":14.0,"gold_loss":0.0,"damage_taken":0.0},{"damage_healed":0.0,"max_hp_gain":0.0,"max_hp_loss":0.0,"gold_gain":0.0,"event_name":"Accursed Blacksmith","player_choice":"Forge","floor":19.0,"gold_loss":0.0,"damage_taken":0.0,"cards_upgraded":["Creative AI"]},{"cards_removed":["Scrape"],"damage_healed":0.0,"max_hp_gain":0.0,"max_hp_loss":0.0,"gold_gain":0.0,"event_name":"Beggar","player_choice":"Gave Gold","floor":25.0,"gold_loss":75.0,"damage_taken":0.0},{"damage_healed":0.0,"max_hp_gain":0.0,"max_hp_loss":0.0,"gold_gain":0.0,"event_name":"FaceTrader","player_choice":"Trade","floor":31.0,"gold_loss":0.0,"damage_taken":0.0,"relics_obtained":["NlothsMask"]},{"cards_removed":["Leap"],"damage_healed":0,"gold_gain":0,"player_choice":"Removed Skill","damage_taken":0,"max_hp_gain":0,"max_hp_loss":0,"event_name":"Falling","floor":37,"gold_loss":0}],"is_beta":false,"boss_relics":[{"not_picked":["Runic Dome","White Beast Statue"],"picked":"Pandora\u0027s Box"},{"not_picked":["Coffee Dripper","Eternal Feather"],"picked":"Tiny House"}],"items_purged_floors":[38],"is_endless":false,"potions_floor_spawned":[1,10,16,21,24,28,33,40],"killed_by":"Transient","ascension_level":0}