{"gold_per_floor":[114,68,79,94,94,94,94,120,146,37,70,80,80,90,90,192,242,258,268,268,279,289,289,289,289,363,374,374,391,391,11,11,111,111,123,140,151,38,0,0,18,28,52,64,95,107,119,9,9,9],"floor_reached":51,"playtime":3446,"items_purged":["Strike_B+1","Parasite"],"score":709,"play_id":"0466fd96-9ed3-4805-af4c-670afcab8f34","local_time":"20190308172100","is_ascension_mode":false,"campfire_choices":[{"data":"White Noise","floor":6,"key":"SMITH"},{"data":"Static Discharge","floor":13,"key":"SMITH"},{"data":"Sweeping Beam","floor":15,"key":"SMITH"},{"floor":23,"key":"REST"},{"data":"Creative AI","floor":25,"key":"SMITH"},{"floor":32,"key":"REST"},{"floor":40,"key":"REST"},{"floor":46,"key":"REST"},{"floor":49,"key":"REST"}],"neow_cost":"NONE","seed_source_timestamp":9483752851100,"circlet_count":0,"master_deck":["Strike_B+1","Strike_B+1","Defend_B+1","Defend_B+1","Defend_B+1","Defend_B+1","Zap+1","Dualcast","Rebound","Conserve Battery","Ball Lightning","White Noise+1","Biased Cognition","Static Discharge+1","FTL","Lockon","Rebound","Creative AI+1","Rebound","Leap","Self Repair","Genetic Algorithm","Hologram","Gash","Thunder Strike","White Noise","Beam Cell","Electrodynamics","Chaos","Hello World+1","Conserve Battery","FTL","Stack+1","Gash","Darkness+1","Apotheosis","Compile Driver"],"relics":["Cracked Core","Centennial Puzzle","PreservedInsect","Pear","Tiny House","Bottled Tornado","Mercury Hourglass","Fusion Hammer","Red Mask","MawBank"],"potions_floor_usage":[16,29,33,33,50],"damage_taken":[{"damage":5,"enemies":"Small Slimes","floor":1,"turns":4},{"damage":0,"enemies":"2 Louse","floor":3,"turns":3},{"damage":0,"enemies":"Cultist","floor":4,"turns":3},{"damage":2,"enemies":"3 Sentries","floor":8,"turns":4},{"damage":0,"enemies":"Gremlin Nob","floor":11,"turns":3},{"damage":7,"enemies":"2 Fungi Beasts","floor":12,"turns":2},{"damage":0,"enemies":"3 Louse","floor":14,"turns":3},{"damage":53,"enemies":"Hexaghost","floor":16,"turns":5},{"damage":5,"enemies":"Spheric Guardian","floor":18,"turns":3},{"damage":8,"enemies":"Shell Parasite","floor":19,"turns":4},{"damage":21,"enemies":"Chosen and Byrds","floor":21,"turns":6},{"damage":8,"enemies":"Snecko","floor":22,"turns":5},{"damage":25,"enemies":"Snake Plant","floor":27,"turns":3},{"damage":27,"enemies":"3 Cultists","floor":29,"turns":4},{"damage":41,"enemies":"Collector","floor":33,"turns":6},{"damage":2,"enemies":"3 Shapes","floor":35,"turns":3},{"damage":5,"enemies":"3 Darklings","floor":36,"turns":4},{"damage":29,"enemies":"Writhing Mass","floor":37,"turns":4},{"damage":32,"enemies":"Spire Growth","floor":41,"turns":5},{"damage":21,"enemies":"3 Darklings","floor":42,"turns":2},{"damage":7,"enemies":"Writhing Mass","floor":45,"turns":6},{"damage":83,"enemies":"Awakened One","floor":50,"turns":8}],"seed_played":"-865596346286184811","potions_obtained":[{"floor":4,"key":"Ancient Potion"},{"floor":8,"key":"LiquidBronze"},{"floor":12,"key":"FearPotion"},{"floor":16,"key":"Weak Potion"},{"floor":17,"key":"Swift Potion"},{"floor":41,"key":"Energy Potion"},{"floor":42,"key":"SpeedPotion"},{"floor":45,"key":"Block Potion"}],"is_trial":false,"path_per_floor":["M","?","M","M","?","R","?","E","T","$","E","M","R","M","R","B",null,"M","M","?","M","M","R","?","R","T","M","?","M","?","$","R","B",null,"M","M","M","$","?","R","M","M","T","?","M","R","?","$","R","B",null],"character_chosen":"DEFECT","items_purchased":["Static Discharge","FTL","Mercury Hourglass","White Noise","Beam Cell","FTL","Compile Driver"],"campfire_rested":5,"item_purchase_floors":[10,10,31,31,31,38,48],"current_hp_per_floor":[70,70,70,70,75,75,75,73,73,73,83,76,76,76,76,23,95,90,82,82,68,60,88,88,88,88,63,63,43,43,43,71,30,95,95,95,66,66,66,94,69,55,55,55,55,83,83,83,92,9],"gold":9,"neow_bonus":"THREE_CARDS","is_prod":false,"is_daily":false,"chose_seed":false,"campfire_upgraded":4,"win_rate":0.0,"timestamp":1552083660,"path_taken":["M","?","M","M","?","R","?","E","T","$","E","M","R","M","R","BOSS","M","M","?","?","M","R","?","R","T","M","?","?","?","$","R","BOSS","M","M","M","$","?","R","M","M","T","?","M","R","?","?","R","BOSS"],"build_version":"2019-01-23","purchased_purges":2,"victory":true,"max_hp_per_floor":[75,75,75,75,80,80,80,80,80,80,90,90,90,90,90,90,95,95,95,95,95,95,95,95,95,95,95,95,95,95,95,95,95,95,95,95,95,95,95,95,95,95,95,95,95,95,95,92,92,92],"card_choices":[{"not_picked":["Compile Driver","Glacier"],"picked":"Rebound","floor":0},{"not_picked":["Rebound","Rip and Tear"],"picked":"Conserve Battery","floor":1},{"not_picked":["Reinforced Body","Coolheaded"],"picked":"Ball Lightning","floor":3},{"not_picked":["Redo","Beam Cell"],"picked":"White Noise","floor":4},{"not_picked":["Cold Snap","Gash"],"picked":"Biased Cognition","floor":8},{"not_picked":["Blizzard","Coolheaded"],"picked":"Lockon","floor":11},{"not_picked":["BootSequence","Streamline"],"picked":"Rebound","floor":12},{"not_picked":["Hologram","Go for the Eyes"],"picked":"Sweeping Beam","floor":14},{"not_picked":["Thunder Strike","Buffer"],"picked":"Creative AI","floor":16},{"not_picked":["Barrage","Compile Driver"],"picked":"Rebound","floor":17},{"not_picked":["Cold Snap","Hologram+1"],"picked":"Leap","floor":18},{"not_picked":["Glacier","Steam+1"],"picked":"Self Repair","floor":19},{"not_picked":["BootSequence","FTL"],"picked":"Genetic Algorithm","floor":21},{"not_picked":["Steam+1","Rip and Tear"],"picked":"Hologram","floor":22},{"not_picked":["Rebound","Compile Driver"],"picked":"Gash","floor":27},{"not_picked":["Compile Driver","Hologram"],"picked":"Thunder Strike","floor":29},{"not_picked":["Fission","Seek"],"picked":"Electrodynamics","floor":33},{"not_picked":["Compile Driver","Hello World+1"],"picked":"Chaos","floor":35},{"not_picked":["Ball Lightning+1","Beam Cell+1"],"picked":"Hello World+1","floor":36},{"not_picked":["Fusion","Genetic Algorithm"],"picked":"Conserve Battery","floor":37},{"not_picked":["Go for the Eyes+1","Compile Driver"],"picked":"Stack+1","floor":41},{"not_picked":["Stack+1","Cold Snap+1"],"picked":"Gash","floor":42},{"not_picked":["Rebound+1","Capacitor"],"picked":"Darkness+1","floor":45},{"not_picked":["Secret Weapon","Blind"],"picked":"Apotheosis","floor":47}],"player_experience":9076,"relics_obtained":[{"floor":8,"key":"Centennial Puzzle"},{"floor":9,"key":"PreservedInsect"},{"floor":11,"key":"Pear"},{"floor":26,"key":"Bottled Tornado"},{"floor":43,"key":"MawBank"}],"event_choices":[{"damage_healed":0,"gold_gain":0,"player_choice":"Left Gold","damage_taken":0,"max_hp_gain":0,"max_hp_loss":0,"event_name":"World of Goop","floor":2,"gold_loss":46},{"damage_healed":0,"gold_gain":0,"player_choice":"Donut","damage_taken":0,"max_hp_gain":5,"max_hp_loss":0,"event_name":"Big Fish","floor":5,"gold_loss":0},{"damage_healed":0,"gold_gain":0,"player_choice":"Grow","damage_taken":0,"max_hp_gain":0,"max_hp_loss":0,"event_name":"Living Wall","floor":7,"gold_loss":0,"cards_upgraded":["Zap"]},{"damage_healed":0,"gold_gain":0,"player_choice":"Got Potions","damage_taken":0,"max_hp_gain":0,"max_hp_loss":0,"event_name":"Lab","floor":20,"gold_loss":0},{"damage_healed":0,"gold_gain":0,"player_choice":"Ignored","damage_taken":0,"max_hp_gain":0,"max_hp_loss":0,"event_name":"Beggar","floor":24,"gold_loss":0},{"cards_removed":["Strike_B"],"damage_healed":0,"gold_gain":0,"player_choice":"Purged","damage_taken":0,"max_hp_gain":0,"max_hp_loss":0,"event_name":"Purifier","floor":28,"gold_loss":0},{"damage_healed":0,"gold_gain":0,"player_choice":"Simplicity","damage_taken":0,"max_hp_gain":0,"max_hp_loss":0,"event_name":"Back to Basics","floor":30,"gold_loss":0,"cards_upgraded":["Strike_B","Strike_B","Strike_B","Defend_B","Defend_B","Defend_B"]},{"damage_healed":0,"gold_gain":0,"player_choice":"Paid","damage_taken":0,"relics_obtained":["Red Mask"],"max_hp_gain":0,"max_hp_loss":0,"event_name":"Tomb of Lord Red Mask","floor":39,"gold_loss":38},{"cards_removed":["Sweeping Beam"],"damage_healed":0,"gold_gain":0,"player_choice":"Removed Attack","damage_taken":0,"max_hp_gain":0,"max_hp_loss":0,"event_name":"Falling","floor":44,"gold_loss":0},{"damage_healed":0,"gold_gain":0,"player_choice":"Memory 1","damage_taken":0,"max_hp_gain":0,"max_hp_loss":0,"event_name":"SensoryStone","floor":47,"gold_loss":0}],"is_beta":false,"boss_relics":[{"not_picked":["Cursed Key","White Beast Statue"],"picked":"Tiny House"},{"not_picked":["Runic Dome","Philosopher\u0027s Stone"],"picked":"Fusion Hammer"}],"items_purged_floors":[38,48],"is_endless":false,"potions_floor_spawned":[4,8,12,16,18,21,22,41,42,45],"ascension_level":0}