{"gold_per_floor":[114,114,128,128,141,141,205,218,218,231,246,246,265,234,234,330,330,330,330,330,248,248,248],"floor_reached":23,"playtime":917,"items_purged":[],"score":224,"play_id":"aa5406b2-541f-4637-92a9-57a143b75434","local_time":"20190403200805","is_ascension_mode":true,"campfire_choices":[{"data":"Cold Snap","floor":6,"key":"SMITH"},{"floor":12,"key":"REST"},{"floor":15,"key":"REST"}],"neow_cost":"NONE","seed_source_timestamp":10539073426900,"circlet_count":0,"master_deck":["Strike_B+1","Strike_B","Strike_B","Strike_B+1","Defend_B+1","Defend_B","Defend_B+1","Defend_B","Zap+1","Dualcast","Cold Snap+1","Cold Snap","Stack","Rip and Tear","Machine Learning","Reinforced Body","Hologram","Electrodynamics","Streamline","Ball Lightning+1","Defragment","White Noise"],"relics":["Cracked Core","Whetstone","Tiny Chest","Pantograph","Ectoplasm"],"potions_floor_usage":[7,16,16,23],"damage_taken":[{"damage":7,"enemies":"Small Slimes","floor":1,"turns":3},{"damage":0,"enemies":"2 Louse","floor":3,"turns":1},{"damage":0,"enemies":"Cultist","floor":5,"turns":2},{"damage":14,"enemies":"Gremlin Nob","floor":7,"turns":3},{"damage":9,"enemies":"2 Fungi Beasts","floor":8,"turns":2},{"damage":0,"enemies":"Red Slaver","floor":10,"turns":3},{"damage":7,"enemies":"Looter","floor":11,"turns":3},{"damage":6,"enemies":"Exordium Thugs","floor":13,"turns":5},{"damage":25,"enemies":"Hexaghost","floor":16,"turns":10},{"damage":0,"enemies":"Spheric Guardian","floor":18,"turns":3},{"damage":10,"enemies":"Shell Parasite","floor":20,"turns":4},{"damage":16,"enemies":"Centurion and Healer","floor":22,"turns":4},{"damage":49,"enemies":"Book of Stabbing","floor":23,"turns":4}],"seed_played":"8521107884981929238","potions_obtained":[{"floor":3,"key":"Poison Potion"},{"floor":7,"key":"FocusPotion"},{"floor":13,"key":"SpeedPotion"},{"floor":22,"key":"FearPotion"}],"is_trial":false,"path_per_floor":["M","?","M","?","M","R","E","M","T","M","M","R","M","?","R","B",null,"M","?","M","$","M","E"],"character_chosen":"DEFECT","items_purchased":["Defragment"],"campfire_rested":2,"item_purchase_floors":[21],"current_hp_per_floor":[68,53,53,53,53,53,39,30,30,30,23,45,39,39,61,50,75,75,75,65,65,49,0],"gold":248,"neow_bonus":"RANDOM_COMMON_RELIC","is_prod":false,"is_daily":false,"chose_seed":false,"campfire_upgraded":1,"win_rate":0,"timestamp":1554336485,"path_taken":["M","?","M","?","?","R","E","M","T","M","M","R","M","?","R","BOSS","M","?","M","$","M","E"],"build_version":"2019-01-23","purchased_purges":0,"victory":false,"max_hp_per_floor":[75,75,75,75,75,75,75,75,75,75,75,75,75,75,75,75,75,75,75,75,75,75,75],"card_choices":[{"not_picked":["Coolheaded","Ball Lightning"],"picked":"Cold Snap","floor":1},{"not_picked":["Tempest","Barrage"],"picked":"Cold Snap","floor":3},{"not_picked":["Redo","Capacitor"],"picked":"Stack","floor":5},{"not_picked":["Fusion","Reprogram"],"picked":"Rip and Tear","floor":7},{"not_picked":["Recycle","Steam"],"picked":"Coolheaded","floor":8},{"not_picked":["Go for the Eyes","Force Field"],"picked":"Machine Learning","floor":10},{"not_picked":["Force Field","Loop"],"picked":"Reinforced Body","floor":11},{"not_picked":["Rip and Tear","Melter"],"picked":"Hologram","floor":13},{"not_picked":["Creative AI","Multi-Cast"],"picked":"Electrodynamics","floor":16},{"not_picked":["Redo","Coolheaded"],"picked":"Streamline","floor":18},{"not_picked":["Gash","Steam Power"],"picked":"Ball Lightning+1","floor":20},{"not_picked":["Sunder","Fission"],"picked":"White Noise","floor":22}],"player_experience":81492,"relics_obtained":[{"floor":7,"key":"Tiny Chest"},{"floor":9,"key":"Pantograph"}],"event_choices":[{"damage_healed":0,"gold_gain":0,"player_choice":"Entered Light","damage_taken":15,"max_hp_gain":0,"max_hp_loss":0,"event_name":"Shining Light","floor":2,"gold_loss":0,"cards_upgraded":["Defend_B","Defend_B"]},{"damage_healed":0,"gold_gain":0,"player_choice":"Upgraded","damage_taken":0,"max_hp_gain":0,"max_hp_loss":0,"event_name":"Upgrade Shrine","floor":4,"gold_loss":0,"cards_upgraded":["Zap"]},{"damage_healed":0,"gold_gain":0,"player_choice":"Left Gold","damage_taken":0,"max_hp_gain":0,"max_hp_loss":0,"event_name":"World of Goop","floor":14,"gold_loss":31},{"cards_removed":["Coolheaded"],"damage_healed":5,"gold_gain":0,"player_choice":"Offered Common","damage_taken":0,"max_hp_gain":0,"max_hp_loss":0,"event_name":"Bonfire Elementals","floor":19,"gold_loss":0},{"cards_removed":["Coolheaded"],"damage_healed":5,"gold_gain":0,"player_choice":"Offered Special","damage_taken":0,"max_hp_gain":0,"max_hp_loss":0,"event_name":"Bonfire Elementals","floor":19,"gold_loss":0}],"is_beta":false,"boss_relics":[{"not_picked":["Calling Bell","Snecko Eye"],"picked":"Ectoplasm"}],"items_purged_floors":[],"is_endless":false,"potions_floor_spawned":[3,7,13,22],"killed_by":"Book of Stabbing","ascension_level":3}