{"gold_per_floor":[113,113,128,139,0,26,26,26,50,77,77,77,77,109,109,109],"floor_reached":16,"playtime":317,"items_purged":[],"score":203,"play_id":"a0f47d95-5b92-4f0b-b99e-e36ad778b7a2","local_time":"20190610172058","is_ascension_mode":true,"campfire_choices":[{"data":"Bash","floor":7,"key":"SMITH"},{"data":"Bludgeon","floor":13,"key":"SMITH"},{"floor":15,"key":"REST"}],"neow_cost":"NONE","seed_source_timestamp":1990330407100,"circlet_count":0,"master_deck":["AscendersBane","Strike_R","Strike_R","Strike_R","Strike_R","Strike_R","Defend_R","Defend_R+1","Defend_R","Defend_R","Bash+1","Pommel Strike","Thunderclap+1","Iron Wave","Bludgeon+1","Shrug It Off+1","Iron Wave","Whirlwind"],"relics":["Burning Blood","NeowsBlessing","Lantern","Strawberry","Boot","Vajra"],"potions_floor_usage":[6,16],"damage_taken":[{"damage":0,"enemies":"Small Slimes","floor":1,"turns":1},{"damage":0,"enemies":"Cultist","floor":3,"turns":1},{"damage":0,"enemies":"Jaw Worm","floor":4,"turns":1},{"damage":30,"enemies":"3 Sentries","floor":6,"turns":8},{"damage":8,"enemies":"Gremlin Nob","floor":10,"turns":3},{"damage":15,"enemies":"3 Sentries","floor":14,"turns":6},{"damage":57,"enemies":"Slime Boss","floor":16,"turns":10}],"seed_played":"111186575664780545","potions_obtained":[{"floor":1,"key":"Swift Potion"},{"floor":2,"key":"AttackPotion"},{"floor":10,"key":"BloodPotion"}],"is_trial":false,"path_per_floor":["M","?","M","M","$","E","R","?","T","E","?","?","R","E","R","B"],"character_chosen":"IRONCLAD","items_purchased":["Bludgeon"],"campfire_rested":1,"item_purchase_floors":[5],"current_hp_per_floor":[74,74,75,75,75,51,51,28,35,33,33,33,33,24,48,0],"gold":109,"neow_bonus":"THREE_ENEMY_KILL","is_prod":false,"is_daily":false,"chose_seed":false,"campfire_upgraded":2,"win_rate":0,"timestamp":1560201658,"path_taken":["M","?","?","M","$","E","R","?","T","E","?","?","R","E","R","BOSS"],"build_version":"2019-01-23","purchased_purges":0,"victory":false,"max_hp_per_floor":[75,75,75,75,75,75,75,75,82,82,82,82,82,82,82,82],"card_choices":[{"not_picked":["Flex","Bloodletting"],"picked":"Pommel Strike","floor":1},{"not_picked":["Body Slam","Hemokinesis"],"picked":"Thunderclap","floor":3},{"not_picked":["Evolve","Sword Boomerang"],"picked":"Iron Wave","floor":4},{"not_picked":["Reckless Charge","Disarm"],"picked":"Shrug It Off","floor":6},{"not_picked":["Havoc","Flex"],"picked":"Iron Wave","floor":10},{"not_picked":["Metallicize","Thunderclap"],"picked":"Whirlwind","floor":14}],"player_experience":396546,"relics_obtained":[{"floor":6,"key":"Lantern"},{"floor":9,"key":"Strawberry"},{"floor":10,"key":"Boot"},{"floor":14,"key":"Vajra"}],"event_choices":[{"damage_healed":0,"gold_gain":0,"player_choice":"Got Potions","damage_taken":0,"max_hp_gain":0,"max_hp_loss":0,"event_name":"Lab","floor":2,"gold_loss":0},{"damage_healed":0,"gold_gain":0,"player_choice":"Entered Light","damage_taken":23,"max_hp_gain":0,"max_hp_loss":0,"event_name":"Shining Light","floor":8,"gold_loss":0,"cards_upgraded":["Defend_R","Thunderclap"]},{"damage_healed":0,"gold_gain":0,"player_choice":"Grow","damage_taken":0,"max_hp_gain":0,"max_hp_loss":0,"event_name":"Living Wall","floor":11,"gold_loss":0,"cards_upgraded":["Shrug It Off"]},{"damage_healed":0,"gold_gain":0,"player_choice":"Fled","damage_taken":0,"max_hp_gain":0,"max_hp_loss":0,"event_name":"Scrap Ooze","floor":12,"gold_loss":0}],"is_beta":false,"boss_relics":[],"items_purged_floors":[],"is_endless":false,"potions_floor_spawned":[1,3,10],"killed_by":"Slime Boss","ascension_level":15}