{"gold_per_floor":[11,11,11,11,11,11,26,26,103,114,125,157,157,169,169,264,264,264,282,302,157,157,157,169,169,169,189,189,204,30,30,30,30],"floor_reached":33,"playtime":1283,"items_purged":["Strike_R","Strike_R"],"score":383,"play_id":"6f4855e0-32da-45f3-aac8-cb0dcf135496","local_time":"20190515174546","is_ascension_mode":true,"campfire_choices":[{"data":"Searing Blow","floor":6,"key":"SMITH"},{"data":"Searing Blow+1","floor":8,"key":"SMITH"},{"data":"Searing Blow+2","floor":13,"key":"SMITH"},{"data":"Searing Blow+3","floor":15,"key":"SMITH"},{"data":"Searing Blow+4","floor":23,"key":"SMITH"},{"floor":25,"key":"REST"},{"floor":32,"key":"REST"}],"neow_cost":"NO_GOLD","seed_source_timestamp":2394050381200,"circlet_count":0,"master_deck":["AscendersBane","Strike_R","Strike_R","Strike_R","Defend_R","Defend_R","Defend_R","Defend_R","Bash","Bludgeon","Searing Blow+5","Thunderclap","Shrug It Off","Rage","Disarm","True Grit+1","Headbutt+1","Ghostly Armor","Iron Wave+1"],"relics":["Black Blood","Calipers","Blue Candle","Strawberry","Girya","MutagenicStrength"],"potions_floor_usage":[5,12,16,18,29,33],"damage_taken":[{"damage":11,"enemies":"Jaw Worm","floor":1,"turns":4},{"damage":0,"enemies":"Cultist","floor":7,"turns":3},{"damage":0,"enemies":"Small Slimes","floor":10,"turns":2},{"damage":3,"enemies":"Blue Slaver","floor":11,"turns":4},{"damage":22,"enemies":"3 Sentries","floor":12,"turns":7},{"damage":0,"enemies":"Large Slime","floor":14,"turns":5},{"damage":49,"enemies":"Slime Boss","floor":16,"turns":9},{"damage":0,"enemies":"3 Byrds","floor":18,"turns":1},{"damage":4,"enemies":"Chosen","floor":19,"turns":4},{"damage":48,"enemies":"Centurion and Healer","floor":20,"turns":9},{"damage":47,"enemies":"Sentry and Sphere","floor":24,"turns":6},{"damage":26,"enemies":"Snake Plant","floor":27,"turns":4},{"damage":8,"enemies":"Centurion and Healer","floor":29,"turns":6},{"damage":96,"enemies":"Collector","floor":33,"turns":6}],"seed_played":"-7312855879037111597","potions_obtained":[{"floor":5,"key":"Fruit Juice"},{"floor":5,"key":"Strength Potion"},{"floor":5,"key":"SmokeBomb"},{"floor":12,"key":"SteroidPotion"},{"floor":27,"key":"Poison Potion"}],"is_trial":false,"path_per_floor":["M","$","?","$","?","R","M","R","T","M","M","E","R","M","R","B",null,"M","M","M","$","?","R","M","R","T","M","?","M","$","?","R","B"],"character_chosen":"IRONCLAD","items_purchased":["Ghostly Armor","Regen Potion"],"campfire_rested":2,"item_purchase_floors":[21,30],"current_hp_per_floor":[67,67,67,67,72,72,78,78,78,84,85,76,76,82,82,39,79,89,92,54,54,54,54,17,44,44,28,28,30,30,30,57,0],"gold":30,"neow_bonus":"THREE_RARE_CARDS","is_prod":false,"is_daily":false,"chose_seed":false,"campfire_upgraded":5,"win_rate":0,"timestamp":1557956746,"path_taken":["M","$","?","?","?","R","M","R","T","M","?","E","R","M","R","BOSS","M","M","M","$","?","R","M","R","T","M","?","M","$","?","R","BOSS"],"build_version":"2019-01-23","purchased_purges":2,"victory":false,"max_hp_per_floor":[80,80,80,80,85,85,85,85,85,85,85,92,92,92,92,92,92,92,92,92,92,92,92,92,92,92,92,92,92,92,92,92,92],"card_choices":[{"not_picked":["Dark Embrace","Demon Form"],"picked":"Bludgeon","floor":0},{"not_picked":["Headbutt","Perfected Strike"],"picked":"Searing Blow","floor":1},{"not_picked":["Body Slam","Bloodletting"],"picked":"Thunderclap","floor":7},{"not_picked":["Iron Wave","Havoc"],"picked":"Shrug It Off","floor":10},{"not_picked":["Rampage","Body Slam"],"picked":"Rage","floor":11},{"not_picked":["Shockwave","Bloodletting","Intimidate"],"picked":"SKIP","floor":12},{"not_picked":["Armaments","Body Slam"],"picked":"Disarm","floor":14},{"not_picked":["Body Slam+1","Blood for Blood"],"picked":"True Grit+1","floor":19},{"not_picked":["Searing Blow","Twin Strike"],"picked":"Headbutt+1","floor":20},{"not_picked":["Body Slam+1","Sentinel","Clash"],"picked":"SKIP","floor":24},{"not_picked":["Havoc+1","Blood for Blood"],"picked":"Iron Wave+1","floor":27},{"not_picked":["Pommel Strike","Cleave","Shrug It Off"],"picked":"SKIP","floor":29}],"player_experience":279971,"relics_obtained":[{"floor":3,"key":"Calipers"},{"floor":9,"key":"Blue Candle"},{"floor":12,"key":"Strawberry"},{"floor":26,"key":"Girya"}],"event_choices":[{"damage_healed":0,"gold_gain":0,"player_choice":"Relic","damage_taken":0,"max_hp_gain":0,"max_hp_loss":0,"event_name":"Wheel of Change","floor":3,"gold_loss":0},{"damage_healed":0,"gold_gain":0,"player_choice":"Got Potions","damage_taken":0,"max_hp_gain":0,"max_hp_loss":0,"event_name":"Lab","floor":5,"gold_loss":0},{"damage_healed":0,"gold_gain":0,"player_choice":"Ignored","damage_taken":0,"max_hp_gain":0,"max_hp_loss":0,"event_name":"Cursed Tome","floor":22,"gold_loss":0},{"damage_healed":0,"gold_gain":0,"player_choice":"Inject Mutagens","damage_taken":0,"relics_obtained":["MutagenicStrength"],"max_hp_gain":0,"max_hp_loss":0,"event_name":"Drug Dealer","floor":28,"gold_loss":0},{"damage_healed":0,"gold_gain":0,"player_choice":"Ignored","damage_taken":0,"max_hp_gain":0,"max_hp_loss":0,"event_name":"Beggar","floor":31,"gold_loss":0}],"is_beta":false,"boss_relics":[{"not_picked":["Orrery","White Beast Statue"],"picked":"Black Blood"}],"items_purged_floors":[21,30],"is_endless":false,"potions_floor_spawned":[10,12,14,18,27],"killed_by":"Collector","ascension_level":11}