{"gold_per_floor":[11,27,202,217,142,142,170,170,170,170,120,130,130,155,155,155],"floor_reached":16,"playtime":573,"items_purged":["Doubt"],"score":157,"play_id":"5e0380e5-b144-47f8-82b3-8c5ef920396f","local_time":"20190428011921","is_ascension_mode":true,"campfire_choices":[{"data":"True Grit","floor":6,"key":"SMITH"},{"floor":8,"key":"REST"},{"data":"Bash","floor":10,"key":"SMITH"},{"floor":15,"key":"REST"}],"neow_cost":"NO_GOLD","seed_source_timestamp":1331012186000,"circlet_count":0,"master_deck":["Strike_R","Strike_R","Strike_R","Defend_R","Defend_R","Defend_R","Defend_R","Bash+1","Pommel Strike","True Grit+1","Shrug It Off","Rampage"],"relics":["Burning Blood","Unceasing Top","Frozen Egg 2","Shuriken","Gremlin Horn"],"potions_floor_usage":[12,14],"damage_taken":[{"damage":7,"enemies":"Small Slimes","floor":1,"turns":3},{"damage":1,"enemies":"2 Louse","floor":2,"turns":2},{"damage":23,"enemies":"Cultist","floor":4,"turns":5},{"damage":42,"enemies":"Gremlin Nob","floor":7,"turns":6},{"damage":0,"enemies":"Gremlin Gang","floor":12,"turns":3},{"damage":39,"enemies":"Lagavulin","floor":14,"turns":7},{"damage":46,"enemies":"Hexaghost","floor":16,"turns":9}],"seed_played":"-1307949427792436134","potions_obtained":[{"floor":7,"key":"Explosive Potion"},{"floor":12,"key":"FearPotion"}],"is_trial":false,"path_per_floor":["M","M","?","M","$","R","E","R","T","R","?","M","?","E","R","B"],"character_chosen":"IRONCLAD","items_purchased":[],"campfire_rested":2,"item_purchase_floors":[],"current_hp_per_floor":[71,76,76,59,59,59,23,47,47,47,47,53,53,20,44,0],"gold":155,"neow_bonus":"ONE_RARE_RELIC","is_prod":false,"is_daily":false,"chose_seed":false,"campfire_upgraded":2,"win_rate":0,"timestamp":1556428761,"path_taken":["M","M","?","M","$","R","E","R","T","R","?","M","?","E","R","BOSS"],"build_version":"2019-01-23","purchased_purges":1,"victory":false,"max_hp_per_floor":[80,80,80,80,80,80,80,80,80,80,80,80,80,80,80,80],"card_choices":[{"not_picked":["Iron Wave","Twin Strike"],"picked":"Pommel Strike","floor":1},{"not_picked":["Pummel","Body Slam"],"picked":"True Grit","floor":2},{"not_picked":["Twin Strike","Cleave"],"picked":"Shrug It Off","floor":4},{"not_picked":["Power Through","Sword Boomerang","Corruption"],"picked":"SKIP","floor":7},{"not_picked":["Pommel Strike","Havoc","Sword Boomerang"],"picked":"SKIP","floor":12},{"not_picked":["Searing Blow","Rage"],"picked":"Rampage","floor":14}],"player_experience":146275,"relics_obtained":[{"floor":7,"key":"Frozen Egg 2"},{"floor":9,"key":"Shuriken"},{"floor":14,"key":"Gremlin Horn"}],"event_choices":[{"damage_healed":0,"gold_gain":175,"player_choice":"AGREE","damage_taken":0,"max_hp_gain":0,"max_hp_loss":0,"event_name":"Liars Game","floor":3,"gold_loss":0,"cards_obtained":["Doubt"]},{"cards_removed":["Strike_R"],"damage_healed":0,"gold_gain":0,"player_choice":"Card Removal","damage_taken":0,"max_hp_gain":0,"max_hp_loss":0,"event_name":"The Cleric","floor":11,"gold_loss":50},{"cards_removed":["Strike_R"],"damage_healed":0,"gold_gain":0,"player_choice":"Purged","damage_taken":0,"max_hp_gain":0,"max_hp_loss":0,"event_name":"Purifier","floor":13,"gold_loss":0}],"is_beta":false,"boss_relics":[],"items_purged_floors":[5],"is_endless":false,"potions_floor_spawned":[7,12],"killed_by":"Hexaghost","ascension_level":9}