{"gold_per_floor":[110,110,124,143,162,189,189,215,263,263,294,294,294,141,141,236,236,253,269,25,25,43,59,59,59,85,99,99,99,109,121,121,121],"floor_reached":33,"playtime":1168,"items_purged":["Strike_R","Strike_R"],"score":401,"play_id":"f698431a-4dab-49b2-8a43-40a9050b812f","local_time":"20190506211620","is_ascension_mode":true,"campfire_choices":[{"data":"Carnage","floor":7,"key":"SMITH"},{"floor":10,"key":"REST"},{"floor":15,"key":"REST"},{"floor":24,"key":"REST"},{"data":"Immolate","floor":29,"key":"SMITH"},{"floor":32,"key":"REST"}],"neow_cost":"NONE","seed_source_timestamp":48357314554100,"circlet_count":0,"master_deck":["AscendersBane","Strike_R","Strike_R","Strike_R","Defend_R","Defend_R","Defend_R","Defend_R","Bash","Cleave","Twin Strike","Carnage+1","Thunderclap","Fiend Fire","Clothesline","Spot Weakness+1","Immolate+1","Flame Barrier+1","Infernal Blade+1","Sword Boomerang+1","Shrug It Off+1","True Grit+1"],"relics":["Burning Blood","PreservedInsect","NlothsMask","Toxic Egg 2","Bottled Lightning","Blood Vial","Omamori","Velvet Choker","Oddly Smooth Stone","Strawberry"],"potions_floor_usage":[16,16,19,33,33,33],"damage_taken":[{"damage":7,"enemies":"Small Slimes","floor":1,"turns":4},{"damage":1,"enemies":"Cultist","floor":3,"turns":3},{"damage":4,"enemies":"2 Louse","floor":4,"turns":3},{"damage":14,"enemies":"Large Slime","floor":5,"turns":6},{"damage":30,"enemies":"3 Sentries","floor":6,"turns":4},{"damage":30,"enemies":"Lagavulin","floor":8,"turns":5},{"damage":30,"enemies":"3 Sentries","floor":11,"turns":4},{"damage":52,"enemies":"The Guardian","floor":16,"turns":11},{"damage":23,"enemies":"Spheric Guardian","floor":18,"turns":4},{"damage":18,"enemies":"Shell Parasite","floor":19,"turns":3},{"damage":24,"enemies":"Snake Plant","floor":22,"turns":4},{"damage":14,"enemies":"Centurion and Healer","floor":23,"turns":4},{"damage":11,"enemies":"Sentry and Sphere","floor":27,"turns":3},{"damage":24,"enemies":"Snake Plant","floor":30,"turns":2},{"damage":12,"enemies":"Cultist and Chosen","floor":31,"turns":4},{"damage":69,"enemies":"Automaton","floor":33,"turns":6}],"seed_played":"-6431910364041521776","potions_obtained":[{"floor":3,"key":"BloodPotion"},{"floor":8,"key":"FearPotion"},{"floor":16,"key":"Regen Potion"},{"floor":19,"key":"PowerPotion"},{"floor":22,"key":"Swift Potion"},{"floor":27,"key":"SpeedPotion"},{"floor":31,"key":"BloodPotion"}],"is_trial":false,"path_per_floor":["M","?","M","M","M","E","R","E","T","R","E","?","?","$","R","B",null,"M","M","$","?","M","M","R","?","T","M","?","R","M","M","R","B"],"character_chosen":"IRONCLAD","items_purchased":["Spot Weakness+1","Oddly Smooth Stone"],"campfire_rested":4,"item_purchase_floors":[14,20],"current_hp_per_floor":[71,71,76,78,70,46,46,22,22,46,22,22,22,22,46,10,63,48,47,47,47,31,25,49,49,56,53,53,53,37,33,59,0],"gold":121,"neow_bonus":"RANDOM_COMMON_RELIC","is_prod":false,"is_daily":false,"chose_seed":false,"campfire_upgraded":2,"win_rate":0,"timestamp":1557191780,"path_taken":["M","?","M","?","M","E","R","E","T","R","E","?","?","$","R","BOSS","M","M","$","?","M","M","R","?","T","M","?","R","?","M","R","BOSS"],"build_version":"2019-01-23","purchased_purges":2,"victory":false,"max_hp_per_floor":[80,80,80,80,80,80,80,80,80,80,80,80,80,80,80,80,80,80,80,80,80,80,80,80,80,87,87,87,87,87,87,87,87],"card_choices":[{"not_picked":["Clash","Sword Boomerang"],"picked":"Cleave","floor":1},{"not_picked":["Corruption","Pummel"],"picked":"Twin Strike","floor":3},{"not_picked":["Body Slam","Flex","Clash"],"picked":"SKIP","floor":4},{"not_picked":["Evolve","Sword Boomerang"],"picked":"Carnage","floor":5},{"not_picked":["Combust","Disarm"],"picked":"Thunderclap","floor":6},{"not_picked":["Fire Breathing","Clothesline"],"picked":"Fiend Fire","floor":8},{"not_picked":["Body Slam","Twin Strike"],"picked":"Clothesline","floor":11},{"not_picked":["Impervious+1","Reaper"],"picked":"Immolate","floor":16},{"not_picked":["Metallicize+1","Sword Boomerang+1"],"picked":"Flame Barrier+1","floor":18},{"not_picked":["Anger+1","Seeing Red+1"],"picked":"Infernal Blade+1","floor":19},{"not_picked":["Cleave","Dropkick","Corruption"],"picked":"SKIP","floor":22},{"not_picked":["Spot Weakness+1","Cleave"],"picked":"Sword Boomerang+1","floor":23},{"not_picked":["Thunderclap","Whirlwind","Infernal Blade+1"],"picked":"SKIP","floor":27},{"not_picked":["Fire Breathing","Armaments+1"],"picked":"Shrug It Off+1","floor":30},{"not_picked":["Thunderclap+1","Warcry+1"],"picked":"True Grit+1","floor":31}],"player_experience":211098,"relics_obtained":[{"floor":6,"key":"Toxic Egg 2"},{"floor":8,"key":"Bottled Lightning"},{"floor":11,"key":"Blood Vial"},{"floor":26,"key":"Strawberry"}],"event_choices":[{"damage_healed":0,"gold_gain":0,"player_choice":"Trade","damage_taken":0,"relics_obtained":["NlothsMask"],"max_hp_gain":0,"max_hp_loss":0,"event_name":"FaceTrader","floor":2,"gold_loss":0},{"damage_healed":0,"gold_gain":0,"player_choice":"Searched \u00271\u0027 times","damage_taken":0,"relics_obtained":["Omamori"],"max_hp_gain":0,"max_hp_loss":0,"event_name":"Dead Adventurer","floor":12,"gold_loss":0},{"damage_healed":0,"gold_gain":0,"player_choice":"Ignored","damage_taken":0,"max_hp_gain":0,"max_hp_loss":0,"event_name":"Shining Light","floor":13,"gold_loss":0},{"damage_healed":0,"gold_gain":0,"player_choice":"Ignored","damage_taken":0,"max_hp_gain":0,"max_hp_loss":0,"event_name":"The Mausoleum","floor":21,"gold_loss":0},{"damage_healed":0,"gold_gain":0,"player_choice":"Ignored","damage_taken":0,"max_hp_gain":0,"max_hp_loss":0,"event_name":"Ghosts","floor":25,"gold_loss":0},{"damage_healed":0,"gold_gain":0,"player_choice":"Bought 0 Potions","damage_taken":0,"max_hp_gain":0,"max_hp_loss":0,"event_name":"The Woman in Blue","floor":28,"gold_loss":0}],"is_beta":false,"boss_relics":[{"not_picked":["Orrery","Runic Dome"],"picked":"Velvet Choker"}],"items_purged_floors":[14,20],"is_endless":false,"potions_floor_spawned":[3,8,16,19,22,27,31],"killed_by":"Automaton","ascension_level":10}