{"gold_per_floor":[209,54,54,68,83,83,97,147,147,165,165],"floor_reached":11,"playtime":167,"items_purged":["Strike_R"],"score":127,"play_id":"6b9bb72a-131c-4507-b31d-a2bd3ffd9b46","local_time":"20190830190628","is_ascension_mode":true,"campfire_choices":[{"data":"Bash","floor":6,"key":"SMITH"}],"neow_cost":"NONE","seed_source_timestamp":5132068061700,"circlet_count":0,"master_deck":["AscendersBane","Strike_R","Strike_R","Strike_R","Strike_R","Defend_R","Defend_R","Defend_R","Defend_R","Bash+1","Cleave","Inflame","Iron Wave","Rupture","Twin Strike","Headbutt"],"relics":["Burning Blood","Ornamental Fan","Omamori"],"potions_floor_usage":[],"damage_taken":[{"damage":18,"enemies":"Cultist","floor":1,"turns":5},{"damage":24,"enemies":"Jaw Worm","floor":4,"turns":4},{"damage":0,"enemies":"Small Slimes","floor":5,"turns":2},{"damage":16,"enemies":"Blue Slaver","floor":7,"turns":3},{"damage":7,"enemies":"Large Slime","floor":10,"turns":4}],"seed_played":"-617637461226255358","potions_obtained":[{"floor":4,"key":"PowerPotion"},{"floor":7,"key":"GamblersBrew"}],"is_trial":false,"path_per_floor":["M","$","?","M","M","R","M","?","T","M","?"],"character_chosen":"IRONCLAD","items_purchased":["Inflame"],"campfire_rested":0,"item_purchase_floors":[2],"current_hp_per_floor":[56,56,38,20,26,26,16,16,16,15,0],"gold":165,"neow_bonus":"HUNDRED_GOLD","is_prod":false,"is_daily":false,"chose_seed":false,"campfire_upgraded":1,"win_rate":0,"timestamp":1567206388,"path_taken":["M","$","?","M","M","R","M","?","T","?","?"],"build_version":"2019-07-17","purchased_purges":1,"victory":false,"max_hp_per_floor":[75,75,75,75,75,75,75,75,75,75,75],"card_choices":[{"not_picked":["Iron Wave","Entrench"],"picked":"Cleave","floor":1},{"not_picked":["Body Slam","Warcry"],"picked":"Iron Wave","floor":4},{"not_picked":["Body Slam","Cleave"],"picked":"Rupture","floor":5},{"not_picked":["Blood for Blood","Corruption"],"picked":"Twin Strike","floor":7},{"not_picked":["Body Slam","Power Through"],"picked":"Headbutt","floor":10}],"player_experience":458447,"relics_obtained":[{"floor":9,"key":"Omamori"}],"event_choices":[{"damage_healed":0,"gold_gain":0,"player_choice":"Success","damage_taken":18,"relics_obtained":["Ornamental Fan"],"max_hp_gain":0,"max_hp_loss":0,"event_name":"Scrap Ooze","floor":3,"gold_loss":0},{"damage_healed":0,"gold_gain":50,"player_choice":"Pray","damage_taken":0,"max_hp_gain":0,"max_hp_loss":0,"event_name":"Golden Shrine","floor":8,"gold_loss":0}],"is_beta":false,"boss_relics":[],"items_purged_floors":[2],"is_endless":false,"potions_floor_spawned":[4,7],"ascension_level":19}