{"gold_per_floor":[116,136,236,250,266,295,306,306,306,306,318,336,352,352,352,456,456,468,485,503,503,31,31,63,63,90,100,117,117,129,0,0,103,103,113,125,51,98,98,98,98,198,198,198,198,10,10,30,30,30],"floor_reached":51,"playtime":2988,"items_purged":[],"score":806,"play_id":"c8943e5a-83ab-44ec-aba6-0b023f5c345d","local_time":"20190324022243","is_ascension_mode":true,"campfire_choices":[{"floor":8,"key":"REST"},{"data":"Machine Learning","floor":10,"key":"SMITH"},{"floor":15,"key":"REST"},{"floor":23,"key":"REST"},{"floor":25,"key":"REST"},{"floor":29,"key":"REST"},{"floor":32,"key":"REST"},{"floor":40,"key":"REST"},{"floor":41,"key":"REST"},{"floor":47,"key":"REST"},{"floor":49,"key":"REST"}],"neow_cost":"NONE","seed_source_timestamp":985318739500,"circlet_count":0,"master_deck":["Strike_B","Strike_B","Strike_B","Strike_B","Defend_B","Defend_B","Zap","Dualcast","Stack","Gash","FTL","Loop","Redo","Machine Learning+1","Static Discharge","Gash","Conserve Battery","Seek+1","Gash+1","Go for the Eyes+1","Leap+1","Melter+1","Stack+1","Streamline","Leap","Conserve Battery","FTL","Beam Cell+1","Go for the Eyes","Ball Lightning","Beam Cell+1","Thunder Strike","Sweeping Beam","Defragment+1","Gash","Conserve Battery","Ball Lightning+1","White Noise","Blind","Chrysalis","Apotheosis","Gash","Stack","Conserve Battery","Loop","Rebound"],"relics":["Cracked Core","Mango","Bronze Scales","Omamori","Astrolabe","Kunai","Orichalcum","Juzu Bracelet","Fusion Hammer","WingedGreaves","Incense Burner","Gambling Chip","Mummified Hand"],"potions_floor_usage":[5,16,16,30,33,33,38,42,50],"damage_taken":[{"damage":2,"enemies":"Jaw Worm","floor":1,"turns":3},{"damage":1,"enemies":"Cultist","floor":2,"turns":4},{"damage":0,"enemies":"2 Louse","floor":4,"turns":2},{"damage":16,"enemies":"Exordium Thugs","floor":5,"turns":5},{"damage":34,"enemies":"3 Sentries","floor":6,"turns":8},{"damage":16,"enemies":"Exordium Wildlife","floor":7,"turns":5},{"damage":15,"enemies":"Large Slime","floor":11,"turns":5},{"damage":6,"enemies":"3 Louse","floor":12,"turns":3},{"damage":0,"enemies":"2 Fungi Beasts","floor":13,"turns":2},{"damage":21,"enemies":"The Guardian","floor":16,"turns":10},{"damage":9,"enemies":"Shell Parasite","floor":18,"turns":4},{"damage":17,"enemies":"Spheric Guardian","floor":19,"turns":4},{"damage":18,"enemies":"Snake Plant","floor":20,"turns":4},{"damage":45,"enemies":"Slavers","floor":24,"turns":6},{"damage":9,"enemies":"Chosen and Byrds","floor":27,"turns":5},{"damage":30,"enemies":"Shelled Parasite and Fungi","floor":28,"turns":6},{"damage":15,"enemies":"3 Cultists","floor":30,"turns":4},{"damage":62,"enemies":"Automaton","floor":33,"turns":10},{"damage":7,"enemies":"Orb Walker","floor":35,"turns":3},{"damage":30,"enemies":"3 Darklings","floor":36,"turns":4},{"damage":46,"enemies":"2 Orb Walkers","floor":38,"turns":5},{"damage":12,"enemies":"Mind Bloom Boss Battle","floor":42,"turns":6},{"damage":2,"enemies":"Transient","floor":48,"turns":5},{"damage":60,"enemies":"Donu and Deca","floor":50,"turns":9}],"seed_played":"4642032547202118822","potions_obtained":[{"floor":4,"key":"Explosive Potion"},{"floor":6,"key":"Swift Potion"},{"floor":11,"key":"Ancient Potion"},{"floor":12,"key":"Strength Potion"},{"floor":13,"key":"SkillPotion"},{"floor":16,"key":"PowerPotion"},{"floor":20,"key":"LiquidBronze"},{"floor":24,"key":"Explosive Potion"},{"floor":36,"key":"Weak Potion"},{"floor":38,"key":"SpeedPotion"},{"floor":42,"key":"Fire Potion"},{"floor":48,"key":"FearPotion"}],"is_trial":false,"path_per_floor":["M","M","?","M","M","E","M","R","T","R","M","M","M","T","R","B",null,"M","M","M","?","$","R","E","R","T","M","M","R","M","?","R","B",null,"M","M","$","?","T","R","R","?","T","?","?","$","R","M","R","B",null],"character_chosen":"DEFECT","items_purchased":["Streamline","Leap","Kunai","Conserve Battery","FTL","Gash","Conserve Battery","Gash","Stack","Conserve Battery","Loop"],"campfire_rested":10,"item_purchase_floors":[22,22,22,22,22,37,37,46,46,46,46],"current_hp_per_floor":[80,79,79,79,63,43,27,55,55,55,40,34,34,34,62,41,96,87,70,52,52,52,80,35,63,63,54,24,52,37,37,65,3,96,89,59,59,13,13,41,69,57,57,47,47,47,75,73,96,36],"gold":30,"neow_bonus":"TEN_PERCENT_HP_BONUS","is_prod":false,"is_daily":false,"chose_seed":false,"campfire_upgraded":1,"win_rate":0,"timestamp":1553408563,"path_taken":["M","M","?","?","M","E","M","R","T","R","M","M","M","?","R","BOSS","M","M","M","?","?","R","E","R","T","M","M","R","M","?","R","BOSS","M","M","$","?","?","R","R","?","T","?","?","?","R","M","R","BOSS"],"build_version":"2019-01-23","purchased_purges":0,"victory":true,"max_hp_per_floor":[82,82,82,82,82,96,96,96,96,96,96,96,96,96,96,96,96,96,96,96,96,96,96,96,96,96,96,96,96,96,96,96,96,96,96,96,96,96,96,96,96,96,96,96,96,96,96,96,96,96],"card_choices":[{"not_picked":["Beam Cell","Consume"],"picked":"Stack","floor":1},{"not_picked":["Leap","Blizzard"],"picked":"Gash","floor":2},{"not_picked":["Compile Driver","Hologram"],"picked":"FTL","floor":4},{"not_picked":["Conserve Battery","Redo"],"picked":"Loop","floor":5},{"not_picked":["Loop","Rip and Tear"],"picked":"Redo","floor":6},{"not_picked":["Genetic Algorithm","Coolheaded"],"picked":"Machine Learning","floor":7},{"not_picked":["Double Energy","Heatsinks"],"picked":"Static Discharge","floor":11},{"not_picked":["Barrage","Hologram"],"picked":"Gash","floor":12},{"not_picked":["Blizzard","Scrape"],"picked":"Conserve Battery","floor":13},{"not_picked":["Buffer","Machine Learning"],"picked":"Fission","floor":16},{"not_picked":["Rebound","Compile Driver"],"picked":"Leap+1","floor":18},{"not_picked":["Lockon","Conserve Battery+1"],"picked":"Melter+1","floor":19},{"not_picked":["Leap","Cold Snap+1"],"picked":"Stack+1","floor":20},{"not_picked":["Reprogram","Barrage"],"picked":"Beam Cell+1","floor":24},{"not_picked":["Buffer","Skim"],"picked":"Go for the Eyes","floor":27},{"not_picked":["Coolheaded","Fusion"],"picked":"Ball Lightning","floor":28},{"not_picked":["Blizzard","Reinforced Body"],"picked":"Beam Cell+1","floor":30},{"not_picked":["Multi-Cast","Core Surge"],"picked":"Thunder Strike","floor":33},{"not_picked":["Streamline+1","Steam"],"picked":"Sweeping Beam","floor":35},{"not_picked":["Hologram+1","Stack"],"picked":"Defragment+1","floor":36},{"not_picked":["Streamline+1","Melter"],"picked":"Ball Lightning+1","floor":38},{"not_picked":["Conserve Battery+1","Genetic Algorithm+1"],"picked":"White Noise","floor":42},{"not_picked":["Deep Breath","Madness"],"picked":"Blind","floor":44},{"not_picked":["Dramatic Entrance","Bandage Up"],"picked":"Chrysalis","floor":44},{"not_picked":["Transmutation","Panache"],"picked":"Apotheosis","floor":44},{"not_picked":["Steam","Leap"],"picked":"Rebound","floor":48}],"player_experience":57048,"relics_obtained":[{"floor":6,"key":"Mango"},{"floor":9,"key":"Bronze Scales"},{"floor":14,"key":"Omamori"},{"floor":24,"key":"Orichalcum"},{"floor":26,"key":"Juzu Bracelet"},{"floor":38,"key":"WingedGreaves"},{"floor":39,"key":"Incense Burner"},{"floor":42,"key":"Gambling Chip"},{"floor":43,"key":"Mummified Hand"}],"event_choices":[{"damage_healed":0,"gold_gain":100,"player_choice":"Pray","damage_taken":0,"max_hp_gain":0,"max_hp_loss":0,"event_name":"Golden Shrine","floor":3,"gold_loss":0},{"damage_healed":0,"gold_gain":0,"player_choice":"Bought 0 Potions","damage_taken":0,"max_hp_gain":0,"max_hp_loss":0,"event_name":"The Woman in Blue","floor":21,"gold_loss":0},{"damage_healed":0,"gold_gain":0,"player_choice":"Paid Fearfully","damage_taken":0,"max_hp_gain":0,"max_hp_loss":0,"event_name":"Masked Bandits","floor":31,"gold_loss":129},{"damage_healed":0,"gold_gain":0,"player_choice":"Fight","damage_taken":0,"max_hp_gain":0,"max_hp_loss":0,"event_name":"Mysterious Sphere","floor":38,"gold_loss":0},{"damage_healed":0,"gold_gain":0,"player_choice":"Fight","damage_taken":0,"max_hp_gain":0,"max_hp_loss":0,"event_name":"MindBloom","floor":42,"gold_loss":0},{"damage_healed":0,"gold_gain":0,"player_choice":"Memory 3","damage_taken":10,"max_hp_gain":0,"max_hp_loss":0,"event_name":"SensoryStone","floor":44,"gold_loss":0},{"damage_healed":0,"gold_gain":0,"player_choice":"Ignored","damage_taken":0,"max_hp_gain":0,"max_hp_loss":0,"event_name":"The Moai Head","floor":45,"gold_loss":0}],"is_beta":false,"boss_relics":[{"not_picked":["Sozu","Philosopher\u0027s Stone"],"picked":"Astrolabe"},{"not_picked":["Eternal Feather","Empty Cage"],"picked":"Fusion Hammer"}],"items_purged_floors":[],"is_endless":false,"potions_floor_spawned":[4,6,11,12,13,16,20,24,27,28,36,38,42,48],"ascension_level":2}