{"gold_per_floor":[119,139,154,9,9,26,26,54,78,0,0,15,15,30,30,134,134,145,145,162,19,35,35,50,50,50,26,0,0,13,25,25,121,121,131,131,51,51,70,70,80,90,90,90,7,20,20,20,20,20],"floor_reached":51,"playtime":3633,"items_purged":["Strike_G"],"score":623,"play_id":"8f6d3386-5f6c-42a2-8396-ccf963adf320","local_time":"20190829131626","is_ascension_mode":false,"campfire_choices":[{"data":"Neutralize","floor":7,"key":"SMITH"},{"floor":11,"key":"REST"},{"data":"Backflip","floor":15,"key":"SMITH"},{"data":"Prepared","floor":23,"key":"SMITH"},{"floor":25,"key":"REST"},{"data":"Dodge and Roll","floor":32,"key":"SMITH"},{"floor":40,"key":"REST"},{"floor":44,"key":"REST"},{"data":"A Thousand Cuts","floor":49,"key":"SMITH"}],"neow_cost":"NONE","seed_source_timestamp":1343370147883584,"circlet_count":0,"master_deck":["Defend_G","Defend_G","Defend_G","Defend_G","Defend_G","Survivor","Neutralize+1","Dramatic Entrance","Quick Slash","Escape Plan","Prepared+1","Bouncing Flask","Backflip+1","Dagger Spray","Caltrops","Noxious Fumes","Calculated Gamble","Adrenaline","Cloak And Dagger","Blur+1","Footwork","Escape Plan","Prepared+1","Escape Plan+1","Deflect","Dodge and Roll+1","Tactician+1","A Thousand Cuts+1","PiercingWail+1","Well Laid Plans","Flash of Steel","Blur","Acrobatics+1","Finesse","PiercingWail+1","Doubt"],"relics":["Ring of the Snake","Bronze Scales","Omamori","Empty Cage","Mummified Hand","Calling Bell","Happy Flower","Gremlin Horn","StoneCalendar","Spirit Poop","Pocketwatch"],"potions_floor_usage":[31,33,42,50,50],"damage_taken":[{"damage":0,"enemies":"2 Louse","floor":1,"turns":2},{"damage":0,"enemies":"Cultist","floor":2,"turns":4},{"damage":4,"enemies":"Jaw Worm","floor":3,"turns":5},{"damage":6,"enemies":"Exordium Thugs","floor":6,"turns":7},{"damage":34,"enemies":"3 Sentries","floor":8,"turns":13},{"damage":2,"enemies":"Looter","floor":12,"turns":3},{"damage":2,"enemies":"Blue Slaver","floor":14,"turns":4},{"damage":8,"enemies":"Hexaghost","floor":16,"turns":10},{"damage":3,"enemies":"Spheric Guardian","floor":18,"turns":4},{"damage":0,"enemies":"Shell Parasite","floor":20,"turns":5},{"damage":15,"enemies":"Cultist and Chosen","floor":22,"turns":7},{"damage":20,"enemies":"Shelled Parasite and Fungi","floor":24,"turns":5},{"damage":3,"enemies":"Sentry and Sphere","floor":30,"turns":8},{"damage":0,"enemies":"Snecko","floor":31,"turns":7},{"damage":49,"enemies":"Collector","floor":33,"turns":20},{"damage":28,"enemies":"3 Darklings","floor":35,"turns":6},{"damage":26,"enemies":"3 Shapes","floor":39,"turns":5},{"damage":27,"enemies":"Sphere and 2 Shapes","floor":41,"turns":4},{"damage":4,"enemies":"Jaw Worm Horde","floor":42,"turns":5},{"damage":0,"enemies":"3 Darklings","floor":46,"turns":4},{"damage":39,"enemies":"Donu and Deca","floor":50,"turns":11}],"seed_played":"-3950710221785771860","potions_obtained":[{"floor":3,"key":"Ancient Potion"},{"floor":6,"key":"Poison Potion"},{"floor":8,"key":"SteroidPotion"},{"floor":33,"key":"GhostInAJar"},{"floor":41,"key":"SkillPotion"},{"floor":42,"key":"FairyPotion"}],"is_trial":false,"path_per_floor":["M","M","M","$","?","M","R","E","T","$","R","M","?","M","R","B",null,"M","$","M","$","M","R","M","R","T","$","?","?","M","M","R","B",null,"M","?","$","?","M","R","M","M","T","R","$","M","?","?","R","B",null],"character_chosen":"THE_SILENT","items_purchased":["Bouncing Flask","Caltrops","Footwork","Escape Plan","Deflect","Well Laid Plans","Finesse"],"campfire_rested":4,"item_purchase_floors":[4,10,21,21,27,37,45],"current_hp_per_floor":[70,70,66,66,66,60,60,26,26,26,47,45,45,43,43,35,70,67,67,67,67,52,52,32,53,53,53,53,53,50,50,50,1,70,42,42,42,42,16,37,10,6,6,27,27,27,27,70,70,31],"gold":20,"neow_bonus":"RANDOM_COLORLESS","is_prod":false,"is_daily":false,"chose_seed":false,"campfire_upgraded":5,"win_rate":0,"timestamp":1567077386,"path_taken":["M","M","M","$","?","M","R","E","T","$","R","?","?","M","R","BOSS","M","$","M","$","M","R","M","R","T","$","?","?","?","M","R","BOSS","M","?","?","?","?","R","M","M","T","R","$","M","?","?","R","BOSS"],"build_version":"2019-07-17","purchased_purges":1,"victory":true,"max_hp_per_floor":[70,70,70,70,70,70,70,70,70,70,70,70,70,70,70,70,70,70,70,70,70,70,70,70,70,70,70,70,70,70,70,70,70,70,70,70,70,70,70,70,70,70,70,70,70,70,70,70,70,70],"card_choices":[{"not_picked":["Blade Dance","Distraction"],"picked":"Quick Slash","floor":1},{"not_picked":["Underhanded Strike","Poisoned Stab"],"picked":"Escape Plan","floor":2},{"not_picked":["Deadly Poison","Sucker Punch"],"picked":"Prepared","floor":3},{"not_picked":["Endless Agony","Slice"],"picked":"Backflip","floor":6},{"not_picked":["Eviscerate","Dodge and Roll"],"picked":"Dagger Spray","floor":8},{"not_picked":["Dagger Spray","Quick Slash"],"picked":"Noxious Fumes","floor":12},{"not_picked":["Dagger Spray","Poisoned Stab"],"picked":"Calculated Gamble","floor":14},{"not_picked":["Envenom","Bullet Time"],"picked":"Adrenaline","floor":16},{"not_picked":["Prepared","Choke"],"picked":"Cloak And Dagger","floor":18},{"not_picked":["Bane+1","Choke"],"picked":"Blur+1","floor":20},{"not_picked":["Poisoned Stab","Blade Dance+1"],"picked":"Prepared","floor":22},{"not_picked":["Acrobatics","Endless Agony"],"picked":"Escape Plan+1","floor":24},{"not_picked":["Underhanded Strike","Dagger Throw"],"picked":"Dodge and Roll","floor":30},{"not_picked":["Malaise","Prepared+1"],"picked":"Tactician+1","floor":31},{"not_picked":["Corpse Explosion","Bullet Time"],"picked":"A Thousand Cuts","floor":33},{"not_picked":["Crippling Poison","Noxious Fumes"],"picked":"PiercingWail+1","floor":35},{"not_picked":["Dramatic Entrance","Blind"],"picked":"Flash of Steel","floor":38},{"not_picked":["Dodge and Roll+1","Deadly Poison","Dagger Spray"],"picked":"SKIP","floor":39},{"not_picked":["Eviscerate","Underhanded Strike"],"picked":"Blur","floor":41},{"not_picked":["Flying Knee+1","Infinite Blades"],"picked":"Acrobatics+1","floor":42},{"not_picked":["Prepared","Cloak And Dagger+1"],"picked":"PiercingWail+1","floor":46}],"player_experience":77878,"relics_obtained":[{"floor":8,"key":"Bronze Scales"},{"floor":9,"key":"Omamori"},{"floor":26,"key":"Mummified Hand"},{"floor":34,"key":"Happy Flower"},{"floor":34,"key":"Gremlin Horn"},{"floor":34,"key":"StoneCalendar"},{"floor":43,"key":"Pocketwatch"}],"event_choices":[{"damage_healed":0,"gold_gain":0,"player_choice":"Upgraded","damage_taken":0,"max_hp_gain":0,"max_hp_loss":0,"event_name":"Upgrade Shrine","floor":5,"gold_loss":0,"cards_upgraded":["Prepared"]},{"cards_removed":["Strike_G"],"damage_healed":0,"gold_gain":0,"player_choice":"Purged","damage_taken":0,"max_hp_gain":0,"max_hp_loss":0,"event_name":"Purifier","floor":13,"gold_loss":0},{"damage_healed":0,"gold_gain":0,"player_choice":"Paid Fearfully","damage_taken":0,"max_hp_gain":0,"max_hp_loss":0,"event_name":"Masked Bandits","floor":28,"gold_loss":26},{"damage_healed":0,"gold_gain":0,"player_choice":"Ignored","damage_taken":0,"max_hp_gain":0,"max_hp_loss":0,"event_name":"NoteForYourself","floor":29,"gold_loss":0},{"cards_removed":["Shame"],"damage_healed":0,"gold_gain":0,"player_choice":"Offered Curse","damage_taken":0,"relics_obtained":["Spirit Poop"],"max_hp_gain":0,"max_hp_loss":0,"event_name":"Bonfire Elementals","floor":36,"gold_loss":0},{"damage_healed":0,"gold_gain":0,"player_choice":"Memory 1","damage_taken":0,"max_hp_gain":0,"max_hp_loss":0,"event_name":"SensoryStone","floor":38,"gold_loss":0},{"cards_removed":["Strike_G"],"damage_healed":0,"gold_gain":0,"player_choice":"Removed Attack","damage_taken":0,"max_hp_gain":0,"max_hp_loss":0,"event_name":"Falling","floor":47,"gold_loss":0},{"damage_healed":43,"gold_gain":0,"player_choice":"Heal","damage_taken":0,"max_hp_gain":0,"max_hp_loss":0,"event_name":"MindBloom","floor":48,"gold_loss":0,"cards_obtained":["Doubt"]}],"is_beta":false,"boss_relics":[{"not_picked":["Fusion Hammer","Coffee Dripper"],"picked":"Empty Cage"},{"not_picked":["Ring of the Serpent","Orrery"],"picked":"Calling Bell"}],"items_purged_floors":[4],"is_endless":false,"potions_floor_spawned":[3,6,8,20,33,41,42],"ascension_level":0}