{"gold_per_floor":[113,113,63,63,40,70,70,89,112,127,48,48,48,66,66,165,165,179,189,209,209],"floor_reached":21,"playtime":781,"items_purged":[],"score":224,"play_id":"2e3f01b1-8183-4332-8a33-5e8c95236c46","local_time":"20190411193954","is_ascension_mode":true,"campfire_choices":[{"data":"Immolate","floor":7,"key":"SMITH"},{"floor":12,"key":"REST"},{"data":"Flame Barrier","floor":15,"key":"SMITH"}],"neow_cost":"NONE","seed_source_timestamp":8961298284100,"circlet_count":0,"master_deck":["Strike_R","Strike_R","Strike_R","Strike_R","Defend_R","Defend_R","Defend_R","Defend_R","Bash+1","Shrug It Off","Cleave","Immolate+1","Power Through","Flame Barrier+1","Rampage","Armaments","Headbutt","Bludgeon","Inflame","Shrug It Off"],"relics":["Black Blood","Dream Catcher","Pantograph","Ancient Tea Set"],"potions_floor_usage":[16,16],"damage_taken":[{"damage":6,"enemies":"Cultist","floor":1,"turns":3},{"damage":64,"enemies":"Lagavulin","floor":6,"turns":8},{"damage":5,"enemies":"Small Slimes","floor":8,"turns":2},{"damage":7,"enemies":"Jaw Worm","floor":10,"turns":3},{"damage":0,"enemies":"Looter","floor":14,"turns":2},{"damage":28,"enemies":"The Guardian","floor":16,"turns":13},{"damage":16,"enemies":"Shell Parasite","floor":18,"turns":5},{"damage":20,"enemies":"Spheric Guardian","floor":19,"turns":6},{"damage":53,"enemies":"Snake Plant","floor":20,"turns":6},{"damage":24,"enemies":"Centurion and Healer","floor":21,"turns":2}],"seed_played":"7378106245983083673","potions_obtained":[{"floor":8,"key":"Strength Potion"},{"floor":14,"key":"EssenceOfSteel"},{"floor":18,"key":"Swift Potion"},{"floor":19,"key":"Strength Potion"}],"is_trial":false,"path_per_floor":["M","?","?","?","$","E","R","M","T","M","$","R","$","M","R","B",null,"M","M","M","M"],"character_chosen":"IRONCLAD","items_purchased":["Cleave","Rampage"],"campfire_rested":1,"item_purchase_floors":[5,11],"current_hp_per_floor":[80,85,85,85,85,27,27,28,28,27,27,52,52,58,58,61,79,73,63,20,0],"gold":209,"neow_bonus":"RANDOM_COMMON_RELIC","is_prod":false,"is_daily":false,"chose_seed":false,"campfire_upgraded":2,"win_rate":0,"timestamp":1555025994,"path_taken":["M","?","?","?","$","E","R","?","T","?","$","R","?","M","R","BOSS","M","M","M","M"],"build_version":"2019-01-23","purchased_purges":0,"victory":false,"max_hp_per_floor":[80,85,85,85,85,85,85,85,85,85,85,85,85,85,85,85,85,85,85,85,85],"card_choices":[{"not_picked":["Twin Strike","Wild Strike"],"picked":"Shrug It Off","floor":1},{"not_picked":["Whirlwind","True Grit"],"picked":"Immolate","floor":6},{"not_picked":["Cleave","Sword Boomerang"],"picked":"Power Through","floor":8},{"not_picked":["Pummel","Thunderclap"],"picked":"Flame Barrier","floor":10},{"not_picked":["Wild Strike","Reckless Charge"],"picked":"Armaments","floor":12},{"not_picked":["Body Slam","Blood for Blood"],"picked":"Headbutt","floor":14},{"not_picked":["Reaper","Berserk"],"picked":"Bludgeon","floor":16},{"not_picked":["Heavy Blade","Infernal Blade"],"picked":"Inflame","floor":18},{"not_picked":["Fire Breathing","Reckless Charge"],"picked":"Shrug It Off","floor":19},{"not_picked":["Clash","Sever Soul+1","Shockwave"],"picked":"SKIP","floor":20}],"player_experience":108143,"relics_obtained":[{"floor":6,"key":"Pantograph"},{"floor":9,"key":"Ancient Tea Set"}],"event_choices":[{"damage_healed":0,"gold_gain":0,"player_choice":"Donut","damage_taken":0,"max_hp_gain":5,"max_hp_loss":0,"event_name":"Big Fish","floor":2,"gold_loss":0},{"cards_removed":["Strike_R"],"damage_healed":0,"gold_gain":0,"player_choice":"Card Removal","damage_taken":0,"max_hp_gain":0,"max_hp_loss":0,"event_name":"The Cleric","floor":3,"gold_loss":50},{"damage_healed":0,"gold_gain":0,"player_choice":"Upgraded","damage_taken":0,"max_hp_gain":0,"max_hp_loss":0,"event_name":"Upgrade Shrine","floor":4,"gold_loss":0,"cards_upgraded":["Bash"]}],"is_beta":false,"boss_relics":[{"not_picked":["Tiny House","Orrery"],"picked":"Black Blood"}],"items_purged_floors":[],"is_endless":false,"potions_floor_spawned":[8,14,18,19],"killed_by":"Centurion and Healer","ascension_level":5}