{"gold_per_floor":[111,87,100,50,69,69,102,122,122,122],"floor_reached":10,"playtime":463,"items_purged":[],"score":109,"play_id":"0337c4d1-cc7e-404d-aee2-9b7e499d269f","local_time":"20190518104138","is_ascension_mode":true,"campfire_choices":[{"data":"Bash","floor":6,"key":"SMITH"}],"neow_cost":"NONE","seed_source_timestamp":1148287070300,"circlet_count":0,"master_deck":["AscendersBane","Strike_R","Strike_R","Strike_R","Strike_R","Defend_R","Defend_R","Defend_R","Defend_R","Bash+1","Armaments","Thunderclap","Carnage","Spot Weakness"],"relics":["Burning Blood","Strawberry","Bird Faced Urn","The Courier"],"potions_floor_usage":[7],"damage_taken":[{"damage":13,"enemies":"Jaw Worm","floor":1,"turns":5},{"damage":0,"enemies":"Small Slimes","floor":3,"turns":3},{"damage":1,"enemies":"2 Louse","floor":5,"turns":2},{"damage":46,"enemies":"Lagavulin","floor":7,"turns":11},{"damage":13,"enemies":"Blue Slaver","floor":8,"turns":4},{"damage":40,"enemies":"3 Sentries","floor":10,"turns":7}],"seed_played":"1851743552136112301","potions_obtained":[{"floor":3,"key":"Weak Potion"}],"is_trial":false,"path_per_floor":["M","?","M","?","M","R","E","M","T","E"],"character_chosen":"IRONCLAD","items_purchased":[],"campfire_rested":0,"item_purchase_floors":[],"current_hp_per_floor":[72,72,78,78,83,83,43,36,36,0],"gold":122,"neow_bonus":"RANDOM_COMMON_RELIC","is_prod":false,"is_daily":false,"chose_seed":false,"campfire_upgraded":1,"win_rate":0,"timestamp":1558190498,"path_taken":["M","?","M","?","M","R","E","M","T","E"],"build_version":"2019-01-23","purchased_purges":0,"victory":false,"max_hp_per_floor":[87,87,87,87,87,87,87,87,87,87],"card_choices":[{"not_picked":["Wild Strike","Body Slam","Seeing Red"],"picked":"SKIP","floor":1},{"not_picked":["Clash","Anger"],"picked":"Armaments","floor":3},{"not_picked":["Cleave","Feel No Pain"],"picked":"Thunderclap","floor":5},{"not_picked":["Body Slam","Combust"],"picked":"Carnage","floor":7},{"not_picked":["Second Wind","Havoc"],"picked":"Spot Weakness","floor":8}],"player_experience":299047,"relics_obtained":[{"floor":7,"key":"Bird Faced Urn"},{"floor":9,"key":"The Courier"}],"event_choices":[{"damage_healed":0,"gold_gain":0,"player_choice":"Left Gold","damage_taken":0,"max_hp_gain":0,"max_hp_loss":0,"event_name":"World of Goop","floor":2,"gold_loss":24},{"cards_removed":["Strike_R"],"damage_healed":0,"gold_gain":0,"player_choice":"Card Removal","damage_taken":0,"max_hp_gain":0,"max_hp_loss":0,"event_name":"The Cleric","floor":4,"gold_loss":50}],"is_beta":false,"boss_relics":[],"items_purged_floors":[],"is_endless":false,"potions_floor_spawned":[3],"killed_by":"3 Sentries","ascension_level":12}