{"gold_per_floor":[113,124,199,209,226,226,242,577,650,663,663,677,379,379,379,502,502,523,594,5,55],"floor_reached":21,"playtime":1100,"items_purged":["Strike_R","Strike_R"],"score":229,"play_id":"eb78ca8a-d353-491c-89bb-256cfbfe8aec","local_time":"20190412132658","is_ascension_mode":true,"campfire_choices":[{"data":"Bash","floor":6,"key":"SMITH"},{"floor":15,"key":"REST"}],"neow_cost":"NONE","seed_source_timestamp":0,"circlet_count":0,"master_deck":["Strike_R","Strike_R","Strike_R","Defend_R","Defend_R","Defend_R","Defend_R","Bash+1","Pommel Strike","Armaments","Flame Barrier","Thunderclap","Cleave","Shrug It Off","Pommel Strike","Power Through","Injury","Headbutt","Metallicize","Double Tap","Iron Wave","Iron Wave","Feed","Inflame","Flex"],"special_seed":0,"relics":["Burning Blood","Old Coin","Shuriken","Golden Idol","Regal Pillow","SsserpentHead","Runic Cube","Bottled Tornado"],"potions_floor_usage":[16,21],"damage_taken":[{"damage":7,"enemies":"Jaw Worm","floor":1,"turns":3},{"damage":4,"enemies":"Small Slimes","floor":2,"turns":4},{"damage":0,"enemies":"Cultist","floor":4,"turns":4},{"damage":11,"enemies":"Large Slime","floor":5,"turns":5},{"damage":11,"enemies":"Looter","floor":7,"turns":3},{"damage":50,"enemies":"3 Sentries","floor":8,"turns":8},{"damage":10,"enemies":"3 Louse","floor":10,"turns":4},{"damage":0,"enemies":"Exordium Wildlife","floor":12,"turns":3},{"damage":53,"enemies":"Hexaghost","floor":16,"turns":11},{"damage":10,"enemies":"Chosen","floor":18,"turns":8},{"damage":42,"enemies":"2 Thieves","floor":19,"turns":5},{"damage":31,"enemies":"Colosseum Slavers","floor":21,"turns":4}],"seed_played":"-7522216306477749922","potions_obtained":[{"floor":7,"key":"LiquidBronze"},{"floor":8,"key":"Explosive Potion"},{"floor":10,"key":"Swift Potion"},{"floor":16,"key":"SteroidPotion"}],"is_trial":false,"path_per_floor":["M","M","?","M","M","R","M","E","T","M","?","M","$","?","R","B",null,"M","M","$","?"],"character_chosen":"IRONCLAD","items_purchased":["Regal Pillow","Metallicize","Feed","Inflame","Flex","Bottled Tornado"],"campfire_rested":1,"item_purchase_floors":[13,13,20,20,20,20],"current_hp_per_floor":[79,80,69,75,70,70,65,21,21,17,17,23,23,23,62,15,64,60,24,24,0],"gold":55,"neow_bonus":"THREE_CARDS","is_prod":false,"is_daily":false,"chose_seed":false,"campfire_upgraded":1,"win_rate":0,"timestamp":1555090018,"path_taken":["M","M","?","M","M","R","M","E","T","M","?","M","$","?","R","BOSS","M","?","$","?"],"build_version":"2019-01-23","purchased_purges":2,"victory":false,"max_hp_per_floor":[80,80,80,80,80,80,80,80,80,80,80,80,80,80,80,80,80,80,80,80,80],"card_choices":[{"not_picked":["Headbutt","Anger"],"picked":"Pommel Strike","floor":0.0},{"not_picked":["Warcry","Headbutt"],"picked":"Armaments","floor":1},{"not_picked":["Armaments","Clothesline"],"picked":"Flame Barrier","floor":2},{"not_picked":["Heavy Blade","Blood for Blood"],"picked":"Thunderclap","floor":4},{"not_picked":["Whirlwind","Pommel Strike"],"picked":"Cleave","floor":5},{"not_picked":["Feel No Pain","Thunderclap"],"picked":"Shrug It Off","floor":7},{"not_picked":["Heavy Blade","Fiend Fire"],"picked":"Pommel Strike","floor":8},{"not_picked":["Pommel Strike","Metallicize"],"picked":"Power Through","floor":10},{"not_picked":["Thunderclap","Anger"],"picked":"Headbutt","floor":12},{"not_picked":["Reaper","Berserk"],"picked":"Double Tap","floor":16},{"not_picked":["Clash+1","Headbutt"],"picked":"Iron Wave","floor":18},{"not_picked":["Dropkick","Headbutt+1"],"picked":"Iron Wave","floor":19}],"player_experience":109920,"relics_obtained":[{"floor":8,"key":"Old Coin"},{"floor":9,"key":"Shuriken"}],"event_choices":[{"damage_healed":0,"gold_gain":75,"player_choice":"Gather Gold","damage_taken":11,"max_hp_gain":0,"max_hp_loss":0,"event_name":"World of Goop","floor":3,"gold_loss":0},{"damage_healed":0,"gold_gain":0,"player_choice":"Take Wound","damage_taken":0,"relics_obtained":["Golden Idol"],"max_hp_gain":0,"max_hp_loss":0,"event_name":"Golden Idol","floor":11,"gold_loss":0,"cards_obtained":["Injury"]},{"damage_healed":0,"gold_gain":0,"player_choice":"Trade","damage_taken":0,"relics_obtained":["SsserpentHead"],"max_hp_gain":0,"max_hp_loss":0,"event_name":"FaceTrader","floor":14,"gold_loss":0},{"damage_healed":0,"gold_gain":0,"player_choice":"Fight","damage_taken":0,"max_hp_gain":0,"max_hp_loss":0,"event_name":"Colosseum","floor":21,"gold_loss":0}],"is_beta":false,"boss_relics":[{"not_picked":["Eternal Feather","Snecko Eye"],"picked":"Runic Cube"}],"items_purged_floors":[13,20],"is_endless":false,"potions_floor_spawned":[7,8,10,16],"killed_by":"Colosseum Slavers","ascension_level":5}