{"gold_per_floor":[109,109,123,35,35,35,69,69,93,112,112,37,50,70,70,159,222,242,25,25,25,49,49,49,49,49,67,91,114,114],"floor_reached":30,"playtime":919,"items_purged":["Strike_R"],"score":426,"play_id":"e02dca2e-547f-451f-a692-5342462d926d","local_time":"20190628203028","is_ascension_mode":true,"campfire_choices":[{"data":"Bash","floor":6,"key":"SMITH"},{"data":"Flame Barrier","floor":11,"key":"SMITH"},{"data":"Metallicize","floor":15,"key":"SMITH"},{"floor":23,"key":"REST"},{"data":"True Grit","floor":25,"key":"SMITH"}],"neow_cost":"NONE","seed_source_timestamp":12683781111600,"circlet_count":0,"master_deck":["AscendersBane","Strike_R+1","Strike_R+1","Strike_R+1","Strike_R+1","Defend_R+1","Defend_R+1","Defend_R+1","Defend_R+1","Bash+1","Forethought","Flame Barrier+1","Cleave","Metallicize+1","Shrug It Off","Clothesline","Twin Strike","Reaper","Battle Trance","True Grit+1","Shrug It Off","Iron Wave","Iron Wave","Pommel Strike","Anger"],"relics":["Burning Blood","Bronze Scales","Golden Idol","Bag of Marbles","Dream Catcher","Tiny House","Regal Pillow","Kunai","Singing Bowl"],"potions_floor_usage":[7,7,16,18,22,29,29,30],"damage_taken":[{"damage":13,"enemies":"Jaw Worm","floor":1,"turns":6},{"damage":4,"enemies":"Small Slimes","floor":3,"turns":5},{"damage":5,"enemies":"Lagavulin","floor":7,"turns":7},{"damage":1,"enemies":"Cultist","floor":10,"turns":3},{"damage":5,"enemies":"3 Louse","floor":13,"turns":2},{"damage":5,"enemies":"Blue Slaver","floor":14,"turns":4},{"damage":28,"enemies":"The Guardian","floor":16,"turns":13},{"damage":29,"enemies":"Shell Parasite","floor":18,"turns":7},{"damage":8,"enemies":"3 Byrds","floor":22,"turns":3},{"damage":14,"enemies":"Centurion and Healer","floor":27,"turns":13},{"damage":33,"enemies":"Snake Plant","floor":28,"turns":4},{"damage":42,"enemies":"Cultist and Chosen","floor":29,"turns":9},{"damage":39,"enemies":"3 Cultists","floor":30,"turns":4}],"seed_played":"6003434942622571950","potions_obtained":[{"floor":1,"key":"SteroidPotion"},{"floor":3,"key":"Block Potion"},{"floor":8,"key":"Weak Potion"},{"floor":8,"key":"Energy Potion"},{"floor":16,"key":"PowerPotion"},{"floor":22,"key":"Regen Potion"},{"floor":28,"key":"GamblersBrew"},{"floor":29,"key":"PowerPotion"}],"is_trial":false,"path_per_floor":["M","?","M","$","?","R","E","?","T","M","R","$","M","M","R","B",null,"M","$","?","?","M","R","T","R","T","M","M","M","M"],"character_chosen":"IRONCLAD","items_purchased":["Metallicize","Regal Pillow","Shrug It Off"],"campfire_rested":1,"item_purchase_floors":[4,19,19],"current_hp_per_floor":[61,56,58,58,58,58,59,59,59,64,64,64,65,66,66,44,67,44,44,44,44,42,73,73,73,73,73,49,31,0],"gold":114,"neow_bonus":"RANDOM_COLORLESS","is_prod":false,"is_daily":false,"chose_seed":false,"campfire_upgraded":4,"win_rate":0,"timestamp":1561768228,"path_taken":["M","?","M","$","?","R","E","?","T","M","R","$","M","M","R","BOSS","M","$","?","?","M","R","?","R","T","?","M","M","M"],"build_version":"2019-01-23","purchased_purges":1,"victory":false,"max_hp_per_floor":[75,75,75,75,68,68,68,68,68,68,68,68,68,68,68,68,73,73,73,73,73,73,73,73,73,73,73,73,73,73],"card_choices":[{"not_picked":["Uppercut","Carnage"],"picked":"Flame Barrier","floor":1},{"not_picked":["Combust","Feel No Pain"],"picked":"Cleave","floor":3},{"not_picked":["Entrench","Anger"],"picked":"Shrug It Off","floor":7},{"not_picked":["Heavy Blade","Anger"],"picked":"Clothesline","floor":10},{"not_picked":["Thunderclap","Power Through"],"picked":"Twin Strike","floor":13},{"not_picked":["Heavy Blade","Wild Strike","Barricade"],"picked":"SKIP","floor":14},{"not_picked":["Barricade","Offering"],"picked":"Reaper","floor":16},{"not_picked":["Clothesline","Fire Breathing"],"picked":"Battle Trance","floor":17},{"not_picked":["Havoc","Clothesline"],"picked":"True Grit","floor":18},{"not_picked":["Body Slam","Second Wind","Dark Embrace"],"picked":"SKIP","floor":22},{"not_picked":["Searing Blow","Pommel Strike"],"picked":"Iron Wave","floor":23},{"not_picked":["Bloodletting","Clash"],"picked":"Iron Wave","floor":27},{"not_picked":["Sword Boomerang","Body Slam"],"picked":"Pommel Strike","floor":28},{"not_picked":["Intimidate","Perfected Strike"],"picked":"Anger","floor":29}],"player_experience":411632,"relics_obtained":[{"floor":7,"key":"Bag of Marbles"},{"floor":9,"key":"Dream Catcher"},{"floor":24,"key":"Kunai"},{"floor":26,"key":"Singing Bowl"}],"event_choices":[{"damage_healed":0,"gold_gain":0,"player_choice":"Success","damage_taken":5,"relics_obtained":["Bronze Scales"],"max_hp_gain":0,"max_hp_loss":0,"event_name":"Scrap Ooze","floor":2,"gold_loss":0},{"damage_healed":0,"gold_gain":0,"player_choice":"Lose Max HP","damage_taken":0,"relics_obtained":["Golden Idol"],"max_hp_gain":0,"max_hp_loss":7,"event_name":"Golden Idol","floor":5,"gold_loss":0},{"damage_healed":0,"gold_gain":0,"player_choice":"Got Potions","damage_taken":0,"max_hp_gain":0,"max_hp_loss":0,"event_name":"Lab","floor":8,"gold_loss":0},{"damage_healed":0,"gold_gain":0,"player_choice":"Simplicity","damage_taken":0,"max_hp_gain":0,"max_hp_loss":0,"event_name":"Back to Basics","floor":20,"gold_loss":0,"cards_upgraded":["Strike_R","Strike_R","Strike_R","Defend_R","Defend_R","Defend_R","Defend_R"]},{"damage_healed":0,"gold_gain":0,"player_choice":"Ignored","damage_taken":0,"max_hp_gain":0,"max_hp_loss":0,"event_name":"Ghosts","floor":21,"gold_loss":0}],"is_beta":false,"boss_relics":[{"not_picked":["Runic Cube","Snecko Eye"],"picked":"Tiny House"}],"items_purged_floors":[12],"is_endless":false,"potions_floor_spawned":[1,3,14,16,22,28,29],"killed_by":"3 Cultists","ascension_level":17}