{"gold_per_floor":[109,125,142,158,83,83,108,108,108,124,143,143,163,182,182,280,280,298,49,49,13,25,25,41,54,54,54,54,67,67,67,67,67],"floor_reached":33,"playtime":1357,"items_purged":["Strike_R","Strike_R"],"score":473,"play_id":"4ca12e09-42aa-4d97-b789-08f8c1b9c3f2","local_time":"20190429030122","is_ascension_mode":true,"campfire_choices":[{"data":"Bash","floor":6,"key":"SMITH"},{"data":"Heavy Blade","floor":12,"key":"SMITH"},{"floor":15,"key":"REST"},{"data":"Limit Break","floor":23,"key":"SMITH"},{"data":"Shrug It Off","floor":30,"key":"SMITH"},{"floor":32,"key":"REST"}],"neow_cost":"NONE","seed_source_timestamp":8215043498300,"circlet_count":0,"master_deck":["Strike_R","Strike_R","Strike_R","Defend_R","Defend_R","Defend_R","Defend_R","Bash+1","Heavy Blade+1","Ghostly Armor","Flex","Headbutt+1","Inflame","Inflame","Limit Break+1","Iron Wave+1","Inflame","RitualDagger+1","Shrug It Off+1"],"relics":["Burning Blood","Shovel","Molten Egg 2","Busted Crown","Strawberry","Centennial Puzzle"],"potions_floor_usage":[7,11,11,14,16,22,24,24,29,29],"damage_taken":[{"damage":6,"enemies":"Cultist","floor":1,"turns":4},{"damage":7,"enemies":"Jaw Worm","floor":2,"turns":3},{"damage":2,"enemies":"2 Louse","floor":3,"turns":2},{"damage":14,"enemies":"Large Slime","floor":4,"turns":6},{"damage":40,"enemies":"3 Sentries","floor":7,"turns":12},{"damage":6,"enemies":"Blue Slaver","floor":10,"turns":3},{"damage":10,"enemies":"Gremlin Gang","floor":11,"turns":4},{"damage":7,"enemies":"Looter","floor":13,"turns":3},{"damage":4,"enemies":"Large Slime","floor":14,"turns":6},{"damage":0,"enemies":"Slime Boss","floor":16,"turns":6},{"damage":20,"enemies":"Spheric Guardian","floor":18,"turns":4},{"damage":23,"enemies":"3 Byrds","floor":22,"turns":4},{"damage":29,"enemies":"Centurion and Healer","floor":24,"turns":4},{"damage":3,"enemies":"Cultist and Chosen","floor":25,"turns":4},{"damage":13,"enemies":"Chosen and Byrds","floor":29,"turns":4},{"damage":67,"enemies":"Automaton","floor":33,"turns":6}],"seed_played":"2401830729488950923","potions_obtained":[{"floor":1,"key":"GamblersBrew"},{"floor":2,"key":"Energy Potion"},{"floor":10,"key":"SpeedPotion"},{"floor":11,"key":"FearPotion"},{"floor":13,"key":"Block Potion"},{"floor":14,"key":"Fire Potion"},{"floor":20,"key":"BloodPotion"},{"floor":20,"key":"PowerPotion"},{"floor":22,"key":"Poison Potion"},{"floor":24,"key":"BloodPotion"}],"is_trial":false,"path_per_floor":["M","M","M","M","$","R","E","?","T","M","M","R","M","M","R","B",null,"M","$","?","$","M","R","M","M","T","?","?","M","R","?","R","B"],"character_chosen":"IRONCLAD","items_purchased":["Strawberry","Inflame"],"campfire_rested":2,"item_purchase_floors":[19,21],"current_hp_per_floor":[72,71,75,67,67,67,33,33,33,33,29,29,28,30,54,60,75,61,68,68,68,51,51,28,31,31,25,25,34,34,34,60,0],"gold":67,"neow_bonus":"THREE_CARDS","is_prod":false,"is_daily":false,"chose_seed":false,"campfire_upgraded":4,"win_rate":0,"timestamp":1556521282,"path_taken":["M","?","M","M","$","R","E","?","T","M","M","R","M","M","R","BOSS","M","$","?","$","M","R","M","?","T","?","?","M","R","?","R","BOSS"],"build_version":"2019-01-23","purchased_purges":2,"victory":false,"max_hp_per_floor":[80,80,80,80,80,80,80,80,80,80,80,80,80,80,80,80,80,80,87,87,87,87,87,87,87,87,87,87,87,87,87,87,87],"card_choices":[{"not_picked":["Clash","Sever Soul"],"picked":"Heavy Blade","floor":0},{"not_picked":["Havoc","Perfected Strike"],"picked":"Ghostly Armor","floor":1},{"not_picked":["Sever Soul","Perfected Strike","Exhume"],"picked":"SKIP","floor":2},{"not_picked":["Sword Boomerang","Perfected Strike","Heavy Blade"],"picked":"SKIP","floor":3},{"not_picked":["Clothesline","Cleave","Ghostly Armor"],"picked":"SKIP","floor":4},{"not_picked":["Wild Strike","Reckless Charge"],"picked":"Flex","floor":7},{"not_picked":["Clothesline+1","Thunderclap+1"],"picked":"Headbutt+1","floor":10},{"not_picked":["Juggernaut","Havoc","Body Slam+1"],"picked":"SKIP","floor":11},{"not_picked":["Headbutt+1","Cleave+1"],"picked":"Inflame","floor":13},{"not_picked":["Headbutt+1","Intimidate"],"picked":"Inflame","floor":14},{"not_picked":["Feed+1","Brutality"],"picked":"Limit Break","floor":16},{"not_picked":[],"picked":"Iron Wave+1","floor":18},{"not_picked":["Headbutt+1"],"picked":"SKIP","floor":22},{"not_picked":["Anger+1"],"picked":"SKIP","floor":24},{"not_picked":["Infernal Blade"],"picked":"SKIP","floor":25},{"not_picked":[],"picked":"Shrug It Off","floor":29}],"player_experience":157110,"relics_obtained":[{"floor":7,"key":"Shovel"},{"floor":9,"key":"Molten Egg 2"},{"floor":26,"key":"Centennial Puzzle"}],"event_choices":[{"damage_healed":0,"gold_gain":0,"player_choice":"Ignored","damage_taken":0,"max_hp_gain":0,"max_hp_loss":0,"event_name":"Liars Game","floor":8,"gold_loss":0},{"damage_healed":0,"gold_gain":0,"player_choice":"Got Potions","damage_taken":0,"max_hp_gain":0,"max_hp_loss":0,"event_name":"Lab","floor":20,"gold_loss":0},{"damage_healed":0,"gold_gain":0,"player_choice":"Joined the Cult","damage_taken":6,"max_hp_gain":0,"max_hp_loss":0,"event_name":"Nest","floor":27,"gold_loss":0,"cards_obtained":["RitualDagger"]},{"damage_healed":0,"gold_gain":0,"player_choice":"Ignored","damage_taken":0,"max_hp_gain":0,"max_hp_loss":0,"event_name":"The Mausoleum","floor":31,"gold_loss":0}],"is_beta":false,"boss_relics":[{"not_picked":["Coffee Dripper","Runic Cube"],"picked":"Busted Crown"}],"items_purged_floors":[5,19],"is_endless":false,"potions_floor_spawned":[1,2,10,11,13,14,22,24],"killed_by":"Automaton","ascension_level":9}