{"gold_per_floor":[112,43,43,118,68,68,14,42,96,96,21,21,40,56,56,134,184,203,56,73,73,73,100,100,120,120,120,137,154,154,182,182,182],"floor_reached":33,"playtime":1009,"items_purged":["Strike_R","Strike_R"],"score":444,"play_id":"52c4a798-4922-45bd-ba25-90971861dde6","local_time":"20190609202044","is_ascension_mode":true,"campfire_choices":[{"data":"Bash","floor":6,"key":"SMITH"},{"floor":10,"key":"REST"},{"data":"Whirlwind","floor":15,"key":"SMITH"},{"floor":27,"key":"REST"},{"data":"Armaments","floor":30,"key":"SMITH"},{"floor":32,"key":"REST"}],"neow_cost":"NONE","seed_source_timestamp":1784427549500,"circlet_count":0,"master_deck":["AscendersBane","Strike_R+1","Strike_R+1","Defend_R","Defend_R","Defend_R","Defend_R","Bash+1","Clothesline","Whirlwind+1","Twin Strike","Inflame+1","Iron Wave","Pommel Strike","Immolate+1","Battle Trance","True Grit","Shrug It Off","Heavy Blade+1","Infernal Blade","Armaments+1","Armaments","Reaper"],"relics":["Burning Blood","Whetstone","Oddly Smooth Stone","Tiny House","Charon\u0027s Ashes","GremlinMask","Frozen Egg 2","Red Mask"],"potions_floor_usage":[28,31,33],"damage_taken":[{"damage":6,"enemies":"Cultist","floor":1,"turns":4},{"damage":55,"enemies":"Lagavulin","floor":8,"turns":7},{"damage":6,"enemies":"Jaw Worm","floor":13,"turns":2},{"damage":5,"enemies":"2 Louse","floor":14,"turns":3},{"damage":38,"enemies":"Slime Boss","floor":16,"turns":8},{"damage":6,"enemies":"3 Byrds","floor":18,"turns":3},{"damage":3,"enemies":"Chosen","floor":20,"turns":5},{"damage":61,"enemies":"Slavers","floor":23,"turns":5},{"damage":11,"enemies":"Centurion and Healer","floor":25,"turns":6},{"damage":0,"enemies":"3 Cultists","floor":28,"turns":2},{"damage":10,"enemies":"Cultist and Chosen","floor":29,"turns":6},{"damage":16,"enemies":"Masked Bandits","floor":31,"turns":3},{"damage":97,"enemies":"Champ","floor":33,"turns":10}],"seed_played":"-199906375006423169","potions_obtained":[{"floor":13,"key":"Strength Potion"},{"floor":16,"key":"Fire Potion"},{"floor":28,"key":"LiquidBronze"},{"floor":31,"key":"FairyPotion"}],"is_trial":false,"path_per_floor":["M","$","$","?","?","R","$","E","T","R","$","?","M","M","R","B",null,"M","$","M","$","?","E","?","M","T","R","M","M","R","?","R","B"],"character_chosen":"IRONCLAD","items_purchased":["Whirlwind","Twin Strike","Shrug It Off"],"campfire_rested":3,"item_purchase_floors":[2,7,19],"current_hp_per_floor":[75,75,75,64,64,64,64,15,15,39,39,39,39,40,40,8,69,69,69,72,72,72,17,17,12,12,38,44,40,40,30,56,0],"gold":182,"neow_bonus":"TEN_PERCENT_HP_BONUS","is_prod":false,"is_daily":false,"chose_seed":false,"campfire_upgraded":3,"win_rate":0,"timestamp":1560126044,"path_taken":["M","?","$","?","?","R","?","E","T","R","$","?","M","?","R","BOSS","M","$","M","$","?","E","?","M","T","R","?","M","R","?","R","BOSS"],"build_version":"2019-01-23","purchased_purges":2,"victory":false,"max_hp_per_floor":[82,82,82,82,82,82,82,82,82,82,82,82,82,82,82,82,87,87,87,87,87,87,87,87,87,87,87,87,87,87,87,87,87],"card_choices":[{"not_picked":["Heavy Blade","Clash"],"picked":"Clothesline","floor":1},{"not_picked":["Shrug It Off","Second Wind"],"picked":"Inflame","floor":8},{"not_picked":["Twin Strike","Hemokinesis"],"picked":"Iron Wave","floor":13},{"not_picked":["Body Slam","Havoc"],"picked":"Pommel Strike","floor":14},{"not_picked":["Impervious","Dark Embrace"],"picked":"Immolate","floor":16},{"not_picked":["Headbutt","Warcry"],"picked":"Battle Trance","floor":17},{"not_picked":["Whirlwind","Ghostly Armor"],"picked":"True Grit","floor":18},{"not_picked":["Wild Strike","Cleave"],"picked":"Heavy Blade+1","floor":20},{"not_picked":["Evolve","Cleave"],"picked":"Infernal Blade","floor":23},{"not_picked":["Perfected Strike","Body Slam"],"picked":"Armaments","floor":25},{"not_picked":["Pommel Strike","Flex"],"picked":"Armaments","floor":28},{"not_picked":["Armaments","Flex","Combust+1"],"picked":"SKIP","floor":29},{"not_picked":["Infernal Blade+1","Warcry"],"picked":"Reaper","floor":31}],"player_experience":393992,"relics_obtained":[{"floor":8,"key":"Whetstone"},{"floor":9,"key":"Oddly Smooth Stone"},{"floor":23,"key":"Charon\u0027s Ashes"},{"floor":26,"key":"Frozen Egg 2"},{"floor":31,"key":"Red Mask"}],"event_choices":[{"damage_healed":0,"gold_gain":75,"player_choice":"Gather Gold","damage_taken":11,"max_hp_gain":0,"max_hp_loss":0,"event_name":"World of Goop","floor":4,"gold_loss":0},{"cards_removed":["Strike_R"],"damage_healed":0,"gold_gain":0,"player_choice":"Card Removal","damage_taken":0,"max_hp_gain":0,"max_hp_loss":0,"event_name":"The Cleric","floor":5,"gold_loss":50},{"damage_healed":0,"gold_gain":0,"player_choice":"Forge","damage_taken":0,"max_hp_gain":0,"max_hp_loss":0,"event_name":"Accursed Blacksmith","floor":12,"gold_loss":0,"cards_upgraded":["Inflame"]},{"damage_healed":0,"gold_gain":0,"player_choice":"Ignored","damage_taken":0,"max_hp_gain":0,"max_hp_loss":0,"event_name":"Vampires","floor":22,"gold_loss":0},{"damage_healed":0,"gold_gain":0,"player_choice":"Trade","damage_taken":0,"relics_obtained":["GremlinMask"],"max_hp_gain":0,"max_hp_loss":0,"event_name":"FaceTrader","floor":24,"gold_loss":0},{"damage_healed":0,"gold_gain":0,"player_choice":"Fought Bandits","damage_taken":0,"max_hp_gain":0,"max_hp_loss":0,"event_name":"Masked Bandits","floor":31,"gold_loss":0}],"is_beta":false,"boss_relics":[{"not_picked":["Coffee Dripper","Calling Bell"],"picked":"Tiny House"}],"items_purged_floors":[11,19],"is_endless":false,"potions_floor_spawned":[13,16,20,25,28,31],"killed_by":"Champ","ascension_level":14}