{"gold_per_floor":[18,18,18,45,68,80,92,104,116,147,187,213,225,253,265,373,385,417,529,237,250,260,260],"floor_reached":23,"playtime":1082,"items_purged":["Regret"],"score":305,"play_id":"dd3335de-d6de-499b-82e5-62aa3c47f430","local_time":"20190416195610","is_ascension_mode":true,"campfire_choices":[{"data":"Rampage","floor":6,"key":"SMITH"},{"data":"Inflame","floor":8,"key":"SMITH"},{"data":"True Grit","floor":15,"key":"SMITH"}],"neow_cost":"NO_GOLD","seed_source_timestamp":4334902154900,"circlet_count":0,"master_deck":["Strike_R","Strike_R","Strike_R","Strike_R","Defend_R","Defend_R","Defend_R","Defend_R","Bash","Demon Form","Iron Wave","Rampage+1","Inflame+1","Seeing Red","True Grit+1","Headbutt","Cleave","Feed","Injury","Doubt","Sentinel+1","Shrug It Off","Pommel Strike","Pommel Strike"],"relics":["Burning Blood","MawBank","Blue Candle","Vajra","Darkstone Periapt","Calling Bell","Pen Nib","Paper Frog","Torii","Tiny Chest"],"potions_floor_usage":[10,11,11,16,21,22],"damage_taken":[{"damage":18,"enemies":"Small Slimes","floor":1,"turns":5},{"damage":6,"enemies":"Cultist","floor":4,"turns":4},{"damage":9,"enemies":"2 Louse","floor":5,"turns":2},{"damage":0,"enemies":"Lots of Slimes","floor":10,"turns":2},{"damage":4,"enemies":"Lagavulin","floor":11,"turns":6},{"damage":14,"enemies":"Exordium Wildlife","floor":12,"turns":5},{"damage":15,"enemies":"Large Slime","floor":14,"turns":4},{"damage":32,"enemies":"Hexaghost","floor":16,"turns":8},{"damage":17,"enemies":"Chosen","floor":18,"turns":6},{"damage":18,"enemies":"3 Byrds","floor":21,"turns":6},{"damage":26,"enemies":"Centurion and Healer","floor":22,"turns":6},{"damage":74,"enemies":"Gremlin Leader","floor":23,"turns":7}],"seed_played":"3953808142402274896","potions_obtained":[{"floor":1,"key":"PowerPotion"},{"floor":7,"key":"Dexterity Potion"},{"floor":7,"key":"Explosive Potion"},{"floor":7,"key":"Dexterity Potion"},{"floor":11,"key":"PowerPotion"},{"floor":12,"key":"FearPotion"},{"floor":16,"key":"AttackPotion"},{"floor":21,"key":"FairyPotion"}],"is_trial":false,"path_per_floor":["M","?","?","M","M","R","?","R","T","M","E","M","T","M","R","B",null,"M","?","$","M","M","E"],"character_chosen":"IRONCLAD","items_purchased":["Shrug It Off","Pommel Strike","Tiny Chest"],"campfire_rested":0,"item_purchase_floors":[20,20,20],"current_hp_per_floor":[60,53,53,53,50,50,50,50,50,56,58,50,50,41,41,15,82,71,71,71,62,45,0],"gold":260,"neow_bonus":"THREE_RARE_CARDS","is_prod":false,"is_daily":false,"chose_seed":false,"campfire_upgraded":3,"win_rate":0,"timestamp":1555458970,"path_taken":["M","?","?","?","M","R","?","R","T","M","E","?","?","M","R","BOSS","M","?","$","?","M","E"],"build_version":"2019-01-23","purchased_purges":1,"victory":false,"max_hp_per_floor":[80,80,80,80,80,80,80,80,80,80,80,80,80,80,80,80,98,98,98,98,101,104,104],"card_choices":[{"not_picked":["Brutality","Exhume"],"picked":"Demon Form","floor":0},{"not_picked":["Dual Wield","Perfected Strike"],"picked":"Iron Wave","floor":1},{"not_picked":["True Grit","Spot Weakness"],"picked":"Rampage","floor":4},{"not_picked":["Anger","Flex"],"picked":"Inflame","floor":5},{"not_picked":["True Grit","Second Wind"],"picked":"Seeing Red","floor":10},{"not_picked":["Carnage","Disarm"],"picked":"True Grit","floor":11},{"not_picked":["Perfected Strike","Flame Barrier"],"picked":"Headbutt","floor":12},{"not_picked":["Metallicize","Warcry"],"picked":"Cleave","floor":14},{"not_picked":["Exhume","Impervious"],"picked":"Feed","floor":16},{"not_picked":["Wild Strike","Armaments"],"picked":"Sentinel+1","floor":18},{"not_picked":["Flex","Anger"],"picked":"Pommel Strike","floor":21},{"not_picked":["True Grit","Body Slam","Pummel+1"],"picked":"SKIP","floor":22}],"player_experience":142774,"relics_obtained":[{"floor":9,"key":"Blue Candle"},{"floor":11,"key":"Vajra"},{"floor":13,"key":"Darkstone Periapt"},{"floor":17,"key":"Pen Nib"},{"floor":17,"key":"Paper Frog"},{"floor":17,"key":"Torii"}],"event_choices":[{"cards_removed":["Strike_R"],"damage_healed":0,"gold_gain":0,"player_choice":"Card Removal","damage_taken":7,"max_hp_gain":0,"max_hp_loss":0,"event_name":"Golden Wing","floor":2,"gold_loss":0},{"damage_healed":0,"gold_gain":0,"player_choice":"Gave Potion","damage_taken":0,"relics_obtained":["MawBank"],"max_hp_gain":0,"max_hp_loss":0,"event_name":"WeMeetAgain","floor":3,"gold_loss":0},{"damage_healed":0,"gold_gain":0,"player_choice":"Got Potions","damage_taken":0,"max_hp_gain":0,"max_hp_loss":0,"event_name":"Lab","floor":7,"gold_loss":0},{"damage_healed":0,"gold_gain":100,"player_choice":"Pray","damage_taken":0,"max_hp_gain":0,"max_hp_loss":0,"event_name":"Golden Shrine","floor":19,"gold_loss":0}],"is_beta":false,"boss_relics":[{"not_picked":["Lizard Tail","Runic Cube"],"picked":"Calling Bell"}],"items_purged_floors":[20],"is_endless":false,"potions_floor_spawned":[1,11,12,16,21],"killed_by":"Gremlin Leader","ascension_level":9}