{"gold_per_floor":[112,132,132,132,149,149,168,168,168,168,202,212,228,248,248,351,351,369,386,8,27,27,27,43,69,69,69,168,184,42,42,42,42],"floor_reached":33,"playtime":1422,"items_purged":["Strike_R","Strike_R"],"score":415,"play_id":"c3728b53-b073-4713-8399-1a1cedad3b8c","local_time":"20190430181124","is_ascension_mode":true,"campfire_choices":[{"data":"Whirlwind","floor":6,"key":"SMITH"},{"data":"Shockwave","floor":8,"key":"SMITH"},{"data":"Cleave","floor":10,"key":"SMITH"},{"data":"Immolate","floor":15,"key":"SMITH"},{"data":"True Grit","floor":23,"key":"SMITH"},{"data":"Fiend Fire","floor":27,"key":"SMITH"},{"floor":32,"key":"REST"}],"neow_cost":"NONE","seed_source_timestamp":440617401000,"circlet_count":0,"master_deck":["Strike_R","Strike_R","Strike_R","Defend_R","Defend_R","Defend_R","Defend_R","Bash","Twin Strike","Headbutt","Cleave+1","Shockwave+1","Whirlwind+1","True Grit+1","Immolate+1","Pommel Strike","Fiend Fire+1","Shrug It Off","Feed","Feed","Ghostly Armor"],"relics":["Black Blood","Question Card","Frozen Egg 2","The Courier","Odd Mushroom","Bottled Lightning","PreservedInsect","Shuriken","Bag of Marbles"],"potions_floor_usage":[11,16,16,19,22,25],"damage_taken":[{"damage":11,"enemies":"Jaw Worm","floor":1,"turns":4},{"damage":2,"enemies":"2 Louse","floor":2,"turns":3},{"damage":2,"enemies":"Cultist","floor":5,"turns":4},{"damage":7,"enemies":"2 Fungi Beasts","floor":7,"turns":2},{"damage":10,"enemies":"3 Sentries","floor":11,"turns":3},{"damage":17,"enemies":"Exordium Wildlife","floor":12,"turns":3},{"damage":1,"enemies":"Exordium Thugs","floor":13,"turns":3},{"damage":0,"enemies":"The Mushroom Lair","floor":14,"turns":2},{"damage":77,"enemies":"The Guardian","floor":16,"turns":10},{"damage":23,"enemies":"Shell Parasite","floor":18,"turns":4},{"damage":33,"enemies":"Spheric Guardian","floor":19,"turns":4},{"damage":2,"enemies":"Centurion and Healer","floor":21,"turns":4},{"damage":0,"enemies":"Snake Plant","floor":22,"turns":1},{"damage":31,"enemies":"Shelled Parasite and Fungi","floor":24,"turns":6},{"damage":21,"enemies":"Gremlin Leader","floor":25,"turns":6},{"damage":19,"enemies":"Cultist and Chosen","floor":29,"turns":6},{"damage":81,"enemies":"Collector","floor":33,"turns":7}],"seed_played":"-197753492511587309","potions_obtained":[{"floor":2,"key":"Explosive Potion"},{"floor":7,"key":"Weak Potion"},{"floor":11,"key":"BloodPotion"},{"floor":12,"key":"SmokeBomb"},{"floor":16,"key":"BloodPotion"},{"floor":21,"key":"PowerPotion"},{"floor":29,"key":"LiquidBronze"}],"is_trial":false,"path_per_floor":["M","M","?","?","M","R","M","R","T","R","E","M","M","?","R","B",null,"M","M","$","M","M","R","M","E","T","R","?","M","$","?","R","B"],"character_chosen":"IRONCLAD","items_purchased":["Feed","Bottled Lightning","Ghostly Armor"],"campfire_rested":1,"item_purchase_floors":[20,20,30],"current_hp_per_floor":[75,79,72,72,76,76,75,75,75,75,71,60,65,71,71,8,68,55,40,40,51,61,61,43,32,32,32,32,26,26,26,55,0],"gold":42,"neow_bonus":"TEN_PERCENT_HP_BONUS","is_prod":false,"is_daily":false,"chose_seed":false,"campfire_upgraded":6,"win_rate":0,"timestamp":1556662284,"path_taken":["M","M","?","?","M","R","M","R","T","R","E","M","?","?","R","BOSS","M","M","$","M","M","R","M","E","T","R","?","M","$","?","R","BOSS"],"build_version":"2019-01-23","purchased_purges":2,"victory":false,"max_hp_per_floor":[88,88,88,88,88,88,88,88,88,88,88,88,88,88,88,88,88,88,88,88,91,91,91,94,94,94,94,94,97,97,97,97,97],"card_choices":[{"not_picked":["Wild Strike","Clash"],"picked":"Twin Strike","floor":1},{"not_picked":["Dropkick","Reckless Charge"],"picked":"Headbutt","floor":2},{"not_picked":["Power Through","Clash","Thunderclap"],"picked":"Whirlwind","floor":5},{"not_picked":["Shockwave","Clash","Havoc","Clothesline"],"picked":"SKIP","floor":7},{"not_picked":["Clothesline","Wild Strike","Second Wind"],"picked":"True Grit","floor":11},{"not_picked":["Sword Boomerang","Thunderclap","Armaments"],"picked":"Immolate","floor":12},{"not_picked":["Flex","Cleave","Thunderclap","Second Wind"],"picked":"SKIP","floor":13},{"not_picked":["Fire Breathing+1","Wild Strike","Body Slam"],"picked":"Pommel Strike","floor":14},{"not_picked":["Barricade+1","Berserk+1","Juggernaut+1"],"picked":"Fiend Fire","floor":16},{"not_picked":["Sword Boomerang","Flex","Second Wind"],"picked":"Shrug It Off","floor":18},{"not_picked":["Second Wind","Spot Weakness","Uppercut+1","Iron Wave"],"picked":"SKIP","floor":19},{"not_picked":["True Grit","Clash","Warcry","Uppercut"],"picked":"SKIP","floor":21},{"not_picked":["Twin Strike","Cleave+1","Seeing Red","Havoc+1"],"picked":"SKIP","floor":24},{"not_picked":["Twin Strike","Warcry","Sentinel"],"picked":"Feed","floor":25},{"not_picked":["Thunderclap","Havoc","Sever Soul+1","Clash"],"picked":"SKIP","floor":29}],"player_experience":169611,"relics_obtained":[{"floor":9,"key":"Frozen Egg 2"},{"floor":11,"key":"The Courier"},{"floor":14,"key":"Odd Mushroom"},{"floor":25,"key":"PreservedInsect"},{"floor":26,"key":"Shuriken"}],"event_choices":[{"damage_healed":0,"gold_gain":0,"player_choice":"Success","damage_taken":7,"relics_obtained":["Question Card"],"max_hp_gain":0,"max_hp_loss":0,"event_name":"Scrap Ooze","floor":3,"gold_loss":0},{"damage_healed":0,"gold_gain":0,"player_choice":"2 cards matched","damage_taken":0,"max_hp_gain":0,"max_hp_loss":0,"event_name":"Match and Keep!","floor":4,"gold_loss":0,"cards_obtained":["Cleave","Shockwave"]},{"damage_healed":0,"gold_gain":0,"player_choice":"Fought Mushrooms","damage_taken":0,"max_hp_gain":0,"max_hp_loss":0,"event_name":"Mushrooms","floor":14,"gold_loss":0},{"damage_healed":0,"gold_gain":99,"player_choice":"Stole From Cult","damage_taken":0,"max_hp_gain":0,"max_hp_loss":0,"event_name":"Nest","floor":28,"gold_loss":0},{"damage_healed":0,"gold_gain":0,"player_choice":"Gave Potion","damage_taken":0,"relics_obtained":["Bag of Marbles"],"max_hp_gain":0,"max_hp_loss":0,"event_name":"WeMeetAgain","floor":31,"gold_loss":0}],"is_beta":false,"boss_relics":[{"not_picked":["Philosopher\u0027s Stone","White Beast Statue"],"picked":"Black Blood"}],"items_purged_floors":[20,30],"is_endless":false,"potions_floor_spawned":[2,7,11,12,16,21,22,29],"killed_by":"Collector","ascension_level":9}