{"gold_per_floor":[114,114,114,127,139,139,171,14,92,92,104,121,155,171,171,269,269,282,282,54,54,64,78,106,123,170,183,11,11,11,28,28,125,125,135,146,246,261,11,11,22,22,22,52,71,71,85,0,0,0],"floor_reached":51,"playtime":3125,"items_purged":[],"score":820,"play_id":"8e2bb909-9c9c-4fe6-992d-35ca3875202f","local_time":"20190319152322","is_ascension_mode":true,"campfire_choices":[{"data":"Flame Barrier","floor":6,"key":"SMITH"},{"data":"Bash","floor":10,"key":"SMITH"},{"data":"Juggernaut","floor":15,"key":"SMITH"},{"floor":30,"key":"REST"},{"floor":32,"key":"REST"},{"floor":40,"key":"REST"},{"floor":46,"key":"REST"},{"floor":49,"key":"REST"}],"neow_cost":"NONE","seed_source_timestamp":4534308779500,"circlet_count":0,"master_deck":["Defend_R","Defend_R","Defend_R","Defend_R","Bash+1","Armaments","Rampage","Flame Barrier+1","Immolate","Wild Strike","Shrug It Off+1","Flame Barrier+1","Juggernaut+1","Feed","Shockwave+1","Bite","Bite","Bite","Bite","Bite","Headbutt","Shrug It Off+1","Flex+1","Pommel Strike","Limit Break+1","Pommel Strike","Spot Weakness+1","Flex+1","Heavy Blade","Impervious+1","Wild Strike","Sword Boomerang","Fire Breathing","Double Tap+1","Infernal Blade+1","Pommel Strike","Uppercut+1","Rampage","Parasite","Flex+1","Seeing Red+1","Anger+1","Ghostly Armor+1","Inflame","Infernal Blade+1"],"relics":["Burning Blood","Whetstone","Oddly Smooth Stone","Toxic Egg 2","Kunai","Fusion Hammer","Vajra","Dodecahedron","Dream Catcher","Lizard Tail","Bottled Flame","Potion Belt","Darkstone Periapt","Red Mask"],"potions_floor_usage":[7,11,16,24,24,31,44,45,47,50,50,50],"damage_taken":[{"damage":2,"enemies":"Small Slimes","floor":1,"turns":4},{"damage":2,"enemies":"2 Louse","floor":4,"turns":5},{"damage":6,"enemies":"Jaw Worm","floor":5,"turns":4},{"damage":0,"enemies":"Gremlin Nob","floor":7,"turns":2},{"damage":14,"enemies":"Exordium Thugs","floor":11,"turns":4},{"damage":4,"enemies":"Large Slime","floor":12,"turns":5},{"damage":12,"enemies":"3 Sentries","floor":13,"turns":4},{"damage":1,"enemies":"Lots of Slimes","floor":14,"turns":3},{"damage":39,"enemies":"Hexaghost","floor":16,"turns":10},{"damage":0,"enemies":"3 Byrds","floor":18,"turns":6},{"damage":12,"enemies":"Spheric Guardian","floor":22,"turns":5},{"damage":15,"enemies":"Centurion and Healer","floor":23,"turns":5},{"damage":25,"enemies":"Gremlin Leader","floor":24,"turns":7},{"damage":7,"enemies":"Snake Plant","floor":25,"turns":4},{"damage":26,"enemies":"Sentry and Sphere","floor":27,"turns":6},{"damage":0,"enemies":"Shelled Parasite and Fungi","floor":31,"turns":3},{"damage":9,"enemies":"Automaton","floor":33,"turns":10},{"damage":14,"enemies":"Orb Walker","floor":35,"turns":4},{"damage":28,"enemies":"3 Shapes","floor":36,"turns":3},{"damage":11,"enemies":"3 Darklings","floor":38,"turns":5},{"damage":19,"enemies":"Writhing Mass","floor":41,"turns":6},{"damage":55,"enemies":"Giant Head","floor":44,"turns":8},{"damage":18,"enemies":"Sphere and 2 Shapes","floor":45,"turns":7},{"damage":18,"enemies":"Jaw Worm Horde","floor":47,"turns":4},{"damage":144,"enemies":"Time Eater","floor":50,"turns":14}],"seed_played":"-850647022408424254","potions_obtained":[{"floor":5,"key":"AttackPotion"},{"floor":7,"key":"AttackPotion"},{"floor":11,"key":"AttackPotion"},{"floor":18,"key":"LiquidBronze"},{"floor":23,"key":"Block Potion"},{"floor":25,"key":"Explosive Potion"},{"floor":27,"key":"SpeedPotion"},{"floor":33,"key":"Swift Potion"},{"floor":35,"key":"SteroidPotion"},{"floor":44,"key":"Block Potion"},{"floor":45,"key":"GamblersBrew"},{"floor":47,"key":"FearPotion"}],"is_trial":false,"path_per_floor":["M","?","?","M","M","R","E","$","T","R","M","M","E","M","R","B",null,"M","?","$","?","M","M","E","M","T","M","$","?","R","M","R","B",null,"M","M","?","M","$","R","M","$","T","E","M","R","M","?","R","B",null],"character_chosen":"IRONCLAD","items_purchased":["Blood Vial","Vajra","Headbutt","Shrug It Off+1","Flex+1","Heavy Blade","Impervious+1","Bottled Flame"],"campfire_rested":5,"item_purchase_floors":[8,20,20,20,28,28,28,39],"current_hp_per_floor":[80,80,80,80,80,80,80,80,80,80,72,76,72,79,79,47,80,83,83,83,83,86,86,69,74,74,63,63,63,89,93,93,93,93,85,65,65,64,64,91,84,84,84,41,39,66,63,63,91,19],"gold":0,"neow_bonus":"RANDOM_COMMON_RELIC","is_prod":false,"is_daily":false,"chose_seed":false,"campfire_upgraded":3,"win_rate":0,"timestamp":1553023402,"path_taken":["M","?","?","M","M","R","E","?","T","R","M","M","E","M","R","BOSS","M","?","$","?","M","M","E","M","T","?","$","?","R","M","R","BOSS","M","M","?","M","$","R","M","$","T","E","?","R","M","?","R","BOSS"],"build_version":"2019-01-23","purchased_purges":0,"victory":true,"max_hp_per_floor":[80,80,80,80,80,80,80,80,80,80,80,80,80,80,80,80,80,83,83,83,83,86,86,86,86,86,89,89,89,89,93,93,93,93,93,93,93,93,93,93,93,93,93,93,93,93,96,96,96,96],"card_choices":[{"not_picked":["Heavy Blade","Wild Strike"],"picked":"Armaments","floor":1},{"not_picked":["Shrug It Off","Sword Boomerang"],"picked":"Rampage","floor":4},{"not_picked":["Entrench","Shrug It Off"],"picked":"Flame Barrier","floor":5},{"not_picked":["Headbutt","True Grit"],"picked":"Immolate","floor":7},{"not_picked":["Body Slam","Heavy Blade"],"picked":"Wild Strike","floor":11},{"not_picked":["Clash","Corruption"],"picked":"Shrug It Off+1","floor":12},{"not_picked":["Iron Wave","True Grit+1"],"picked":"Flame Barrier+1","floor":13},{"not_picked":["True Grit+1","Fire Breathing"],"picked":"Juggernaut","floor":14},{"not_picked":["Berserk","Offering+1"],"picked":"Feed","floor":16},{"not_picked":["Cleave+1","Armaments+1"],"picked":"Shockwave+1","floor":18},{"not_picked":["Sword Boomerang+1","Burning Pact+1"],"picked":"Flex+1","floor":22},{"not_picked":["Warcry+1","Power Through+1"],"picked":"Pommel Strike","floor":23},{"not_picked":["Wild Strike","Headbutt"],"picked":"Limit Break+1","floor":24},{"not_picked":["True Grit+1","Heavy Blade"],"picked":"Pommel Strike","floor":25},{"not_picked":["Clash","Sword Boomerang"],"picked":"Spot Weakness+1","floor":27},{"not_picked":["True Grit+1","Burning Pact+1"],"picked":"Wild Strike","floor":30},{"not_picked":["Sever Soul","Perfected Strike"],"picked":"Sword Boomerang","floor":31},{"not_picked":["Heavy Blade","Warcry+1"],"picked":"Fire Breathing","floor":32},{"not_picked":["Offering+1","Fiend Fire"],"picked":"Double Tap+1","floor":33},{"not_picked":["Anger+1","Headbutt"],"picked":"Infernal Blade+1","floor":35},{"not_picked":["Wild Strike+1","Thunderclap"],"picked":"Pommel Strike","floor":36},{"not_picked":["Blood for Blood+1","Perfected Strike+1"],"picked":"Uppercut+1","floor":38},{"not_picked":["Twin Strike","Clothesline"],"picked":"Rampage","floor":40},{"not_picked":["Clash","Thunderclap"],"picked":"Flex+1","floor":41},{"not_picked":["Dark Embrace","Clothesline+1"],"picked":"Seeing Red+1","floor":44},{"not_picked":["Hemokinesis","Shockwave+1"],"picked":"Anger+1","floor":45},{"not_picked":["Whirlwind+1","Perfected Strike+1"],"picked":"Ghostly Armor+1","floor":46},{"not_picked":["Pommel Strike","Heavy Blade+1"],"picked":"Inflame","floor":47},{"not_picked":["Cleave","Wild Strike"],"picked":"Infernal Blade+1","floor":49}],"player_experience":50709,"relics_obtained":[{"floor":7,"key":"Oddly Smooth Stone"},{"floor":9,"key":"Toxic Egg 2"},{"floor":13,"key":"Kunai"},{"floor":24,"key":"Dodecahedron"},{"floor":26,"key":"Dream Catcher"},{"floor":43,"key":"Potion Belt"},{"floor":44,"key":"Darkstone Periapt"}],"event_choices":[{"damage_healed":0,"gold_gain":0,"player_choice":"Ignored","damage_taken":0,"max_hp_gain":0,"max_hp_loss":0,"event_name":"Golden Wing","floor":2,"gold_loss":0},{"damage_healed":0,"gold_gain":0,"player_choice":"Leave","damage_taken":0,"max_hp_gain":0,"max_hp_loss":0,"event_name":"The Cleric","floor":3,"gold_loss":0},{"damage_healed":0,"gold_gain":0,"player_choice":"Became a vampire (Vial)","damage_taken":0,"max_hp_gain":0,"max_hp_loss":0,"event_name":"Vampires","floor":19,"relics_lost":["Blood Vial"],"gold_loss":0,"cards_obtained":["Bite","Bite","Bite","Bite","Bite"]},{"damage_healed":0,"gold_gain":0,"player_choice":"Ignored","damage_taken":0,"max_hp_gain":0,"max_hp_loss":0,"event_name":"Purifier","floor":21,"gold_loss":0},{"damage_healed":0,"gold_gain":0,"player_choice":"Ignored","damage_taken":0,"max_hp_gain":0,"max_hp_loss":0,"event_name":"Ghosts","floor":29,"gold_loss":0},{"damage_healed":0,"gold_gain":100,"player_choice":"Pray","damage_taken":0,"max_hp_gain":0,"max_hp_loss":0,"event_name":"Golden Shrine","floor":37,"gold_loss":0},{"damage_healed":0,"gold_gain":0,"player_choice":"Paid","damage_taken":0,"relics_obtained":["Red Mask"],"max_hp_gain":0,"max_hp_loss":0,"event_name":"Tomb of Lord Red Mask","floor":48,"gold_loss":85}],"is_beta":false,"boss_relics":[{"not_picked":["Ectoplasm","Mark of Pain"],"picked":"Fusion Hammer"},{"not_picked":["Tiny House","Busted Crown"],"picked":"Lizard Tail"}],"items_purged_floors":[],"is_endless":false,"potions_floor_spawned":[5,7,11,18,23,25,27,33,35,44,45,47],"ascension_level":1}