{"gold_per_floor":[109,18,18,34,34,34,50,50,120,145,155,155,166,178,178,253,253,263,242,242,18,29,29,29],"floor_reached":24,"playtime":608,"items_purged":[],"score":376,"play_id":"3febafa7-123c-4710-9cfb-ca7bb84a07fd","local_time":"20190819151410","is_ascension_mode":true,"campfire_choices":[{"data":"Bash","floor":6,"key":"SMITH"},{"data":"True Grit","floor":8,"key":"SMITH"},{"data":"Inflame","floor":12,"key":"SMITH"},{"data":"Clothesline","floor":15,"key":"SMITH"},{"data":"Rage","floor":23,"key":"SMITH"}],"neow_cost":"NONE","seed_source_timestamp":8077905894300,"circlet_count":0,"master_deck":["AscendersBane","Strike_R+1","Strike_R+1","Strike_R+1","Strike_R+1","Strike_R+1","Defend_R+1","Defend_R+1","Defend_R+1","Defend_R+1","Bash+1","Clothesline+1","Flash of Steel","Headbutt","True Grit+1","Inflame+1","Thunderclap","Bludgeon","Rage+1","Demon Form","Armaments","Ghostly Armor","Ghostly Armor+1"],"relics":["Burning Blood","NeowsBlessing","Letter Opener","Omamori","Black Star","Lee\u0027s Waffle"],"potions_floor_usage":[5,16,16,22],"damage_taken":[{"damage":0,"enemies":"Cultist","floor":1,"turns":1},{"damage":0,"enemies":"Jaw Worm","floor":4,"turns":1},{"damage":0,"enemies":"2 Louse","floor":7,"turns":1},{"damage":36,"enemies":"3 Sentries","floor":10,"turns":11},{"damage":5,"enemies":"Red Slaver","floor":11,"turns":3},{"damage":3,"enemies":"Blue Slaver","floor":13,"turns":4},{"damage":7,"enemies":"3 Louse","floor":14,"turns":3},{"damage":22,"enemies":"Hexaghost","floor":16,"turns":7},{"damage":47,"enemies":"Spheric Guardian","floor":18,"turns":6},{"damage":13,"enemies":"2 Thieves","floor":19,"turns":4},{"damage":44,"enemies":"Snecko","floor":22,"turns":7},{"damage":50,"enemies":"Book of Stabbing","floor":24,"turns":6}],"seed_played":"7356743418015487796","potions_obtained":[{"floor":4,"key":"Poison Potion"},{"floor":5,"key":"Fruit Juice"},{"floor":5,"key":"Dexterity Potion"},{"floor":19,"key":"Weak Potion"}],"is_trial":false,"path_per_floor":["M","$","?","M","?","R","M","R","T","E","M","R","M","M","R","B",null,"M","M","?","$","M","R","E"],"character_chosen":"IRONCLAD","items_purchased":["Flash of Steel","Lee\u0027s Waffle"],"campfire_rested":0,"item_purchase_floors":[2,21],"current_hp_per_floor":[74,74,51,57,62,62,68,68,68,38,39,39,42,41,41,25,66,25,18,18,87,49,49,0],"gold":29,"neow_bonus":"THREE_ENEMY_KILL","is_prod":false,"is_daily":false,"chose_seed":false,"campfire_upgraded":5,"win_rate":0,"timestamp":1566242050,"path_taken":["M","$","?","M","?","R","?","R","T","E","M","R","M","M","R","BOSS","M","M","?","$","M","R","E"],"build_version":"2019-07-17","purchased_purges":0,"victory":false,"max_hp_per_floor":[75,75,75,75,80,80,80,80,80,80,80,80,80,80,80,80,80,80,80,80,87,87,87,87],"card_choices":[{"not_picked":["Perfected Strike","Shockwave"],"picked":"Clothesline","floor":1},{"not_picked":["Flex","Wild Strike"],"picked":"Headbutt","floor":4},{"not_picked":["Pommel Strike","Offering"],"picked":"True Grit","floor":7},{"not_picked":["Havoc","Body Slam"],"picked":"Inflame","floor":10},{"not_picked":["Pommel Strike","Perfected Strike"],"picked":"Thunderclap","floor":11},{"not_picked":["Bloodletting","Flex"],"picked":"Bludgeon","floor":13},{"not_picked":["Sword Boomerang","Shockwave"],"picked":"Rage","floor":14},{"not_picked":["Berserk","Brutality"],"picked":"Demon Form","floor":16},{"not_picked":["Clothesline","Clash"],"picked":"Armaments","floor":18},{"not_picked":["Iron Wave","Pommel Strike"],"picked":"Ghostly Armor","floor":19},{"not_picked":["Headbutt","Iron Wave"],"picked":"Ghostly Armor+1","floor":22}],"player_experience":454950,"relics_obtained":[{"floor":9,"key":"Letter Opener"},{"floor":10,"key":"Omamori"}],"event_choices":[{"damage_healed":0,"gold_gain":0,"player_choice":"Entered Light","damage_taken":23,"max_hp_gain":0,"max_hp_loss":0,"event_name":"Shining Light","floor":3,"gold_loss":0,"cards_upgraded":["Strike_R","Defend_R"]},{"damage_healed":0,"gold_gain":0,"player_choice":"Got Potions","damage_taken":0,"max_hp_gain":0,"max_hp_loss":0,"event_name":"Lab","floor":5,"gold_loss":0},{"damage_healed":0,"gold_gain":0,"player_choice":"Simplicity","damage_taken":0,"max_hp_gain":0,"max_hp_loss":0,"event_name":"Back to Basics","floor":20,"gold_loss":0,"cards_upgraded":["Strike_R","Strike_R","Strike_R","Strike_R","Defend_R","Defend_R","Defend_R"]}],"is_beta":false,"boss_relics":[{"not_picked":["Coffee Dripper","White Beast Statue"],"picked":"Black Star"}],"items_purged_floors":[],"is_endless":false,"potions_floor_spawned":[4,7,13,19],"killed_by":"Book of Stabbing","ascension_level":18}