{"gold_per_floor":[114,129,3,15,29,29,56,71,71,82,100,119,20,30,30,128,128,142,161,48,60,60,60],"floor_reached":23,"playtime":1170,"items_purged":[],"score":239,"play_id":"3b6024fc-14f1-4ce2-8e29-fa9d07fa4ed2","local_time":"20190330032332","is_ascension_mode":true,"campfire_choices":[{"data":"Anger","floor":6,"key":"SMITH"},{"floor":15,"key":"REST"}],"neow_cost":"NONE","seed_source_timestamp":11021669398900,"circlet_count":0,"master_deck":["Strike_R","Strike_R","Strike_R","Strike_R","Strike_R","Defend_R","Defend_R","Defend_R","Defend_R","Bash","Perfected Strike","Inflame","Anger+1","Evolve","Flame Barrier","Iron Wave+1","Perfected Strike+1","Rampage+1","Shrug It Off","Pommel Strike+1","Shockwave+1","Whirlwind+1","Pommel Strike+1","Flex","Wild Strike+1","Blood for Blood+1","Inflame","Iron Wave+1"],"relics":["Burning Blood","StoneCalendar","Molten Egg 2","Astrolabe","Matryoshka"],"potions_floor_usage":[7,16,16,16,23,23],"damage_taken":[{"damage":6,"enemies":"Cultist","floor":1,"turns":3},{"damage":8,"enemies":"2 Louse","floor":2,"turns":2},{"damage":7,"enemies":"Jaw Worm","floor":4,"turns":3},{"damage":20,"enemies":"2 Fungi Beasts","floor":5,"turns":4},{"damage":22,"enemies":"3 Sentries","floor":7,"turns":6},{"damage":11,"enemies":"Looter","floor":8,"turns":3},{"damage":11,"enemies":"Large Slime","floor":10,"turns":7},{"damage":19,"enemies":"Exordium Wildlife","floor":11,"turns":6},{"damage":15,"enemies":"2 Fungi Beasts","floor":12,"turns":4},{"damage":9,"enemies":"Red Slaver","floor":14,"turns":2},{"damage":34,"enemies":"The Guardian","floor":16,"turns":9},{"damage":39,"enemies":"Shell Parasite","floor":18,"turns":5},{"damage":26,"enemies":"Spheric Guardian","floor":19,"turns":5},{"damage":18,"enemies":"Snake Plant","floor":21,"turns":4},{"damage":33,"enemies":"Book of Stabbing","floor":23,"turns":3}],"seed_played":"-2413291667025635441","potions_obtained":[{"floor":2,"key":"SkillPotion"},{"floor":7,"key":"Block Potion"},{"floor":10,"key":"LiquidBronze"},{"floor":14,"key":"Regen Potion"},{"floor":18,"key":"Strength Potion"},{"floor":19,"key":"GamblersBrew"},{"floor":21,"key":"Ancient Potion"}],"is_trial":false,"path_per_floor":["M","M","$","M","M","R","E","M","T","M","M","M","$","M","R","B",null,"M","M","$","M","?","E"],"character_chosen":"IRONCLAD","items_purchased":["Perfected Strike","Inflame","Rampage+1","Shrug It Off","Blood for Blood+1","Inflame"],"campfire_rested":1,"item_purchase_floors":[3,3,13,13,20,20],"current_hp_per_floor":[88,86,86,85,71,71,55,50,50,45,32,23,23,20,46,33,88,55,35,35,23,23,0],"gold":60,"neow_bonus":"TEN_PERCENT_HP_BONUS","is_prod":false,"is_daily":false,"chose_seed":false,"campfire_upgraded":1,"win_rate":0,"timestamp":1553930612,"path_taken":["M","M","$","M","M","R","E","M","T","M","M","M","$","?","R","BOSS","M","M","$","?","?","E"],"build_version":"2019-01-23","purchased_purges":0,"victory":false,"max_hp_per_floor":[88,88,88,88,88,88,88,88,88,88,88,88,88,88,88,88,88,88,88,88,88,88,88],"card_choices":[{"not_picked":["Heavy Blade","Sword Boomerang"],"picked":"Warcry","floor":1},{"not_picked":["Clothesline","Shockwave"],"picked":"Shrug It Off","floor":2},{"not_picked":["True Grit","Carnage"],"picked":"Anger","floor":4},{"not_picked":["Body Slam","Intimidate"],"picked":"Evolve","floor":5},{"not_picked":["Corruption","Fiend Fire"],"picked":"Flame Barrier","floor":7},{"not_picked":["Disarm","Wild Strike"],"picked":"Heavy Blade","floor":8},{"not_picked":["Feel No Pain","Second Wind","Warcry"],"picked":"SKIP","floor":10},{"not_picked":["Clash+1","Havoc"],"picked":"Iron Wave+1","floor":11},{"not_picked":["Evolve","Sword Boomerang+1"],"picked":"Perfected Strike+1","floor":12},{"not_picked":["Anger+1","Wild Strike+1"],"picked":"Pommel Strike+1","floor":14},{"not_picked":["Disarm+1","Carnage+1"],"picked":"Flex","floor":18},{"not_picked":["Headbutt+1","Rupture"],"picked":"Wild Strike+1","floor":19},{"not_picked":["Shrug It Off+1","Shockwave+1"],"picked":"Iron Wave+1","floor":21}],"player_experience":77642,"relics_obtained":[{"floor":7,"key":"StoneCalendar"},{"floor":9,"key":"Molten Egg 2"}],"event_choices":[{"damage_healed":0,"gold_gain":0,"player_choice":"Opened","damage_taken":0,"relics_obtained":["Matryoshka"],"max_hp_gain":0,"max_hp_loss":0,"event_name":"The Mausoleum","floor":22,"gold_loss":0}],"is_beta":false,"boss_relics":[{"not_picked":["Calling Bell","Busted Crown"],"picked":"Astrolabe"}],"items_purged_floors":[],"is_endless":false,"potions_floor_spawned":[2,7,10,14,18,19,21],"killed_by":"Book of Stabbing","ascension_level":4}