{"gold_per_floor":[115,115,126,136,136,170,207,233,269,281,308,337,363,388,400,515,527,552,575,148,163,88,88,121,121,170,180,180,280,296,316,316,417,417,428,272,286,386,404,404,415,442,492,492,492,492,505,505,505,505],"floor_reached":51,"playtime":3049,"items_purged":["Strike_B"],"score":989,"play_id":"b82ec4ed-cb2c-4482-a2f8-67547c6e59c1","local_time":"20190905162519","is_ascension_mode":true,"campfire_choices":[{"floor":10,"key":"REST"},{"floor":15,"key":"REST"},{"data":"Defragment","floor":23,"key":"SMITH"},{"floor":32,"key":"REST"},{"data":"Capacitor","floor":40,"key":"SMITH"},{"data":"Loop","floor":49,"key":"SMITH"}],"neow_cost":"TEN_PERCENT_HP_LOSS","seed_source_timestamp":1673927107056000,"circlet_count":0,"master_deck":["Strike_B","Strike_B","Defend_B","Defend_B","Zap","Dualcast","Defragment+1","Electrodynamics","Coolheaded","Chill","Cold Snap","Storm","Auto Shields","Go for the Eyes","Echo Form","Undo","Static Discharge","Conserve Battery","Storm","Cold Snap","Capacitor+1","White Noise","Go for the Eyes","Loop+1","Redo","Flash of Steel"],"relics":["Cracked Core","FaceOfCleric","MawBank","Dream Catcher","Juzu Bracelet","Nuclear Battery","Membership Card","Mercury Hourglass","Oddly Smooth Stone","Strawberry","Emotion Chip","Symbiotic Virus","Philosopher\u0027s Stone","Blood Vial","Ginger","Turnip","Vajra","DataDisk"],"potions_floor_usage":[6,29,42,50,50],"damage_taken":[{"damage":0,"enemies":"2 Louse","floor":1,"turns":3},{"damage":0,"enemies":"Cultist","floor":3,"turns":3},{"damage":0,"enemies":"Small Slimes","floor":4,"turns":3},{"damage":53,"enemies":"3 Sentries","floor":6,"turns":9},{"damage":7,"enemies":"Exordium Wildlife","floor":8,"turns":4},{"damage":11,"enemies":"Blue Slaver","floor":11,"turns":4},{"damage":0,"enemies":"2 Fungi Beasts","floor":12,"turns":3},{"damage":17,"enemies":"Large Slime","floor":13,"turns":5},{"damage":0,"enemies":"Exordium Wildlife","floor":14,"turns":3},{"damage":5,"enemies":"The Guardian","floor":16,"turns":14},{"damage":0,"enemies":"3 Byrds","floor":18,"turns":2},{"damage":10,"enemies":"Spheric Guardian","floor":19,"turns":4},{"damage":14,"enemies":"Cultist and Chosen","floor":21,"turns":6},{"damage":5,"enemies":"Book of Stabbing","floor":24,"turns":5},{"damage":8,"enemies":"Snake Plant","floor":27,"turns":4},{"damage":8,"enemies":"Colosseum Slavers","floor":29,"turns":3},{"damage":0,"enemies":"Colosseum Nobs","floor":29,"turns":2},{"damage":2,"enemies":"Centurion and Healer","floor":30,"turns":4},{"damage":1,"enemies":"3 Cultists","floor":31,"turns":5},{"damage":8,"enemies":"Automaton","floor":33,"turns":6},{"damage":17,"enemies":"Orb Walker","floor":35,"turns":4},{"damage":0,"enemies":"3 Shapes","floor":37,"turns":2},{"damage":0,"enemies":"Mind Bloom Boss Battle","floor":38,"turns":5},{"damage":24,"enemies":"Maw","floor":39,"turns":5},{"damage":1,"enemies":"Transient","floor":41,"turns":5},{"damage":30,"enemies":"Reptomancer","floor":42,"turns":5},{"damage":0,"enemies":"Spire Growth","floor":47,"turns":6},{"damage":82,"enemies":"Awakened One","floor":50,"turns":8}],"seed_played":"-8365919347202491139","potions_obtained":[{"floor":3,"key":"Strength Potion"},{"floor":4,"key":"Block Potion"},{"floor":6,"key":"PowerPotion"},{"floor":8,"key":"LiquidBronze"},{"floor":24,"key":"AttackPotion"},{"floor":30,"key":"EssenceOfSteel"},{"floor":35,"key":"Weak Potion"},{"floor":37,"key":"LiquidBronze"},{"floor":47,"key":"SteroidPotion"}],"is_trial":false,"path_per_floor":["M","?","M","M","?","E","T","M","T","R","M","M","M","M","R","B",null,"M","M","$","M","?","R","E","?","T","M","?","?","M","M","R","B",null,"M","$","M","?","M","R","M","E","T","?","T","?","M","?","R","B",null],"character_chosen":"DEFECT","items_purchased":["Membership Card","Mercury Hourglass","Static Discharge","Conserve Battery","Blood Vial","FTL","Go for the Eyes","Loop"],"campfire_rested":3,"item_purchase_floors":[20,20,20,20,36,36,36,36],"current_hp_per_floor":[68,68,69,70,75,23,23,17,17,40,30,31,15,16,40,36,71,72,63,63,50,50,50,46,29,36,29,29,23,22,22,52,45,89,73,73,76,79,58,58,60,33,33,96,96,96,97,97,97,16],"gold":505,"neow_bonus":"REMOVE_TWO","is_prod":false,"is_daily":false,"chose_seed":false,"campfire_upgraded":3,"win_rate":0,"timestamp":1567725919,"path_taken":["M","?","?","M","?","E","?","M","T","R","M","M","M","M","R","BOSS","M","M","$","M","?","R","E","?","T","M","?","?","M","M","R","BOSS","M","$","M","?","M","R","M","E","T","?","?","?","M","?","R","BOSS"],"build_version":"2019-07-17","purchased_purges":1,"victory":true,"max_hp_per_floor":[68,68,69,70,75,76,76,77,77,77,78,79,80,81,81,82,82,83,84,84,85,85,85,86,91,98,99,99,101,102,103,103,104,104,105,105,106,107,108,108,109,110,110,96,96,96,97,97,97,98],"card_choices":[{"not_picked":["Gash","Go for the Eyes"],"picked":"Defragment","floor":1},{"not_picked":["Skim","Compile Driver","Go for the Eyes"],"picked":"SKIP","floor":3},{"not_picked":["Steam","Double Energy","Compile Driver"],"picked":"SKIP","floor":4},{"not_picked":["Static Discharge","Chill"],"picked":"Electrodynamics","floor":6},{"not_picked":["Hologram","Steam Power"],"picked":"Coolheaded","floor":8},{"not_picked":["Turbo","Buffer"],"picked":"Chill","floor":11},{"not_picked":["Blizzard","Auto Shields"],"picked":"Cold Snap","floor":12},{"not_picked":["Streamline","Rebound"],"picked":"Storm","floor":13},{"not_picked":["Stack","Compile Driver"],"picked":"Auto Shields","floor":14},{"not_picked":["Coolheaded","Sunder"],"picked":"Go for the Eyes","floor":15},{"not_picked":["Rainbow","Amplify"],"picked":"Echo Form","floor":16},{"not_picked":["Reinforced Body","Sweeping Beam","Self Repair"],"picked":"SKIP","floor":18},{"not_picked":["Streamline","Lockon"],"picked":"Undo","floor":19},{"not_picked":["Beam Cell+1","Rebound+1"],"picked":"Storm","floor":21},{"not_picked":["Static Discharge","Go for the Eyes"],"picked":"Cold Snap","floor":24},{"not_picked":["BootSequence","Barrage"],"picked":"Capacitor","floor":27},{"not_picked":["Consume","Skim","Melter+1"],"picked":"SKIP","floor":30},{"not_picked":["Storm","Compile Driver","Doom and Gloom"],"picked":"SKIP","floor":31},{"not_picked":["Turbo","Stack"],"picked":"White Noise","floor":32},{"not_picked":["Turbo+1","Sweeping Beam","Streamline"],"picked":"SKIP","floor":35},{"not_picked":["Cold Snap","Ball Lightning","Leap"],"picked":"SKIP","floor":37},{"not_picked":["Sweeping Beam","Gash+1","Steam"],"picked":"SKIP","floor":39},{"not_picked":["Reinforced Body+1","Sweeping Beam+1"],"picked":"Redo","floor":41},{"not_picked":["Sunder+1","Recycle+1","Core Surge"],"picked":"SKIP","floor":42},{"not_picked":["Magnetism","Master of Strategy"],"picked":"Flash of Steel","floor":46},{"not_picked":["Leap+1","Chill","Cold Snap+1"],"picked":"SKIP","floor":47}],"player_experience":258126,"relics_obtained":[{"floor":6,"key":"MawBank"},{"floor":7,"key":"Dream Catcher"},{"floor":9,"key":"Juzu Bracelet"},{"floor":24,"key":"Oddly Smooth Stone"},{"floor":26,"key":"Strawberry"},{"floor":29,"key":"Emotion Chip"},{"floor":29,"key":"Symbiotic Virus"},{"floor":38,"key":"Ginger"},{"floor":42,"key":"Turnip"},{"floor":43,"key":"Vajra"},{"floor":45,"key":"DataDisk"}],"event_choices":[{"damage_healed":0,"gold_gain":0,"player_choice":"Trade","damage_taken":0,"relics_obtained":["FaceOfCleric"],"max_hp_gain":0,"max_hp_loss":0,"event_name":"FaceTrader","floor":2,"gold_loss":0},{"damage_healed":0,"gold_gain":0,"player_choice":"Donut","damage_taken":0,"max_hp_gain":5,"max_hp_loss":0,"event_name":"Big Fish","floor":5,"gold_loss":0},{"cards_removed":["Defend_B"],"damage_healed":0,"gold_gain":0,"player_choice":"Gave Gold","damage_taken":0,"max_hp_gain":0,"max_hp_loss":0,"event_name":"Beggar","floor":22,"gold_loss":75},{"damage_healed":0,"gold_gain":0,"player_choice":"Shed Blood","damage_taken":22,"max_hp_gain":5,"max_hp_loss":0,"event_name":"Forgotten Altar","floor":25,"gold_loss":0},{"damage_healed":0,"gold_gain":0,"player_choice":"Ignored","damage_taken":0,"max_hp_gain":0,"max_hp_loss":0,"event_name":"Cursed Tome","floor":28,"gold_loss":0},{"damage_healed":0,"gold_gain":0,"player_choice":"Fight","damage_taken":0,"max_hp_gain":0,"max_hp_loss":0,"event_name":"Colosseum","floor":29,"gold_loss":0},{"damage_healed":0,"gold_gain":0,"player_choice":"Fought Nobs","damage_taken":0,"max_hp_gain":0,"max_hp_loss":0,"event_name":"Colosseum","floor":29,"gold_loss":0},{"damage_healed":0,"gold_gain":0,"player_choice":"Fight","damage_taken":0,"max_hp_gain":0,"max_hp_loss":0,"event_name":"MindBloom","floor":38,"gold_loss":0},{"damage_healed":96,"gold_gain":0,"player_choice":"Heal","damage_taken":0,"max_hp_gain":0,"max_hp_loss":14,"event_name":"The Moai Head","floor":44,"gold_loss":0},{"damage_healed":0,"gold_gain":0,"player_choice":"Memory 1","damage_taken":0,"max_hp_gain":0,"max_hp_loss":0,"event_name":"SensoryStone","floor":46,"gold_loss":0},{"cards_removed":["FTL"],"damage_healed":0,"gold_gain":0,"player_choice":"Removed Attack","damage_taken":0,"max_hp_gain":0,"max_hp_loss":0,"event_name":"Falling","floor":48,"gold_loss":0}],"is_beta":false,"boss_relics":[{"not_picked":["Black Star","Velvet Choker"],"picked":"Nuclear Battery"},{"not_picked":["FrozenCore","Eternal Feather"],"picked":"Philosopher\u0027s Stone"}],"items_purged_floors":[20],"is_endless":false,"potions_floor_spawned":[3,4,6,8,13,18,24,29,30,35,37,41,47],"ascension_level":8}