{"gold_per_floor":[118,118,136,136,155,155,181,197,197,197,231,231,242,192,192,268,268,285,285,302,330,330,330,340,340,340,540,555,555,555,567,567,567],"floor_reached":33,"playtime":1234,"items_purged":[],"score":434,"play_id":"fc2f3d72-5440-4d32-88ea-246dc7c6ea28","local_time":"20190530193808","is_ascension_mode":true,"campfire_choices":[{"data":"Bash","floor":6,"key":"SMITH"},{"data":"Flame Barrier","floor":10,"key":"SMITH"},{"data":"Spot Weakness","floor":12,"key":"SMITH"},{"data":"Clothesline","floor":15,"key":"SMITH"},{"data":"Iron Wave","floor":23,"key":"SMITH"},{"data":"Feed","floor":25,"key":"SMITH"},{"floor":29,"key":"DIG"},{"floor":32,"key":"REST"}],"neow_cost":"NONE","seed_source_timestamp":4576781587500,"circlet_count":0,"master_deck":["AscendersBane","Strike_R+1","Strike_R+1","Strike_R+1","Strike_R+1","Defend_R+1","Defend_R+1","Defend_R+1","Defend_R+1","Bash+1","Juggernaut","Flame Barrier+1","Sword Boomerang","Iron Wave+1","Spot Weakness+1","Anger","Shrug It Off","Clothesline+1","Feed+1","Shrug It Off"],"relics":["Burning Blood","Bottled Flame","Frozen Egg 2","Lantern","Busted Crown","Red Mask","Shovel","Art of War","Molten Egg 2"],"potions_floor_usage":[7,11,21,21],"damage_taken":[{"damage":8,"enemies":"Small Slimes","floor":1,"turns":4},{"damage":3,"enemies":"2 Louse","floor":3,"turns":3},{"damage":0,"enemies":"Cultist","floor":5,"turns":4},{"damage":13,"enemies":"3 Sentries","floor":7,"turns":8},{"damage":7,"enemies":"Looter","floor":8,"turns":3},{"damage":18,"enemies":"Gremlin Nob","floor":11,"turns":4},{"damage":7,"enemies":"Gremlin Gang","floor":13,"turns":5},{"damage":44,"enemies":"The Guardian","floor":16,"turns":11},{"damage":17,"enemies":"Spheric Guardian","floor":18,"turns":4},{"damage":0,"enemies":"3 Byrds","floor":20,"turns":3},{"damage":28,"enemies":"Masked Bandits","floor":21,"turns":6},{"damage":13,"enemies":"Snake Plant","floor":24,"turns":3},{"damage":18,"enemies":"Snecko","floor":28,"turns":5},{"damage":2,"enemies":"Chosen and Byrds","floor":31,"turns":5},{"damage":62,"enemies":"Champ","floor":33,"turns":13}],"seed_played":"1429089625629856232","potions_obtained":[{"floor":1,"key":"Explosive Potion"},{"floor":5,"key":"Fire Potion"},{"floor":11,"key":"SneckoOil"},{"floor":20,"key":"SkillPotion"}],"is_trial":false,"path_per_floor":["M","?","M","?","M","R","E","M","T","R","E","R","M","?","R","B",null,"M","?","M","?","?","R","M","R","T","?","M","R","?","M","R","B"],"character_chosen":"IRONCLAD","items_purchased":[],"campfire_rested":1,"item_purchase_floors":[],"current_hp_per_floor":[66,66,69,74,80,80,73,72,72,72,60,60,59,59,59,21,65,57,57,63,44,44,44,37,37,37,37,25,25,25,29,54,0],"gold":567,"neow_bonus":"ONE_RANDOM_RARE_CARD","is_prod":false,"is_daily":false,"chose_seed":false,"campfire_upgraded":6,"win_rate":0,"timestamp":1559259488,"path_taken":["M","?","M","?","M","R","E","M","T","R","E","R","M","?","R","BOSS","M","?","M","?","?","R","M","R","T","?","?","R","?","M","R","BOSS"],"build_version":"2019-01-23","purchased_purges":0,"victory":false,"max_hp_per_floor":[75,75,75,80,80,80,80,80,80,80,80,80,80,80,80,80,80,83,83,83,86,86,86,86,86,86,86,86,86,86,86,86,86],"card_choices":[{"not_picked":["Thunderclap","Anger"],"picked":"Flame Barrier","floor":1},{"not_picked":["Intimidate","Heavy Blade"],"picked":"Sword Boomerang","floor":3},{"not_picked":["Evolve","Warcry"],"picked":"Iron Wave","floor":5},{"not_picked":["Pummel","Wild Strike"],"picked":"Spot Weakness","floor":7},{"not_picked":["Havoc","Fiend Fire"],"picked":"Anger","floor":8},{"not_picked":["Sword Boomerang","Twin Strike"],"picked":"Shrug It Off","floor":11},{"not_picked":["Burning Pact","Thunderclap"],"picked":"Clothesline","floor":13},{"not_picked":["Double Tap","Demon Form+1"],"picked":"Feed","floor":16},{"not_picked":[],"picked":"Shrug It Off","floor":18},{"not_picked":["Cleave"],"picked":"SKIP","floor":20},{"not_picked":["Warcry"],"picked":"SKIP","floor":24},{"not_picked":["Cleave"],"picked":"SKIP","floor":28},{"not_picked":["Blood for Blood+1"],"picked":"SKIP","floor":31}],"player_experience":365363,"relics_obtained":[{"floor":7,"key":"Bottled Flame"},{"floor":9,"key":"Frozen Egg 2"},{"floor":11,"key":"Lantern"},{"floor":21,"key":"Red Mask"},{"floor":26,"key":"Art of War"},{"floor":29,"key":"Molten Egg 2"}],"event_choices":[{"damage_healed":0,"gold_gain":0,"player_choice":"Ignored","damage_taken":0,"max_hp_gain":0,"max_hp_loss":0,"event_name":"Golden Wing","floor":2,"gold_loss":0},{"damage_healed":0,"gold_gain":0,"player_choice":"Donut","damage_taken":0,"max_hp_gain":5,"max_hp_loss":0,"event_name":"Big Fish","floor":4,"gold_loss":0},{"cards_removed":["Strike_R"],"damage_healed":0,"gold_gain":0,"player_choice":"Card Removal","damage_taken":0,"max_hp_gain":0,"max_hp_loss":0,"event_name":"The Cleric","floor":14,"gold_loss":50},{"damage_healed":0,"gold_gain":0,"player_choice":"Simplicity","damage_taken":0,"max_hp_gain":0,"max_hp_loss":0,"event_name":"Back to Basics","floor":19,"gold_loss":0,"cards_upgraded":["Strike_R","Strike_R","Strike_R","Strike_R","Defend_R","Defend_R","Defend_R","Defend_R"]},{"damage_healed":0,"gold_gain":0,"player_choice":"Fought Bandits","damage_taken":0,"max_hp_gain":0,"max_hp_loss":0,"event_name":"Masked Bandits","floor":21,"gold_loss":0},{"damage_healed":0,"gold_gain":0,"player_choice":"Opened","damage_taken":0,"relics_obtained":["Shovel"],"max_hp_gain":0,"max_hp_loss":0,"event_name":"The Mausoleum","floor":22,"gold_loss":0},{"damage_healed":0,"gold_gain":200,"player_choice":"Gold","damage_taken":0,"max_hp_gain":0,"max_hp_loss":0,"event_name":"Wheel of Change","floor":27,"gold_loss":0},{"damage_healed":0,"gold_gain":0,"player_choice":"Ignored","damage_taken":0,"max_hp_gain":0,"max_hp_loss":0,"event_name":"Vampires","floor":30,"gold_loss":0}],"is_beta":false,"boss_relics":[{"not_picked":["Empty Cage","Fusion Hammer"],"picked":"Busted Crown"}],"items_purged_floors":[],"is_endless":false,"potions_floor_spawned":[1,5,11,20],"killed_by":"Champ","ascension_level":14}