{"gold_per_floor":[115,135,152,7,18,18,36,36,62,73,101,112,112,130,130,208,208,222,235,160,174,174,209,209,223,270,281,281,292,292],"floor_reached":30,"playtime":933,"items_purged":[],"score":490,"play_id":"27fcc6c9-237c-4a25-a121-384412686cbd","local_time":"20190706182022","is_ascension_mode":true,"campfire_choices":[{"data":"Bash","floor":6,"key":"SMITH"},{"data":"Flame Barrier","floor":8,"key":"SMITH"},{"data":"Uppercut","floor":13,"key":"SMITH"},{"floor":15,"key":"REST"},{"floor":24,"key":"REST"}],"neow_cost":"NONE","seed_source_timestamp":5816581048400,"circlet_count":0,"master_deck":["AscendersBane","Strike_R+1","Strike_R+1","Strike_R+1","Strike_R+1","Defend_R+1","Defend_R+1","Defend_R+1","Defend_R+1","Bash+1","Spot Weakness","Twin Strike","Pommel Strike","Metallicize","Anger","Flame Barrier+1","Battle Trance","Twin Strike","Cleave","Uppercut+1","Headbutt","Feed","True Grit","Iron Wave","Double Tap","Twin Strike","Clothesline","Sword Boomerang","Shrug It Off+1"],"relics":["Burning Blood","Bag of Marbles","Happy Flower","Sozu","Oddly Smooth Stone","Lantern"],"potions_floor_usage":[16],"damage_taken":[{"damage":19,"enemies":"Jaw Worm","floor":1,"turns":4},{"damage":7,"enemies":"Small Slimes","floor":2,"turns":4},{"damage":5,"enemies":"2 Louse","floor":3,"turns":4},{"damage":16,"enemies":"Large Slime","floor":5,"turns":6},{"damage":4,"enemies":"Red Slaver","floor":7,"turns":4},{"damage":4,"enemies":"3 Louse","floor":10,"turns":3},{"damage":26,"enemies":"Gremlin Nob","floor":11,"turns":4},{"damage":9,"enemies":"Lots of Slimes","floor":12,"turns":3},{"damage":13,"enemies":"Exordium Thugs","floor":14,"turns":4},{"damage":26,"enemies":"Slime Boss","floor":16,"turns":7},{"damage":16,"enemies":"Shell Parasite","floor":18,"turns":4},{"damage":4,"enemies":"Chosen","floor":19,"turns":3},{"damage":13,"enemies":"Snake Plant","floor":21,"turns":3},{"damage":58,"enemies":"Gremlin Leader","floor":23,"turns":6},{"damage":28,"enemies":"Shelled Parasite and Fungi","floor":25,"turns":5},{"damage":3,"enemies":"Centurion and Healer","floor":27,"turns":6},{"damage":15,"enemies":"Chosen and Byrds","floor":29,"turns":4},{"damage":30,"enemies":"Sentry and Sphere","floor":30,"turns":5}],"seed_played":"-4356027727820738347","potions_obtained":[{"floor":2,"key":"Dexterity Potion"},{"floor":10,"key":"SteroidPotion"}],"is_trial":false,"path_per_floor":["M","M","M","$","M","R","M","R","T","M","E","M","R","M","R","B",null,"M","M","?","M","?","E","R","M","T","M","?","M","M"],"character_chosen":"IRONCLAD","items_purchased":["Metallicize","Anger"],"campfire_rested":2,"item_purchase_floors":[4,4],"current_hp_per_floor":[62,61,62,62,52,52,54,54,54,56,36,33,33,26,50,30,69,59,64,64,60,60,8,34,12,12,18,36,27,0],"gold":292,"neow_bonus":"TEN_PERCENT_HP_BONUS","is_prod":false,"is_daily":false,"chose_seed":false,"campfire_upgraded":3,"win_rate":0,"timestamp":1562451622,"path_taken":["M","M","M","$","M","R","M","R","T","M","E","M","R","M","R","BOSS","M","M","?","M","?","E","R","M","T","M","?","M","M"],"build_version":"2019-07-05","purchased_purges":0,"victory":false,"max_hp_per_floor":[82,82,82,82,82,82,82,82,82,82,82,82,82,82,82,82,82,82,85,85,88,88,88,88,88,88,91,91,91,91],"card_choices":[{"not_picked":["Warcry","Body Slam"],"picked":"Spot Weakness","floor":1},{"not_picked":["Wild Strike","Perfected Strike"],"picked":"Twin Strike","floor":2},{"not_picked":["Feel No Pain","Power Through"],"picked":"Pommel Strike","floor":3},{"not_picked":["Searing Blow","Pommel Strike"],"picked":"Flame Barrier","floor":5},{"not_picked":["Perfected Strike","Dropkick"],"picked":"Battle Trance","floor":7},{"not_picked":["True Grit","Armaments"],"picked":"Twin Strike","floor":10},{"not_picked":["Wild Strike","Evolve"],"picked":"Cleave","floor":11},{"not_picked":["Clothesline","Hemokinesis"],"picked":"Uppercut","floor":12},{"not_picked":["Reckless Charge","Flex"],"picked":"Headbutt","floor":14},{"not_picked":["Dark Embrace","Double Tap"],"picked":"Feed","floor":16},{"not_picked":["Flex","Twin Strike"],"picked":"True Grit","floor":18},{"not_picked":["Cleave","Pommel Strike"],"picked":"Iron Wave","floor":19},{"not_picked":["Sentinel","Pommel Strike"],"picked":"Double Tap","floor":21},{"not_picked":["Searing Blow","Clash"],"picked":"Twin Strike","floor":23},{"not_picked":["Corruption","Havoc"],"picked":"Clothesline","floor":25},{"not_picked":["Sever Soul","Blood for Blood"],"picked":"Sword Boomerang","floor":27},{"not_picked":["Uppercut+1","Anger+1"],"picked":"Shrug It Off+1","floor":29}],"player_experience":422828,"relics_obtained":[{"floor":9,"key":"Bag of Marbles"},{"floor":11,"key":"Happy Flower"},{"floor":23,"key":"Oddly Smooth Stone"},{"floor":26,"key":"Lantern"}],"event_choices":[{"cards_removed":["Strike_R"],"damage_healed":0,"gold_gain":0,"player_choice":"Gave Gold","damage_taken":0,"max_hp_gain":0,"max_hp_loss":0,"event_name":"Beggar","floor":20,"gold_loss":75},{"damage_healed":0,"gold_gain":0,"player_choice":"Simplicity","damage_taken":0,"max_hp_gain":0,"max_hp_loss":0,"event_name":"Back to Basics","floor":22,"gold_loss":0,"cards_upgraded":["Strike_R","Strike_R","Strike_R","Strike_R","Defend_R","Defend_R","Defend_R","Defend_R"]},{"damage_healed":18,"gold_gain":0,"player_choice":"Heal","damage_taken":0,"max_hp_gain":0,"max_hp_loss":0,"event_name":"The Library","floor":28,"gold_loss":0}],"is_beta":false,"boss_relics":[{"not_picked":["Eternal Feather","Busted Crown"],"picked":"Sozu"}],"items_purged_floors":[],"is_endless":false,"potions_floor_spawned":[2,10,14,23,27,29],"killed_by":"Sentry and Sphere","ascension_level":18}