{"gold_per_floor":[112,128,128,0,17,17,47,0,0,34,34,48,67,67,67,67],"floor_reached":16,"playtime":540,"items_purged":["Strike_R"],"score":160,"play_id":"b1242d62-1525-4bb4-83ff-6a87052733cc","local_time":"20190429142318","is_ascension_mode":true,"campfire_choices":[{"data":"Spot Weakness","floor":6,"key":"SMITH"},{"floor":15,"key":"REST"}],"neow_cost":"NONE","seed_source_timestamp":2357716803800,"circlet_count":0,"master_deck":["Strike_R","Strike_R","Defend_R","Defend_R","Defend_R","Defend_R","Bash+1","Intimidate","Spot Weakness+1","Twin Strike","Shrug It Off","Twin Strike","Limit Break","Pommel Strike","Flex"],"relics":["Burning Blood","Juzu Bracelet","Blue Candle","Prayer Wheel","Golden Idol"],"potions_floor_usage":[10,16,16],"damage_taken":[{"damage":9,"enemies":"2 Louse","floor":1,"turns":4},{"damage":1,"enemies":"Cultist","floor":2,"turns":3},{"damage":2,"enemies":"Small Slimes","floor":5,"turns":4},{"damage":18,"enemies":"Gremlin Nob","floor":7,"turns":3},{"damage":20,"enemies":"Lagavulin","floor":10,"turns":3},{"damage":7,"enemies":"3 Louse","floor":12,"turns":2},{"damage":2,"enemies":"2 Fungi Beasts","floor":13,"turns":3},{"damage":64,"enemies":"Slime Boss","floor":16,"turns":7}],"seed_played":"7232739748658490980","potions_obtained":[{"floor":7,"key":"AttackPotion"},{"floor":10,"key":"Energy Potion"},{"floor":13,"key":"Energy Potion"}],"is_trial":false,"path_per_floor":["M","M","?","$","M","R","E","?","T","E","?","M","M","?","R","B"],"character_chosen":"IRONCLAD","items_purchased":["Shrug It Off"],"campfire_rested":1,"item_purchase_floors":[4],"current_hp_per_floor":[69,74,74,74,78,78,66,66,66,52,45,44,48,28,52,0],"gold":67,"neow_bonus":"TRANSFORM_CARD","is_prod":false,"is_daily":false,"chose_seed":false,"campfire_upgraded":1,"win_rate":0,"timestamp":1556562198,"path_taken":["M","M","?","$","M","R","E","?","T","E","?","M","M","?","R","BOSS"],"build_version":"2019-01-23","purchased_purges":1,"victory":false,"max_hp_per_floor":[80,80,80,80,80,80,80,80,80,80,80,80,80,80,80,80],"card_choices":[{"not_picked":["Body Slam","Clash"],"picked":"Spot Weakness","floor":1},{"not_picked":["Rage","Iron Wave"],"picked":"Twin Strike","floor":2},{"not_picked":["Corruption","Carnage"],"picked":"Twin Strike","floor":5},{"not_picked":["Fiend Fire","Thunderclap","Body Slam"],"picked":"SKIP","floor":7},{"not_picked":["Anger","Carnage"],"picked":"Limit Break","floor":10},{"not_picked":["Clothesline","Body Slam"],"picked":"Pommel Strike","floor":12},{"not_picked":["Dropkick","Thunderclap","Feel No Pain"],"picked":"SKIP","floor":12},{"not_picked":["Carnage","Havoc"],"picked":"Flex","floor":13},{"not_picked":["Clash","Body Slam","Clothesline"],"picked":"SKIP","floor":13}],"player_experience":160692,"relics_obtained":[{"floor":7,"key":"Juzu Bracelet"},{"floor":9,"key":"Blue Candle"},{"floor":10,"key":"Prayer Wheel"}],"event_choices":[{"damage_healed":0,"gold_gain":0,"player_choice":"Upgraded","damage_taken":0,"max_hp_gain":0,"max_hp_loss":0,"event_name":"Upgrade Shrine","floor":3,"gold_loss":0,"cards_upgraded":["Bash"]},{"damage_healed":0,"gold_gain":0,"player_choice":"Left Gold","damage_taken":0,"max_hp_gain":0,"max_hp_loss":0,"event_name":"World of Goop","floor":8,"gold_loss":47},{"cards_removed":["Strike_R"],"damage_healed":0,"gold_gain":0,"player_choice":"Card Removal","damage_taken":7,"max_hp_gain":0,"max_hp_loss":0,"event_name":"Golden Wing","floor":11,"gold_loss":0},{"damage_healed":0,"gold_gain":0,"player_choice":"Take Damage","damage_taken":20,"relics_obtained":["Golden Idol"],"max_hp_gain":0,"max_hp_loss":0,"event_name":"Golden Idol","floor":14,"gold_loss":0}],"is_beta":false,"boss_relics":[],"items_purged_floors":[4],"is_endless":false,"potions_floor_spawned":[7,10,13],"killed_by":"Slime Boss","ascension_level":9}