{"gold_per_floor":[112,287,307,132,149,174,174,174,246,246,263,263,276,42,42,144,144,163,163,163,38,50,50,61,79,79,92,92],"floor_reached":28,"playtime":827,"items_purged":["Doubt","Strike_R","Strike_R"],"score":319,"play_id":"5bd91534-46fb-4dd9-b096-e33abc8b863e","local_time":"20190428024230","is_ascension_mode":true,"campfire_choices":[{"data":"Heavy Blade","floor":8,"key":"SMITH"},{"data":"Inflame","floor":12,"key":"SMITH"},{"data":"Flame Barrier","floor":15,"key":"SMITH"},{"data":"Whirlwind","floor":23,"key":"SMITH"}],"neow_cost":"NONE","seed_source_timestamp":6066024054000,"circlet_count":0,"master_deck":["Strike_R","Strike_R","Strike_R","Defend_R","Defend_R","Defend_R","Defend_R","Bash","Panacea","Pommel Strike","Whirlwind+1","Inflame+1","Heavy Blade+1","Inflame+1","Cleave","Battle Trance","Flash of Steel","Flame Barrier+1","Shame"],"relics":["Burning Blood","Shuriken","Mercury Hourglass","Kunai","Cursed Key","NlothsMask"],"potions_floor_usage":[6,16,28],"damage_taken":[{"damage":18,"enemies":"Small Slimes","floor":1,"turns":4},{"damage":7,"enemies":"Jaw Worm","floor":3,"turns":3},{"damage":1,"enemies":"2 Louse","floor":5,"turns":2},{"damage":28,"enemies":"Lagavulin","floor":6,"turns":6},{"damage":0,"enemies":"Exordium Thugs","floor":11,"turns":3},{"damage":13,"enemies":"Blue Slaver","floor":13,"turns":2},{"damage":12,"enemies":"The Guardian","floor":16,"turns":7},{"damage":17,"enemies":"2 Thieves","floor":18,"turns":3},{"damage":0,"enemies":"3 Byrds","floor":22,"turns":2},{"damage":18,"enemies":"Cultist and Chosen","floor":24,"turns":4},{"damage":12,"enemies":"3 Cultists","floor":25,"turns":3},{"damage":0,"enemies":"Snecko","floor":27,"turns":2},{"damage":50,"enemies":"Shelled Parasite and Fungi","floor":28,"turns":3}],"seed_played":"-4851080190355500698","potions_obtained":[{"floor":1,"key":"EssenceOfSteel"},{"floor":6,"key":"PowerPotion"},{"floor":11,"key":"SteroidPotion"},{"floor":18,"key":"SpeedPotion"},{"floor":24,"key":"Regen Potion"},{"floor":25,"key":"Dexterity Potion"}],"is_trial":false,"path_per_floor":["M","?","M","$","M","E","T","R","T","?","M","R","M","$","R","B",null,"M","?","?","$","M","R","M","M","T","M","M"],"character_chosen":"IRONCLAD","items_purchased":["Inflame","Heavy Blade","Flash of Steel","Flame Barrier"],"campfire_rested":0,"item_purchase_floors":[4,4,14,14],"current_hp_per_floor":[60,60,59,59,64,42,42,42,42,42,48,48,41,41,41,35,69,58,43,43,43,49,49,37,31,31,37,0],"gold":92,"neow_bonus":"RANDOM_COLORLESS","is_prod":false,"is_daily":false,"chose_seed":false,"campfire_upgraded":4,"win_rate":0,"timestamp":1556433750,"path_taken":["M","?","M","$","M","E","?","R","T","?","M","R","?","$","R","BOSS","M","?","?","$","M","R","?","M","T","M","M"],"build_version":"2019-01-23","purchased_purges":3,"victory":false,"max_hp_per_floor":[80,80,80,80,80,80,80,80,80,80,80,80,80,80,80,80,80,80,85,85,85,85,85,85,85,85,85,85],"card_choices":[{"not_picked":["Perfected Strike","Thunderclap"],"picked":"Pommel Strike","floor":1},{"not_picked":["Shockwave","Sword Boomerang"],"picked":"Whirlwind","floor":3},{"not_picked":["Whirlwind","Wild Strike"],"picked":"Inflame","floor":5},{"not_picked":["Corruption","Rupture"],"picked":"Cleave","floor":6},{"not_picked":["Anger","Havoc"],"picked":"Battle Trance","floor":11},{"not_picked":["Fire Breathing","Havoc","Reckless Charge"],"picked":"SKIP","floor":13},{"not_picked":["Sever Soul","Iron Wave","Uppercut"],"picked":"SKIP","floor":18},{"not_picked":["Perfected Strike","Metallicize","Sentinel+1"],"picked":"SKIP","floor":22},{"not_picked":["Clash","Headbutt","Fiend Fire"],"picked":"SKIP","floor":24},{"not_picked":["Armaments","Clash","Warcry+1"],"picked":"SKIP","floor":25},{"not_picked":["Iron Wave","Corruption","Sword Boomerang"],"picked":"SKIP","floor":27}],"player_experience":150961,"relics_obtained":[{"floor":6,"key":"Shuriken"},{"floor":7,"key":"Mercury Hourglass"},{"floor":9,"key":"Kunai"}],"event_choices":[{"damage_healed":0,"gold_gain":175,"player_choice":"AGREE","damage_taken":0,"max_hp_gain":0,"max_hp_loss":0,"event_name":"Liars Game","floor":2,"gold_loss":0,"cards_obtained":["Doubt"]},{"damage_healed":0,"gold_gain":0,"player_choice":"Forge","damage_taken":0,"max_hp_gain":0,"max_hp_loss":0,"event_name":"Accursed Blacksmith","floor":10,"gold_loss":0,"cards_upgraded":["Inflame"]},{"damage_healed":0,"gold_gain":0,"player_choice":"Shed Blood","damage_taken":20,"max_hp_gain":5,"max_hp_loss":0,"event_name":"Forgotten Altar","floor":19,"gold_loss":0},{"damage_healed":0,"gold_gain":0,"player_choice":"Trade","damage_taken":0,"relics_obtained":["NlothsMask"],"max_hp_gain":0,"max_hp_loss":0,"event_name":"FaceTrader","floor":20,"gold_loss":0}],"is_beta":false,"boss_relics":[{"not_picked":["Empty Cage","Pandora\u0027s Box"],"picked":"Cursed Key"}],"items_purged_floors":[4,14,21],"is_endless":false,"potions_floor_spawned":[1,6,11,18,24,25],"killed_by":"Shelled Parasite and Fungi","ascension_level":9}