{"gold_per_floor":[110,110,120,134,147,147,164,164,164,89,114,134,164,181,181,281,281,294,313,329,329,345,345,245,245],"floor_reached":25,"playtime":1625,"items_purged":["Strike_B","Strike_B"],"score":260,"play_id":"950d70b0-07cd-4ebd-b489-1876cab2e29e","local_time":"20190722184638","is_ascension_mode":true,"campfire_choices":[{"data":"Defragment","floor":6,"key":"SMITH"},{"data":"Zap","floor":8,"key":"SMITH"},{"data":"Dualcast","floor":15,"key":"SMITH"},{"floor":23,"key":"REST"}],"neow_cost":"NONE","seed_source_timestamp":1039376923075295,"circlet_count":0,"master_deck":["Defend_B","Defend_B","Defend_B","Zap+1","Dualcast+1","Defragment+1","Hologram","Ball Lightning","Biased Cognition","Glacier","Conserve Battery","Blizzard","Seek","Self Repair+1","Genetic Algorithm"],"relics":["Cracked Core","PreservedInsect","Matryoshka","Empty Cage"],"potions_floor_usage":[19,19,25,25],"damage_taken":[{"damage":2,"enemies":"Jaw Worm","floor":1,"turns":3},{"damage":0,"enemies":"Cultist","floor":3,"turns":3},{"damage":5,"enemies":"2 Louse","floor":4,"turns":2},{"damage":5,"enemies":"Large Slime","floor":5,"turns":5},{"damage":1,"enemies":"Looter","floor":7,"turns":4},{"damage":9,"enemies":"Gremlin Nob","floor":11,"turns":3},{"damage":0,"enemies":"Exordium Wildlife","floor":12,"turns":5},{"damage":2,"enemies":"Lagavulin","floor":13,"turns":6},{"damage":0,"enemies":"3 Louse","floor":14,"turns":4},{"damage":3,"enemies":"The Guardian","floor":16,"turns":12},{"damage":2,"enemies":"Spheric Guardian","floor":18,"turns":4},{"damage":13,"enemies":"2 Thieves","floor":19,"turns":5},{"damage":20,"enemies":"Chosen and Byrds","floor":20,"turns":6},{"damage":37,"enemies":"Centurion and Healer","floor":22,"turns":7},{"damage":76,"enemies":"Slavers","floor":25,"turns":8}],"seed_played":"-9021861425895399250","potions_obtained":[{"floor":3,"key":"Fire Potion"},{"floor":4,"key":"SteroidPotion"},{"floor":12,"key":"Block Potion"},{"floor":16,"key":"Fruit Juice"},{"floor":22,"key":"SkillPotion"}],"is_trial":false,"path_per_floor":["M","?","M","M","M","R","M","R","T","$","E","M","E","M","R","B",null,"M","M","M","?","M","R","$","E"],"character_chosen":"DEFECT","items_purchased":[],"campfire_rested":1,"item_purchase_floors":[],"current_hp_per_floor":[80,80,80,75,70,70,69,69,69,69,60,60,58,58,58,55,82,80,82,72,72,45,71,71,0],"gold":245,"neow_bonus":"TEN_PERCENT_HP_BONUS","is_prod":false,"is_daily":false,"chose_seed":false,"campfire_upgraded":3,"win_rate":0,"timestamp":1563846398,"path_taken":["M","?","M","M","?","R","M","R","T","$","E","M","E","M","R","BOSS","M","?","M","?","M","R","$","E"],"build_version":"2019-07-17","purchased_purges":2,"victory":false,"max_hp_per_floor":[82,82,82,82,82,82,82,82,82,82,82,82,82,82,82,82,82,82,87,87,87,87,87,87,87],"card_choices":[{"not_picked":["Barrage","Sweeping Beam"],"picked":"Defragment","floor":1},{"not_picked":["Stack","Lockon"],"picked":"Ball Lightning","floor":3},{"not_picked":["Fusion","Melter"],"picked":"Biased Cognition","floor":4},{"not_picked":["Double Energy","Reinforced Body"],"picked":"Glacier","floor":5},{"not_picked":["Go for the Eyes","Tempest","Lockon"],"picked":"SKIP","floor":7},{"not_picked":["Ball Lightning","Streamline"],"picked":"Conserve Battery","floor":11},{"not_picked":["Beam Cell","Chaos","Streamline"],"picked":"SKIP","floor":12},{"not_picked":["Scrape","Compile Driver"],"picked":"Blizzard","floor":13},{"not_picked":["Barrage","Leap","Cold Snap"],"picked":"SKIP","floor":14},{"not_picked":["Multi-Cast","Reboot"],"picked":"Seek","floor":16},{"not_picked":["Loop","Go for the Eyes"],"picked":"Self Repair+1","floor":18},{"not_picked":["Barrage","Ball Lightning","Steam+1"],"picked":"SKIP","floor":19},{"not_picked":["Gash+1","Double Energy","Storm"],"picked":"SKIP","floor":20},{"not_picked":["Chaos","Stack"],"picked":"Genetic Algorithm","floor":22}],"player_experience":184915,"relics_obtained":[{"floor":11,"key":"PreservedInsect"},{"floor":13,"key":"Matryoshka"}],"event_choices":[{"damage_healed":0,"gold_gain":0,"cards_transformed":["Strike_B"],"player_choice":"Transformed","damage_taken":0,"max_hp_gain":0,"max_hp_loss":0,"event_name":"Transmorgrifier","floor":2,"gold_loss":0,"cards_obtained":["Hologram"]},{"damage_healed":0,"gold_gain":0,"player_choice":"Ignored","damage_taken":0,"max_hp_gain":0,"max_hp_loss":0,"event_name":"The Mausoleum","floor":21,"gold_loss":0}],"is_beta":false,"boss_relics":[{"not_picked":["Sozu","Snecko Eye"],"picked":"Empty Cage"}],"items_purged_floors":[10,24],"is_endless":false,"potions_floor_spawned":[3,4,12,13,14,16,22],"killed_by":"Slavers","ascension_level":4}