{"gold_per_floor":[209,224,238,248,262,262,281,281,305,338,63,63,63,63,63,63],"floor_reached":16,"playtime":617,"items_purged":[],"score":161,"play_id":"869b39da-d023-424c-9f3f-643de4c5b520","local_time":"20190510000703","is_ascension_mode":true,"campfire_choices":[{"data":"Immolate","floor":6,"key":"SMITH"},{"data":"True Grit","floor":8,"key":"SMITH"},{"floor":15,"key":"REST"}],"neow_cost":"NONE","seed_source_timestamp":10974866582800,"circlet_count":0,"master_deck":["AscendersBane","Strike_R","Strike_R","Strike_R","Strike_R","Defend_R","Defend_R","Defend_R","Defend_R","Bash","Clothesline","Pommel Strike","Cleave","Immolate+1","True Grit+1","Shrug It Off","Whirlwind"],"relics":["Burning Blood","Strawberry","Peace Pipe","Chemical X","Art of War"],"potions_floor_usage":[10,13,16],"damage_taken":[{"damage":0,"enemies":"Small Slimes","floor":1,"turns":3},{"damage":2,"enemies":"2 Louse","floor":2,"turns":3},{"damage":14,"enemies":"Jaw Worm","floor":3,"turns":4},{"damage":8,"enemies":"2 Fungi Beasts","floor":4,"turns":3},{"damage":11,"enemies":"Looter","floor":5,"turns":3},{"damage":21,"enemies":"Blue Slaver","floor":7,"turns":3},{"damage":10,"enemies":"3 Sentries","floor":10,"turns":4},{"damage":0,"enemies":"Exordium Thugs","floor":13,"turns":1},{"damage":64,"enemies":"Hexaghost","floor":16,"turns":10}],"seed_played":"5182541119739433364","potions_obtained":[{"floor":1,"key":"SmokeBomb"},{"floor":4,"key":"SkillPotion"},{"floor":10,"key":"GamblersBrew"}],"is_trial":false,"path_per_floor":["M","M","M","M","M","R","M","R","T","E","$","?","M","?","R","B"],"character_chosen":"IRONCLAD","items_purchased":["Whirlwind","Chemical X"],"campfire_rested":1,"item_purchase_floors":[11,11],"current_hp_per_floor":[78,80,72,70,65,65,50,50,57,53,53,46,52,34,60,0],"gold":63,"neow_bonus":"HUNDRED_GOLD","is_prod":false,"is_daily":false,"chose_seed":false,"campfire_upgraded":2,"win_rate":0,"timestamp":1557461223,"path_taken":["M","M","M","M","M","R","M","R","T","E","$","?","M","?","R","BOSS"],"build_version":"2019-01-23","purchased_purges":0,"victory":false,"max_hp_per_floor":[80,80,80,80,80,80,80,80,87,87,87,87,87,87,87,87],"card_choices":[{"not_picked":["Sword Boomerang","Clash"],"picked":"Clothesline","floor":1},{"not_picked":["Intimidate","Cleave"],"picked":"Pommel Strike","floor":2},{"not_picked":["Warcry","Twin Strike"],"picked":"Cleave","floor":3},{"not_picked":["Havoc","Wild Strike","Bloodletting"],"picked":"SKIP","floor":4},{"not_picked":["Sentinel","Metallicize"],"picked":"Immolate","floor":5},{"not_picked":["Sword Boomerang","Iron Wave"],"picked":"True Grit","floor":7},{"not_picked":["Disarm","Havoc"],"picked":"Shrug It Off","floor":10}],"player_experience":230302,"relics_obtained":[{"floor":9,"key":"Strawberry"},{"floor":10,"key":"Peace Pipe"}],"event_choices":[{"cards_removed":["Strike_R"],"damage_healed":0,"gold_gain":0,"player_choice":"Card Removal","damage_taken":7,"max_hp_gain":0,"max_hp_loss":0,"event_name":"Golden Wing","floor":12,"gold_loss":0},{"damage_healed":0,"gold_gain":0,"player_choice":"Success","damage_taken":18,"relics_obtained":["Art of War"],"max_hp_gain":0,"max_hp_loss":0,"event_name":"Scrap Ooze","floor":14,"gold_loss":0}],"is_beta":false,"boss_relics":[],"items_purged_floors":[],"is_endless":false,"potions_floor_spawned":[1,4,5,10],"killed_by":"Hexaghost","ascension_level":11}