{"gold_per_floor":[119,119,132,132,144,144,172,186,210,222,222,232,232,266,266,266],"floor_reached":16,"playtime":457,"items_purged":[],"score":190,"play_id":"84710bd8-eb37-44e1-8568-555bcc31f6d6","local_time":"20190605165511","is_ascension_mode":true,"campfire_choices":[{"data":"Bash","floor":6,"key":"SMITH"},{"data":"Inflame","floor":13,"key":"SMITH"},{"data":"Rampage","floor":15,"key":"SMITH"}],"neow_cost":"NONE","seed_source_timestamp":166223184400,"circlet_count":0,"master_deck":["AscendersBane","Strike_R","Strike_R","Strike_R","Strike_R","Strike_R","Defend_R","Defend_R","Defend_R","Defend_R","Bash+1","Pommel Strike","Cleave","Armaments","Inflame+1","Rampage+1"],"relics":["Burning Blood","Orichalcum","Omamori","Pen Nib","Oddly Smooth Stone","Red Skull","Juzu Bracelet"],"potions_floor_usage":[7,14,16],"damage_taken":[{"damage":5,"enemies":"Cultist","floor":1,"turns":4},{"damage":0,"enemies":"2 Louse","floor":3,"turns":4},{"damage":6,"enemies":"Jaw Worm","floor":5,"turns":2},{"damage":24,"enemies":"Lagavulin","floor":7,"turns":6},{"damage":5,"enemies":"Looter","floor":8,"turns":3},{"damage":9,"enemies":"2 Fungi Beasts","floor":10,"turns":3},{"damage":10,"enemies":"Exordium Thugs","floor":12,"turns":5},{"damage":4,"enemies":"3 Sentries","floor":14,"turns":6},{"damage":41,"enemies":"The Guardian","floor":16,"turns":6}],"seed_played":"7109695869825371480","potions_obtained":[{"floor":3,"key":"Energy Potion"},{"floor":7,"key":"SteroidPotion"},{"floor":8,"key":"AttackPotion"},{"floor":14,"key":"Dexterity Potion"}],"is_trial":false,"path_per_floor":["M","?","M","?","M","R","E","M","T","M","?","M","R","E","R","B"],"character_chosen":"IRONCLAD","items_purchased":[],"campfire_rested":0,"item_purchase_floors":[],"current_hp_per_floor":[69,69,75,63,63,63,45,46,46,43,43,39,39,41,41,0],"gold":266,"neow_bonus":"RANDOM_COMMON_RELIC","is_prod":false,"is_daily":false,"chose_seed":false,"campfire_upgraded":3,"win_rate":0,"timestamp":1559768111,"path_taken":["M","?","?","?","M","R","E","M","T","M","?","M","R","E","R","BOSS"],"build_version":"2019-01-23","purchased_purges":0,"victory":false,"max_hp_per_floor":[75,75,75,75,75,75,75,75,75,75,75,75,75,75,75,75],"card_choices":[{"not_picked":["Intimidate","Wild Strike"],"picked":"True Grit","floor":1},{"not_picked":["True Grit","Battle Trance"],"picked":"Pommel Strike","floor":3},{"not_picked":["Dropkick","Headbutt"],"picked":"Cleave","floor":5},{"not_picked":["Burning Pact","Clothesline"],"picked":"Armaments","floor":7},{"not_picked":["Havoc","Intimidate","Armaments"],"picked":"SKIP","floor":8},{"not_picked":["Dropkick","Bloodletting","Wild Strike"],"picked":"SKIP","floor":10},{"not_picked":["Armaments","Disarm"],"picked":"Inflame","floor":12},{"not_picked":["Ghostly Armor","Sword Boomerang"],"picked":"Rampage","floor":14}],"player_experience":376374,"relics_obtained":[{"floor":7,"key":"Oddly Smooth Stone"},{"floor":9,"key":"Red Skull"},{"floor":14,"key":"Juzu Bracelet"}],"event_choices":[{"cards_removed":["True Grit"],"damage_healed":0,"gold_gain":0,"player_choice":"Gave Card","damage_taken":0,"relics_obtained":["Omamori"],"max_hp_gain":0,"max_hp_loss":0,"event_name":"WeMeetAgain","floor":2,"gold_loss":0},{"damage_healed":0,"gold_gain":0,"player_choice":"Success","damage_taken":12,"relics_obtained":["Pen Nib"],"max_hp_gain":0,"max_hp_loss":0,"event_name":"Scrap Ooze","floor":4,"gold_loss":0},{"damage_healed":0,"gold_gain":0,"player_choice":"Ignored","damage_taken":0,"max_hp_gain":0,"max_hp_loss":0,"event_name":"Liars Game","floor":11,"gold_loss":0}],"is_beta":false,"boss_relics":[],"items_purged_floors":[],"is_endless":false,"potions_floor_spawned":[3,7,8,10,14],"killed_by":"The Guardian","ascension_level":14}