{"gold_per_floor":[109,122,47,122,135,135,135,135,135,83,99,99,99,119,119,119],"floor_reached":16,"playtime":408,"items_purged":["Strike_R"],"score":171,"play_id":"795f73d0-ba70-43ce-a888-9d9b1a9c761c","local_time":"20190727145629","is_ascension_mode":true,"campfire_choices":[{"data":"Flame Barrier","floor":6,"key":"SMITH"},{"data":"Bash","floor":8,"key":"SMITH"},{"data":"Clothesline","floor":13,"key":"SMITH"},{"data":"Rage","floor":15,"key":"SMITH"}],"neow_cost":"NONE","seed_source_timestamp":1179468981500,"circlet_count":0,"master_deck":["AscendersBane","Strike_R","Strike_R","Strike_R","Strike_R","Defend_R","Defend_R","Defend_R","Defend_R","Bash+1","Flame Barrier+1","Heavy Blade","Thunderclap","Cleave","Armaments+1","Clothesline+1","Rage+1"],"relics":["Burning Blood","Singing Bowl","Pantograph"],"potions_floor_usage":[],"damage_taken":[{"damage":4,"enemies":"Small Slimes","floor":1,"turns":6},{"damage":2,"enemies":"Jaw Worm","floor":2,"turns":5},{"damage":6,"enemies":"2 Louse","floor":5,"turns":3},{"damage":2,"enemies":"Looter","floor":11,"turns":5},{"damage":2,"enemies":"Large Slime","floor":14,"turns":6},{"damage":100,"enemies":"Slime Boss","floor":16,"turns":14}],"seed_played":"7396428963207736450","potions_obtained":[{"floor":1,"key":"FairyPotion"},{"floor":5,"key":"Ancient Potion"}],"is_trial":false,"path_per_floor":["M","M","$","?","M","R","?","R","T","$","M","?","R","M","R","B"],"character_chosen":"IRONCLAD","items_purchased":["Armaments"],"campfire_rested":0,"item_purchase_floors":[10],"current_hp_per_floor":[70,74,74,63,63,63,58,58,58,58,62,62,62,66,66,0],"gold":119,"neow_bonus":"THREE_CARDS","is_prod":false,"is_daily":false,"chose_seed":false,"campfire_upgraded":4,"win_rate":0,"timestamp":1564253789,"path_taken":["M","M","$","?","M","R","?","R","T","$","M","?","R","M","R","BOSS"],"build_version":"2019-07-17","purchased_purges":1,"victory":false,"max_hp_per_floor":[75,75,75,75,75,75,75,75,75,75,75,75,75,75,75,75],"card_choices":[{"not_picked":["Flex","Evolve"],"picked":"Flame Barrier","floor":0},{"not_picked":["Shockwave","Perfected Strike"],"picked":"Heavy Blade","floor":1},{"not_picked":["Warcry","Flex"],"picked":"Thunderclap","floor":2},{"not_picked":["Shrug It Off","Infernal Blade"],"picked":"Cleave","floor":5},{"not_picked":["Cleave","Body Slam"],"picked":"Clothesline","floor":11},{"not_picked":["Burning Pact","Heavy Blade"],"picked":"Rage","floor":14}],"player_experience":443840,"relics_obtained":[{"floor":9,"key":"Pantograph"}],"event_choices":[{"damage_healed":0,"gold_gain":75,"player_choice":"Gather Gold","damage_taken":11,"max_hp_gain":0,"max_hp_loss":0,"event_name":"World of Goop","floor":4,"gold_loss":0},{"damage_healed":0,"gold_gain":0,"player_choice":"Success","damage_taken":5,"relics_obtained":["Singing Bowl"],"max_hp_gain":0,"max_hp_loss":0,"event_name":"Scrap Ooze","floor":7,"gold_loss":0},{"damage_healed":0,"gold_gain":0,"player_choice":"Grow","damage_taken":0,"max_hp_gain":0,"max_hp_loss":0,"event_name":"Living Wall","floor":12,"gold_loss":0,"cards_upgraded":["Armaments"]}],"is_beta":false,"boss_relics":[],"items_purged_floors":[3],"is_endless":false,"potions_floor_spawned":[1,5],"killed_by":"Slime Boss","ascension_level":18}