{"gold_per_floor":[113,124,73,73,88,88,113,113,113,113,46,62,75,1,1,97,97,117,19,32,32,49,49,67,67,93,113,113,113,113,13,13,13],"floor_reached":33,"playtime":1335,"items_purged":["Defend_R","Writhe"],"score":380,"play_id":"5e05f443-914b-4206-bf07-dbe7a944caa4","local_time":"20190515212032","is_ascension_mode":true,"campfire_choices":[{"data":"Bash","floor":6,"key":"SMITH"},{"data":"Flame Barrier","floor":10,"key":"SMITH"},{"floor":15,"key":"REST"},{"floor":23,"key":"REST"},{"floor":25,"key":"REST"},{"floor":32,"key":"REST"}],"neow_cost":"PERCENT_DAMAGE","seed_source_timestamp":15228530796800,"circlet_count":0,"master_deck":["AscendersBane","Strike_R","Strike_R","Strike_R","Strike_R","Strike_R","Defend_R","Defend_R","Defend_R+1","Bash+1","Perfected Strike+1","Rampage+1","Pommel Strike","Flame Barrier+1","Metallicize","Pommel Strike+1","Shrug It Off+1","Shrug It Off+1","Ghostly Armor","Perfected Strike+1","Metallicize"],"relics":["Burning Blood","WingedGreaves","Bottled Flame","PreservedInsect","Pear","Molten Egg 2","Fusion Hammer","War Paint","Shuriken"],"potions_floor_usage":[16,27,33,33],"damage_taken":[{"damage":3,"enemies":"2 Louse","floor":1,"turns":3},{"damage":18,"enemies":"Jaw Worm","floor":2,"turns":4},{"damage":2,"enemies":"Small Slimes","floor":5,"turns":3},{"damage":16,"enemies":"Gremlin Nob","floor":7,"turns":3},{"damage":15,"enemies":"Gremlin Gang","floor":12,"turns":5},{"damage":11,"enemies":"Blue Slaver","floor":13,"turns":4},{"damage":59,"enemies":"Hexaghost","floor":16,"turns":11},{"damage":23,"enemies":"Shell Parasite","floor":18,"turns":7},{"damage":4,"enemies":"Chosen","floor":20,"turns":3},{"damage":18,"enemies":"Snake Plant","floor":22,"turns":3},{"damage":33,"enemies":"Shelled Parasite and Fungi","floor":24,"turns":7},{"damage":19,"enemies":"Sentry and Sphere","floor":27,"turns":8},{"damage":97,"enemies":"Collector","floor":33,"turns":11}],"seed_played":"-6209845457885787437","potions_obtained":[{"floor":1,"key":"SpeedPotion"},{"floor":7,"key":"Regen Potion"},{"floor":18,"key":"Regen Potion"},{"floor":27,"key":"Weak Potion"}],"is_trial":false,"path_per_floor":["M","M","$","?","M","R","E","?","T","R","?","M","M","$","R","B",null,"M","$","M","?","M","R","M","R","T","M","?","$","?","$","R","B"],"character_chosen":"IRONCLAD","items_purchased":["Pommel Strike","Metallicize","Shrug It Off"],"campfire_rested":4,"item_purchase_floors":[3,14,19],"current_hp_per_floor":[54,42,42,42,46,46,36,29,39,39,39,30,25,25,52,14,71,54,54,56,56,44,71,44,71,71,73,73,73,73,73,90,0],"gold":13,"neow_bonus":"ONE_RARE_RELIC","is_prod":false,"is_daily":false,"chose_seed":false,"campfire_upgraded":2,"win_rate":0,"timestamp":1557969632,"path_taken":["M","M","$","?","M","R","E","?","T","R","?","M","?","$","R","BOSS","M","$","M","?","?","R","M","R","T","M","?","?","?","$","R","BOSS"],"build_version":"2019-01-23","purchased_purges":2,"victory":false,"max_hp_per_floor":[80,80,80,80,80,80,80,80,90,90,90,90,90,90,90,90,90,90,90,90,90,90,90,90,90,90,90,90,90,90,90,90,90],"card_choices":[{"not_picked":["Corruption","Clothesline"],"picked":"Perfected Strike","floor":1},{"not_picked":["Havoc","Thunderclap"],"picked":"Rampage","floor":2},{"not_picked":["Sentinel","Sword Boomerang","Infernal Blade"],"picked":"SKIP","floor":5},{"not_picked":["Exhume","Rage"],"picked":"Flame Barrier","floor":7},{"not_picked":["Armaments","Wild Strike+1","Combust"],"picked":"SKIP","floor":12},{"not_picked":["Clash+1","Thunderclap+1","Entrench"],"picked":"SKIP","floor":13},{"not_picked":["Carnage+1","Inflame"],"picked":"Pommel Strike+1","floor":18},{"not_picked":["Thunderclap+1","Armaments"],"picked":"Shrug It Off+1","floor":20},{"not_picked":["Spot Weakness","Clash+1","Body Slam+1"],"picked":"SKIP","floor":22},{"not_picked":["Hemokinesis+1","Cleave+1"],"picked":"Ghostly Armor","floor":24},{"not_picked":["Anger+1","Shockwave"],"picked":"Perfected Strike+1","floor":27}],"player_experience":284813,"relics_obtained":[{"floor":7,"key":"Bottled Flame"},{"floor":9,"key":"Pear"},{"floor":26,"key":"War Paint"}],"event_choices":[{"damage_healed":0,"gold_gain":0,"player_choice":"Grow","damage_taken":0,"max_hp_gain":0,"max_hp_loss":0,"event_name":"Living Wall","floor":4,"gold_loss":0,"cards_upgraded":["Perfected Strike"]},{"damage_healed":0,"gold_gain":0,"player_choice":"Success","damage_taken":7,"relics_obtained":["PreservedInsect"],"max_hp_gain":0,"max_hp_loss":0,"event_name":"Scrap Ooze","floor":8,"gold_loss":0},{"damage_healed":0,"gold_gain":0,"player_choice":"Paid Gold","damage_taken":0,"relics_obtained":["Molten Egg 2"],"max_hp_gain":0,"max_hp_loss":0,"event_name":"WeMeetAgain","floor":11,"gold_loss":67},{"damage_healed":0,"gold_gain":0,"player_choice":"Upgraded","damage_taken":0,"max_hp_gain":0,"max_hp_loss":0,"event_name":"Upgrade Shrine","floor":21,"gold_loss":0,"cards_upgraded":["Rampage"]},{"damage_healed":0,"gold_gain":0,"player_choice":"Copied","damage_taken":0,"max_hp_gain":0,"max_hp_loss":0,"event_name":"Duplicator","floor":28,"gold_loss":0,"cards_obtained":["Metallicize"]},{"damage_healed":0,"gold_gain":0,"player_choice":"Opened","damage_taken":0,"relics_obtained":["Shuriken"],"max_hp_gain":0,"max_hp_loss":0,"event_name":"The Mausoleum","floor":30,"gold_loss":0,"cards_obtained":["Writhe"]}],"is_beta":false,"boss_relics":[{"not_picked":["Pandora\u0027s Box","Tiny House"],"picked":"Fusion Hammer"}],"items_purged_floors":[19,31],"is_endless":false,"potions_floor_spawned":[1,7,13,18,24,27],"killed_by":"Collector","ascension_level":11}