{"gold_per_floor":[119,119,136,148,159,159,178,212,284,284,295,112,112,122,122,195,195,212,222,222,235,235,235,263,63,90,117,117,17,17,36,36,108,108,119,130,51,51,62,62,62],"floor_reached":41,"playtime":1082,"items_purged":["Strike_R"],"score":736,"play_id":"125822d0-765c-40b1-8c21-3ac66cdf9246","local_time":"20190602124730","is_ascension_mode":true,"campfire_choices":[{"data":"Bash","floor":6,"key":"SMITH"},{"data":"True Grit","floor":10,"key":"SMITH"},{"data":"Flame Barrier","floor":13,"key":"SMITH"},{"floor":15,"key":"REST"},{"data":"Immolate","floor":23,"key":"SMITH"},{"data":"Whirlwind","floor":28,"key":"SMITH"},{"data":"Armaments","floor":30,"key":"SMITH"},{"data":"Limit Break","floor":32,"key":"SMITH"},{"floor":40,"key":"REST"}],"neow_cost":"NONE","seed_source_timestamp":825555230900,"circlet_count":0,"master_deck":["AscendersBane","Bash+1","Limit Break+1","Flex","True Grit+1","Twin Strike","Cleave","Pommel Strike","Flame Barrier+1","Inflame","Pummel","Whirlwind+1","Immolate+1","Disarm","Twin Strike","Heavy Blade","Iron Wave","True Grit","Shrug It Off","Armaments+1","Double Tap","Corruption","Twin Strike","Berserk","Dark Embrace","Metallicize","Bloodletting","Body Slam","Dark Embrace","Power Through","Headbutt+1","Metallicize","Flame Barrier+1"],"relics":["Burning Blood","Red Skull","Bottled Flame","Mark of Pain","Gambling Chip","Lee\u0027s Waffle","PreservedInsect","Potion Belt","Pandora\u0027s Box"],"potions_floor_usage":[5,16,21,24,24,24,27,33],"damage_taken":[{"damage":6,"enemies":"Cultist","floor":1,"turns":4},{"damage":3,"enemies":"2 Louse","floor":3,"turns":3},{"damage":8,"enemies":"Jaw Worm","floor":4,"turns":5},{"damage":0,"enemies":"Gremlin Gang","floor":5,"turns":1},{"damage":11,"enemies":"Looter","floor":7,"turns":2},{"damage":54,"enemies":"Lagavulin","floor":8,"turns":7},{"damage":1,"enemies":"3 Louse","floor":11,"turns":2},{"damage":4,"enemies":"Exordium Thugs","floor":14,"turns":3},{"damage":51,"enemies":"Slime Boss","floor":16,"turns":8},{"damage":0,"enemies":"3 Byrds","floor":18,"turns":3},{"damage":12,"enemies":"Chosen","floor":19,"turns":4},{"damage":18,"enemies":"3 Cultists","floor":21,"turns":4},{"damage":38,"enemies":"Gremlin Leader","floor":24,"turns":5},{"damage":34,"enemies":"Book of Stabbing","floor":27,"turns":4},{"damage":14,"enemies":"Centurion and Healer","floor":31,"turns":2},{"damage":40,"enemies":"Champ","floor":33,"turns":9},{"damage":22,"enemies":"3 Darklings","floor":35,"turns":2},{"damage":12,"enemies":"Orb Walker","floor":36,"turns":4},{"damage":39,"enemies":"Transient","floor":39,"turns":5},{"damage":34,"enemies":"Sphere and 2 Shapes","floor":41,"turns":3}],"seed_played":"4666894342646919457","potions_obtained":[{"floor":3,"key":"AttackPotion"},{"floor":5,"key":"BloodPotion"},{"floor":18,"key":"AttackPotion"},{"floor":21,"key":"EntropicBrew"},{"floor":24,"key":"Strength Potion"},{"floor":31,"key":"Strength Potion"},{"floor":35,"key":"FearPotion"}],"is_trial":false,"path_per_floor":["M","?","M","M","M","R","M","E","T","R","M","$","R","M","R","B",null,"M","M","?","M","?","R","E","$","T","E","R","$","R","M","R","B",null,"M","M","$","?","M","R","M"],"character_chosen":"IRONCLAD","items_purchased":["Inflame","Pummel","Lee\u0027s Waffle","Shrug It Off","Armaments","Metallicize"],"campfire_rested":2,"item_purchase_floors":[12,12,25,29,29,37],"current_hp_per_floor":[68,75,75,73,75,75,70,22,22,22,27,27,27,29,51,13,60,66,60,60,48,48,48,25,82,82,54,54,54,54,46,46,12,65,49,43,43,43,10,34,0],"gold":62,"neow_bonus":"ONE_RANDOM_RARE_CARD","is_prod":false,"is_daily":false,"chose_seed":false,"campfire_upgraded":7,"win_rate":0,"timestamp":1559494050,"path_taken":["M","?","M","M","M","R","M","E","T","R","M","$","R","?","R","BOSS","M","M","?","M","?","R","E","$","T","E","R","$","R","M","R","BOSS","M","M","$","?","M","R","M"],"build_version":"2019-01-23","purchased_purges":1,"victory":false,"max_hp_per_floor":[75,75,75,75,75,75,75,75,75,75,75,75,75,75,75,75,75,75,75,75,75,75,75,75,82,82,82,82,82,82,82,82,82,82,82,82,82,82,82,82,82],"card_choices":[{"not_picked":["Thunderclap","Power Through"],"picked":"Flex","floor":1},{"not_picked":["Body Slam","Second Wind","Reckless Charge"],"picked":"SKIP","floor":3},{"not_picked":["Body Slam","Thunderclap"],"picked":"True Grit","floor":4},{"not_picked":["Battle Trance","Disarm"],"picked":"Twin Strike","floor":5},{"not_picked":["Seeing Red","Fire Breathing"],"picked":"Cleave","floor":7},{"not_picked":["Cleave","Fiend Fire"],"picked":"Pommel Strike","floor":8},{"not_picked":["Pommel Strike","True Grit"],"picked":"Flame Barrier","floor":11},{"not_picked":["Shockwave","Sentinel"],"picked":"Whirlwind","floor":14},{"not_picked":["Dark Embrace","Juggernaut"],"picked":"Immolate","floor":16},{"not_picked":["Pummel","Seeing Red"],"picked":"Disarm","floor":18},{"not_picked":["Clothesline","Pommel Strike"],"picked":"Twin Strike","floor":19},{"not_picked":["True Grit","Corruption"],"picked":"Iron Wave","floor":21},{"not_picked":["Dual Wield+1","Warcry+1"],"picked":"True Grit","floor":24},{"not_picked":["Searing Blow","True Grit","Dual Wield+1"],"picked":"SKIP","floor":27},{"not_picked":["Rupture","Dropkick","Armaments"],"picked":"SKIP","floor":31},{"not_picked":["Immolate","Juggernaut"],"picked":"Double Tap","floor":33},{"not_picked":["Rampage","Warcry"],"picked":"Power Through","floor":35},{"not_picked":["Warcry","Combust+1"],"picked":"Headbutt+1","floor":36},{"not_picked":["Anger","Perfected Strike+1","Dual Wield"],"picked":"SKIP","floor":39}],"player_experience":375292,"relics_obtained":[{"floor":8,"key":"Red Skull"},{"floor":9,"key":"Bottled Flame"},{"floor":24,"key":"Gambling Chip"},{"floor":26,"key":"PreservedInsect"},{"floor":27,"key":"Potion Belt"}],"event_choices":[{"damage_healed":7,"gold_gain":0,"player_choice":"Full Heal","damage_taken":0,"max_hp_gain":0,"max_hp_loss":0,"event_name":"Wheel of Change","floor":2,"gold_loss":0},{"damage_healed":0,"gold_gain":0,"player_choice":"Read","damage_taken":0,"max_hp_gain":0,"max_hp_loss":0,"event_name":"The Library","floor":20,"gold_loss":0,"cards_obtained":["Heavy Blade"]},{"damage_healed":0,"gold_gain":0,"player_choice":"Ignored","damage_taken":0,"max_hp_gain":0,"max_hp_loss":0,"event_name":"Vampires","floor":22,"gold_loss":0},{"damage_healed":0,"gold_gain":0,"player_choice":"Copied","damage_taken":0,"max_hp_gain":0,"max_hp_loss":0,"event_name":"Duplicator","floor":38,"gold_loss":0,"cards_obtained":["Flame Barrier"]}],"is_beta":false,"boss_relics":[{"not_picked":["Empty Cage","Philosopher\u0027s Stone"],"picked":"Mark of Pain"},{"not_picked":["Velvet Choker","Runic Dome"],"picked":"Pandora\u0027s Box"}],"items_purged_floors":[12],"is_endless":false,"potions_floor_spawned":[3,5,18,21,24,31,35],"killed_by":"Sphere and 2 Shapes","ascension_level":14}