{"gold_per_floor":[210,226,226,243,10,10,42,55,55,80,80,90,7,34,34,106,106,123,173,192,26,37,71,71,97,97,197,197,215,235,263,263,339,339,355,355,355,372,391,391,411,437,437,54,54,72,72,98,98,98,98],"floor_reached":52,"playtime":4771,"items_purged":["Strike_G","Strike_G"],"score":2155,"play_id":"d3a93612-b7ce-461f-b084-a093be623f2c","local_time":"20190901234857","is_ascension_mode":true,"campfire_choices":[{"data":"Neutralize","floor":6.0,"key":"SMITH"},{"data":"Noxious Fumes","floor":11.0,"key":"SMITH"},{"data":"Adrenaline","floor":15.0,"key":"SMITH"},{"data":"Wraith Form v2","floor":24.0,"key":"SMITH"},{"floor":28.0,"key":"REST"},{"data":"Burst","floor":32.0,"key":"SMITH"},{"floor":40.0,"key":"REST"},{"data":"Crippling Poison","floor":45.0,"key":"SMITH"},{"data":"Corpse Explosion","floor":47.0,"key":"SMITH"},{"data":"Backflip","floor":49.0,"key":"SMITH"}],"neow_cost":"NONE","seed_source_timestamp":0,"circlet_count":0,"master_deck":["AscendersBane","Strike_G","Strike_G","Strike_G","Defend_G","Defend_G","Defend_G","Defend_G","Defend_G","Survivor","Neutralize+1","Sucker Punch","Noxious Fumes+1","Deadly Poison","Flying Knee","Dagger Spray","Adrenaline+1","Crippling Poison+1","Corpse Explosion+1","Wraith Form v2+1","Backflip+1","Burst+1","Backflip+1","Catalyst+1","Deadly Poison+1","PiercingWail+1","Adrenaline+1"],"special_seed":0,"relics":["Ring of the Snake","Lantern","PreservedInsect","Vajra","Pantograph","Pear","Busted Crown","Gremlin Horn","Happy Flower","Regal Pillow","Mango","Toxic Egg 2","Orichalcum","Orrery","Snake Skull","Molten Egg 2","Bottled Tornado","Bottled Lightning"],"potions_floor_usage":[51],"damage_taken":[{"damage":4.0,"enemies":"Jaw Worm","floor":1.0,"turns":4.0},{"damage":1.0,"enemies":"Cultist","floor":2.0,"turns":4.0},{"damage":0.0,"enemies":"Small Slimes","floor":4.0,"turns":5.0},{"damage":16.0,"enemies":"3 Sentries","floor":7.0,"turns":9.0},{"damage":4.0,"enemies":"Gremlin Gang","floor":8.0,"turns":5.0},{"damage":7.0,"enemies":"Lagavulin","floor":10.0,"turns":5.0},{"damage":5.0,"enemies":"Blue Slaver","floor":12.0,"turns":3.0},{"damage":0.0,"enemies":"Gremlin Nob","floor":14.0,"turns":1.0},{"damage":26.0,"enemies":"The Guardian","floor":16.0,"turns":8.0},{"damage":0.0,"enemies":"3 Byrds","floor":18.0,"turns":3.0},{"damage":10.0,"enemies":"Spheric Guardian","floor":20.0,"turns":5.0},{"damage":4.0,"enemies":"Centurion and Healer","floor":22.0,"turns":6.0},{"damage":0.0,"enemies":"Gremlin Leader","floor":23.0,"turns":4.0},{"damage":17.0,"enemies":"Book of Stabbing","floor":25.0,"turns":5.0},{"damage":0.0,"enemies":"Colosseum Slavers","floor":27.0,"turns":4.0},{"damage":11.0,"enemies":"Colosseum Nobs","floor":27.0,"turns":3.0},{"damage":12.0,"enemies":"Shelled Parasite and Fungi","floor":29.0,"turns":6.0},{"damage":31.0,"enemies":"Chosen and Byrds","floor":30.0,"turns":7.0},{"damage":0.0,"enemies":"Slavers","floor":31.0,"turns":3.0},{"damage":34.0,"enemies":"Automaton","floor":33.0,"turns":9.0},{"damage":10.0,"enemies":"Orb Walker","floor":35.0,"turns":4.0},{"damage":13.0,"enemies":"3 Darklings","floor":38.0,"turns":3.0},{"damage":15.0,"enemies":"Transient","floor":39.0,"turns":6.0},{"damage":0.0,"enemies":"Maw","floor":41.0,"turns":7.0},{"damage":0.0,"enemies":"Giant Head","floor":42.0,"turns":6.0},{"damage":1.0,"enemies":"3 Darklings","floor":46.0,"turns":3.0},{"damage":2.0,"enemies":"Reptomancer","floor":48.0,"turns":2.0},{"damage":31.0,"enemies":"Time Eater","floor":50.0,"turns":6.0},{"damage":76,"enemies":"Awakened One","floor":51,"turns":12}],"seed_played":"3695008372691900269","potions_obtained":[{"floor":3.0,"key":"EntropicBrew"},{"floor":3.0,"key":"Strength Potion"},{"floor":4.0,"key":"SkillPotion"},{"floor":7.0,"key":"SteroidPotion"},{"floor":8.0,"key":"Ancient Potion"},{"floor":16.0,"key":"SteroidPotion"},{"floor":20.0,"key":"Ancient Potion"},{"floor":25.0,"key":"SteroidPotion"},{"floor":30.0,"key":"Weak Potion"},{"floor":35.0,"key":"Poison Potion"},{"floor":38.0,"key":"Block Potion"},{"floor":41.0,"key":"Swift Potion"}],"is_trial":false,"path_per_floor":["M","M","?","M","$","R","E","M","T","E","R","M","$","E","R","B",null,"M","?","M","$","M","E","R","E","T","?","R","M","M","E","R","B",null,"M","?","?","M","M","R","M","E","T","$","R","M","R","E","R","B","B",null],"character_chosen":"THE_SILENT","items_purchased":["Lantern","Crippling Poison","Burst","Bottled Tornado"],"campfire_rested":2,"item_purchase_floors":[5,13,21,44],"current_hp_per_floor":[55,54,54,54,54,54,38,34,34,27,27,22,22,32,32,31,65,65,65,55,55,51,51,51,34,34,37,79,67,36,36,36,27,74,64,54,54,41,26,68,68,68,68,68,68,67,67,65,65,59,8],"gold":98,"neow_bonus":"HUNDRED_GOLD","is_prod":false,"is_daily":false,"chose_seed":false,"campfire_upgraded":8,"win_rate":0,"timestamp":1567406937,"path_taken":["M","M","?","M","$","R","E","M","T","E","R","M","?","E","R","BOSS","M","?","?","?","M","E","R","E","T","?","R","M","M","E","R","BOSS","M","?","?","M","M","R","M","E","T","$","R","M","R","E","R","BOSS","BOSS"],"build_version":"2019-07-17","purchased_purges":2,"victory":true,"max_hp_per_floor":[66,66,66,66,66,66,66,66,66,66,66,66,66,76,76,76,76,76,76,76,76,76,76,76,76,76,90,90,90,90,90,90,90,90,90,90,90,90,90,90,90,90,90,90,90,90,90,90,90,90,90],"card_choices":[{"not_picked":["Blade Dance","Quick Slash","Choke"],"picked":"SKIP","floor":1.0},{"not_picked":["Acrobatics","Calculated Gamble"],"picked":"Sucker Punch","floor":2.0},{"not_picked":["Concentrate","Flying Knee"],"picked":"Noxious Fumes","floor":4.0},{"not_picked":["Backflip","Acrobatics"],"picked":"Deadly Poison","floor":7.0},{"not_picked":["Outmaneuver","Cloak And Dagger"],"picked":"Flying Knee","floor":8.0},{"not_picked":["Eviscerate","Backflip"],"picked":"Dagger Spray","floor":10.0},{"not_picked":["Escape Plan","Underhanded Strike"],"picked":"Adrenaline","floor":12.0},{"not_picked":["Poisoned Stab","Underhanded Strike"],"picked":"Corpse Explosion","floor":14.0},{"not_picked":["Grand Finale","Glass Knife"],"picked":"Wraith Form v2","floor":16.0},{"not_picked":[],"picked":"Backflip+1","floor":18.0},{"not_picked":["Underhanded Strike"],"picked":"SKIP","floor":20.0},{"not_picked":["Calculated Gamble"],"picked":"SKIP","floor":22.0},{"not_picked":[],"picked":"Backflip","floor":23.0},{"not_picked":["Reflex"],"picked":"SKIP","floor":25.0},{"not_picked":["Tactician+1"],"picked":"SKIP","floor":29.0},{"not_picked":["Outmaneuver+1"],"picked":"SKIP","floor":30.0},{"not_picked":[],"picked":"Catalyst+1","floor":31.0},{"not_picked":[],"picked":"Deadly Poison+1","floor":34.0},{"not_picked":[],"picked":"PiercingWail+1","floor":34.0},{"not_picked":["Dagger Throw+1"],"picked":"SKIP","floor":35.0},{"not_picked":["Underhanded Strike"],"picked":"SKIP","floor":38.0},{"not_picked":["Blade Dance+1"],"picked":"SKIP","floor":39.0},{"not_picked":["Setup+1"],"picked":"SKIP","floor":41.0},{"not_picked":["Dodge and Roll+1"],"picked":"SKIP","floor":42.0},{"not_picked":["Masterful Stab+1"],"picked":"SKIP","floor":46.0},{"not_picked":["Cloak And Dagger+1"],"picked":"SKIP","floor":48.0}],"player_experience":625428,"relics_obtained":[{"floor":7.0,"key":"PreservedInsect"},{"floor":9.0,"key":"Vajra"},{"floor":10.0,"key":"Pantograph"},{"floor":14.0,"key":"Pear"},{"floor":23.0,"key":"Gremlin Horn"},{"floor":25.0,"key":"Happy Flower"},{"floor":26.0,"key":"Regal Pillow"},{"floor":27.0,"key":"Mango"},{"floor":27.0,"key":"Toxic Egg 2"},{"floor":31.0,"key":"Orichalcum"},{"floor":42.0,"key":"Snake Skull"},{"floor":43.0,"key":"Molten Egg 2"},{"floor":48.0,"key":"Bottled Lightning"}],"event_choices":[{"damage_healed":0.0,"max_hp_gain":0.0,"max_hp_loss":0.0,"gold_gain":0.0,"event_name":"Lab","player_choice":"Got Potions","floor":3.0,"gold_loss":0.0,"damage_taken":0.0},{"damage_healed":0.0,"max_hp_gain":0.0,"max_hp_loss":0.0,"gold_gain":50.0,"event_name":"Golden Shrine","player_choice":"Pray","floor":19.0,"gold_loss":0.0,"damage_taken":0.0},{"damage_healed":0.0,"max_hp_gain":0.0,"max_hp_loss":0.0,"gold_gain":0.0,"event_name":"Colosseum","player_choice":"Fight","floor":27.0,"gold_loss":0.0,"damage_taken":0.0},{"damage_healed":0.0,"max_hp_gain":0.0,"max_hp_loss":0.0,"gold_gain":0.0,"event_name":"Colosseum","player_choice":"Fought Nobs","floor":27.0,"gold_loss":0.0,"damage_taken":0.0},{"damage_healed":0.0,"max_hp_gain":0.0,"max_hp_loss":0.0,"gold_gain":0.0,"event_name":"SensoryStone","player_choice":"Memory 3","floor":36.0,"gold_loss":0.0,"damage_taken":10.0},{"damage_healed":0.0,"max_hp_gain":0.0,"max_hp_loss":0.0,"gold_gain":0.0,"event_name":"Duplicator","player_choice":"Copied","floor":37.0,"gold_loss":0.0,"damage_taken":0.0,"cards_obtained":["Adrenaline"]}],"is_beta":false,"boss_relics":[{"not_picked":["Lizard Tail","White Beast Statue"],"picked":"Busted Crown"},{"not_picked":["Cursed Key","Runic Dome"],"picked":"Orrery"}],"items_purged_floors":[5,44],"is_endless":false,"potions_floor_spawned":[4,7,8,16,20,25,27,30,31,35,38,41,46],"ascension_level":20}