{"gold_per_floor":[118,131,131,131,142,142,155,175,175,175,187,201,11,27,27,131,131,142,158,158,58,76,76,76,86,139,113,124,124,51,66,66,169,219,236,236,236,59,75,75,75,75,146,146,158,158,171,186,186,186],"floor_reached":51,"playtime":6247,"items_purged":["Defend_B","Strike_B"],"score":670,"play_id":"c4633be3-63b8-4df8-b001-54128cf25ba2","local_time":"20190704090017","is_ascension_mode":false,"campfire_choices":[{"data":"Zap","floor":6,"key":"SMITH"},{"data":"Dualcast","floor":10,"key":"SMITH"},{"floor":15,"key":"REST"},{"floor":23,"key":"REST"},{"floor":29,"key":"REST"},{"floor":32,"key":"REST"},{"data":"Static Discharge","floor":40,"key":"SMITH"},{"floor":44,"key":"REST"},{"data":"Fission","floor":46,"key":"SMITH"},{"floor":49,"key":"REST"}],"neow_cost":"NONE","seed_source_timestamp":1015026992660276,"circlet_count":0,"master_deck":["Defend_B","Defend_B+1","Zap+1","Dualcast+1","Coolheaded+1","Conserve Battery","Leap+1","Conserve Battery","Streamline","Ball Lightning","Beam Cell","Tempest","Thunder Strike","Static Discharge+1","Double Energy+1","Auto Shields","Gash+1","Consume+1","Conserve Battery","Leap","Fission+1","White Noise","Biased Cognition","Redo","Hologram","Chrysalis","BootSequence+1","Double Energy+1"],"relics":["Cracked Core","Bronze Scales","Runic Pyramid","War Paint","Tiny House","WingedGreaves","Ornamental Fan"],"potions_floor_usage":[14,25,33,33,41,45,50,50],"damage_taken":[{"damage":0,"enemies":"Cultist","floor":1,"turns":3},{"damage":1,"enemies":"Jaw Worm","floor":2,"turns":5},{"damage":1,"enemies":"2 Louse","floor":5,"turns":3},{"damage":0,"enemies":"Exordium Wildlife","floor":7,"turns":4},{"damage":8,"enemies":"Red Slaver","floor":8,"turns":3},{"damage":0,"enemies":"Looter","floor":11,"turns":3},{"damage":0,"enemies":"2 Fungi Beasts","floor":12,"turns":3},{"damage":9,"enemies":"Exordium Wildlife","floor":14,"turns":4},{"damage":0,"enemies":"Slime Boss","floor":16,"turns":9},{"damage":0,"enemies":"3 Byrds","floor":18,"turns":2},{"damage":24,"enemies":"2 Thieves","floor":19,"turns":4},{"damage":11,"enemies":"Snake Plant","floor":22,"turns":3},{"damage":35,"enemies":"Cultist and Chosen","floor":25,"turns":5},{"damage":0,"enemies":"Snecko","floor":28,"turns":4},{"damage":8,"enemies":"Centurion and Healer","floor":31,"turns":3},{"damage":47,"enemies":"Collector","floor":33,"turns":7},{"damage":29,"enemies":"3 Shapes","floor":35,"turns":5},{"damage":13,"enemies":"Orb Walker","floor":39,"turns":4},{"damage":0,"enemies":"Jaw Worm Horde","floor":41,"turns":2},{"damage":13,"enemies":"Spire Growth","floor":45,"turns":6},{"damage":4,"enemies":"Maw","floor":47,"turns":6},{"damage":11,"enemies":"4 Shapes","floor":48,"turns":4},{"damage":69,"enemies":"Donu and Deca","floor":50,"turns":7}],"seed_played":"-536648578093948268","potions_obtained":[{"floor":2,"key":"Regen Potion"},{"floor":11,"key":"Fruit Juice"},{"floor":12,"key":"Energy Potion"},{"floor":18,"key":"Swift Potion"},{"floor":28,"key":"GamblersBrew"},{"floor":33,"key":"Poison Potion"},{"floor":34,"key":"SmokeBomb"},{"floor":45,"key":"Block Potion"},{"floor":48,"key":"Explosive Potion"}],"is_trial":false,"path_per_floor":["M","M","?","?","M","R","M","M","T","R","M","M","$","M","R","B",null,"M","M","?","$","M","R","?","M","T","$","M","R","$","M","R","B",null,"M","T","?","$","M","R","M","?","T","R","M","R","M","M","R","B",null],"character_chosen":"DEFECT","items_purchased":["Beam Cell","Tempest","Leap","White Noise","Chrysalis"],"campfire_rested":6,"item_purchase_floors":[13,13,27,30,38],"current_hp_per_floor":[75,74,67,52,51,51,51,43,43,43,43,43,43,46,68,68,75,75,51,37,37,26,50,50,20,20,20,20,45,45,37,62,15,90,61,61,61,61,48,48,48,48,48,75,62,62,58,47,74,5],"gold":186,"neow_bonus":"REMOVE_CARD","is_prod":false,"is_daily":false,"chose_seed":false,"campfire_upgraded":4,"win_rate":0.0,"timestamp":1562256017,"path_taken":["M","M","?","?","M","R","M","?","T","R","M","M","$","?","R","BOSS","M","?","?","$","M","R","?","M","T","?","M","R","$","M","R","BOSS","M","?","?","$","?","R","M","?","T","R","M","R","M","M","R","BOSS"],"build_version":"2019-07-01","purchased_purges":2,"victory":true,"max_hp_per_floor":[75,75,75,75,75,75,75,75,75,75,75,75,75,75,75,75,75,75,75,80,80,80,80,80,85,85,85,85,85,85,85,85,85,90,90,90,90,90,90,90,90,90,90,90,90,90,90,90,90,90],"card_choices":[{"not_picked":["Steam","Go for the Eyes"],"picked":"Coolheaded","floor":1},{"not_picked":["Coolheaded","Stack"],"picked":"Conserve Battery","floor":2},{"not_picked":["Force Field","Streamline"],"picked":"Leap","floor":5},{"not_picked":["Barrage","BootSequence"],"picked":"Conserve Battery","floor":7},{"not_picked":["Biased Cognition","Cold Snap"],"picked":"Streamline","floor":8},{"not_picked":["Steam","Leap","Sweeping Beam"],"picked":"SKIP","floor":11},{"not_picked":["Cold Snap","Sweeping Beam"],"picked":"Ball Lightning","floor":12},{"not_picked":["Leap","Gash","Steam"],"picked":"SKIP","floor":14},{"not_picked":["Seek","Machine Learning"],"picked":"Thunder Strike","floor":16},{"not_picked":["Go for the Eyes+1","Double Energy"],"picked":"Static Discharge","floor":18},{"not_picked":["Coolheaded+1","Barrage+1"],"picked":"Double Energy+1","floor":19},{"not_picked":["Hello World","Coolheaded"],"picked":"Auto Shields","floor":22},{"not_picked":["Blizzard+1","Streamline"],"picked":"Conserve Battery","floor":25},{"not_picked":["Hologram","Rip and Tear"],"picked":"Fission","floor":28},{"not_picked":["Glacier","Coolheaded","Beam Cell"],"picked":"SKIP","floor":31},{"not_picked":["Rainbow","Machine Learning"],"picked":"Biased Cognition","floor":33},{"not_picked":["Stack+1","Heatsinks+1"],"picked":"Redo","floor":34},{"not_picked":["Ball Lightning+1","Compile Driver"],"picked":"Hologram","floor":35},{"not_picked":["White Noise","Ball Lightning+1","Reprogram+1"],"picked":"SKIP","floor":39},{"not_picked":["Force Field","Loop"],"picked":"BootSequence+1","floor":45},{"not_picked":["Doom and Gloom","Streamline","Self Repair+1"],"picked":"SKIP","floor":47},{"not_picked":["Ball Lightning","Stack"],"picked":"Double Energy+1","floor":48}],"player_experience":26754,"relics_obtained":[{"floor":9,"key":"Bronze Scales"},{"floor":26,"key":"War Paint"},{"floor":36,"key":"WingedGreaves"},{"floor":43,"key":"Ornamental Fan"}],"event_choices":[{"cards_removed":["Strike_B"],"damage_healed":0,"gold_gain":0,"player_choice":"Card Removal","damage_taken":7,"max_hp_gain":0,"max_hp_loss":0,"event_name":"Golden Wing","floor":3,"gold_loss":0},{"damage_healed":0,"gold_gain":0,"player_choice":"Entered Light","damage_taken":15,"max_hp_gain":0,"max_hp_loss":0,"event_name":"Shining Light","floor":4,"gold_loss":0,"cards_upgraded":["Defend_B","Coolheaded"]},{"damage_healed":0,"gold_gain":0,"player_choice":"Shed Blood","damage_taken":19,"max_hp_gain":5,"max_hp_loss":0,"event_name":"Forgotten Altar","floor":20,"gold_loss":0},{"damage_healed":0,"gold_gain":0,"cards_transformed":["Defend_B","Strike_B"],"player_choice":"Became Test Subject","damage_taken":0,"max_hp_gain":0,"max_hp_loss":0,"event_name":"Drug Dealer","floor":24,"gold_loss":0,"cards_obtained":["Gash","Consume"]},{"damage_healed":0,"gold_gain":0,"player_choice":"Ignored","damage_taken":0,"max_hp_gain":0,"max_hp_loss":0,"event_name":"SecretPortal","floor":37,"gold_loss":0},{"damage_healed":0,"gold_gain":0,"player_choice":"Ignored","damage_taken":0,"max_hp_gain":0,"max_hp_loss":0,"event_name":"Mysterious Sphere","floor":42,"gold_loss":0}],"is_beta":false,"boss_relics":[{"not_picked":["Nuclear Battery","Calling Bell"],"picked":"Runic Pyramid"},{"not_picked":["Coffee Dripper","Inserter"],"picked":"Tiny House"}],"items_purged_floors":[13,21],"is_endless":false,"potions_floor_spawned":[2,11,12,18,28,33,39,45,48],"ascension_level":0}