{"gold_per_floor":[111,111,131,206,8,8,35,35,108,125,144,144,92,92,92,92],"floor_reached":16,"playtime":326,"items_purged":["Fire Breathing"],"score":167,"play_id":"d74b45dc-b071-4fe2-bb35-273f467c1fc1","local_time":"20190527214940","is_ascension_mode":true,"campfire_choices":[{"data":"Bash","floor":6,"key":"SMITH"},{"data":"Flame Barrier","floor":15,"key":"SMITH"}],"neow_cost":"NONE","seed_source_timestamp":12778677084500,"circlet_count":0,"master_deck":["AscendersBane","Strike_R","Strike_R","Strike_R","Strike_R","Defend_R","Defend_R","Defend_R","Defend_R","Bash+1","Pommel Strike","Uppercut","Double Tap+1","Pommel Strike","Battle Trance","Flame Barrier+1","Shrug It Off"],"relics":["Burning Blood","Happy Flower","Bottled Lightning","Letter Opener"],"potions_floor_usage":[16],"damage_taken":[{"damage":1,"enemies":"Cultist","floor":1,"turns":3},{"damage":9,"enemies":"2 Louse","floor":3,"turns":3},{"damage":37,"enemies":"Lagavulin","floor":7,"turns":6},{"damage":9,"enemies":"Jaw Worm","floor":10,"turns":2},{"damage":6,"enemies":"Looter","floor":11,"turns":2},{"damage":36,"enemies":"Hexaghost","floor":16,"turns":9}],"seed_played":"-1897775270131890581","potions_obtained":[{"floor":3,"key":"FearPotion"},{"floor":7,"key":"Explosive Potion"}],"is_trial":false,"path_per_floor":["M","?","M","?","$","R","E","$","T","M","M","?","$","T","R","B"],"character_chosen":"IRONCLAD","items_purchased":["Double Tap","Pommel Strike","Shrug It Off"],"campfire_rested":0,"item_purchase_floors":[5,5,13],"current_hp_per_floor":[73,73,70,70,70,70,39,39,39,36,36,36,36,36,36,0],"gold":92,"neow_bonus":"TRANSFORM_CARD","is_prod":false,"is_daily":false,"chose_seed":false,"campfire_upgraded":2,"win_rate":0,"timestamp":1559008180,"path_taken":["M","?","M","?","?","R","E","$","T","M","M","?","$","?","R","BOSS"],"build_version":"2019-01-23","purchased_purges":1,"victory":false,"max_hp_per_floor":[75,75,75,75,75,75,75,75,75,75,75,75,75,75,75,75],"card_choices":[{"not_picked":["Twin Strike","Entrench"],"picked":"Pommel Strike","floor":1},{"not_picked":["Anger","Wild Strike"],"picked":"Uppercut","floor":3},{"not_picked":["Hemokinesis","Wild Strike","Dark Embrace"],"picked":"SKIP","floor":7},{"not_picked":["Havoc","Uppercut"],"picked":"Battle Trance","floor":10},{"not_picked":["Combust","Feel No Pain"],"picked":"Flame Barrier","floor":11}],"player_experience":348655,"relics_obtained":[{"floor":7,"key":"Happy Flower"},{"floor":9,"key":"Bottled Lightning"},{"floor":14,"key":"Letter Opener"}],"event_choices":[{"damage_healed":0,"gold_gain":0,"player_choice":"Ignored","damage_taken":0,"max_hp_gain":0,"max_hp_loss":0,"event_name":"Liars Game","floor":2,"gold_loss":0},{"damage_healed":0,"gold_gain":75,"player_choice":"Gained Gold","damage_taken":0,"max_hp_gain":0,"max_hp_loss":0,"event_name":"Golden Wing","floor":4,"gold_loss":0},{"damage_healed":0,"gold_gain":0,"player_choice":"Grow","damage_taken":0,"max_hp_gain":0,"max_hp_loss":0,"event_name":"Living Wall","floor":12,"gold_loss":0,"cards_upgraded":["Double Tap"]}],"is_beta":false,"boss_relics":[],"items_purged_floors":[5],"is_endless":false,"potions_floor_spawned":[3,7],"killed_by":"Hexaghost","ascension_level":14}