{"gold_per_floor":[110,35,35,49,59,59,59,59,59,72,86,86,86,86,86,86],"floor_reached":16,"playtime":698,"items_purged":["Strike_R"],"score":140,"play_id":"7701b714-bc44-4d3e-930e-fe3ef2d71daf","local_time":"20190514175103","is_ascension_mode":true,"campfire_choices":[{"data":"Flame Barrier","floor":6,"key":"SMITH"},{"data":"Bash","floor":8,"key":"SMITH"},{"data":"Perfected Strike","floor":15,"key":"SMITH"}],"neow_cost":"NONE","seed_source_timestamp":3549240991700,"circlet_count":0,"master_deck":["AscendersBane","Strike_R","Strike_R","Strike_R","Defend_R","Defend_R","Defend_R","Bash+1","Twin Strike","Pommel Strike","Dark Shackles","Flame Barrier+1","Perfected Strike+1","Headbutt"],"relics":["Burning Blood","Meat on the Bone","Golden Idol"],"potions_floor_usage":[11],"damage_taken":[{"damage":3,"enemies":"Small Slimes","floor":1,"turns":3},{"damage":0,"enemies":"Cultist","floor":4,"turns":2},{"damage":0,"enemies":"2 Louse","floor":5,"turns":2},{"damage":15,"enemies":"Gremlin Gang","floor":10,"turns":6},{"damage":6,"enemies":"Lots of Slimes","floor":11,"turns":4},{"damage":54,"enemies":"Hexaghost","floor":16,"turns":9}],"seed_played":"6071614823698427761","potions_obtained":[{"floor":5,"key":"SkillPotion"}],"is_trial":false,"path_per_floor":["M","$","?","M","M","R","$","R","T","M","M","$","?","?","R","B"],"character_chosen":"IRONCLAD","items_purchased":[],"campfire_rested":0,"item_purchase_floors":[],"current_hp_per_floor":[75,75,75,80,80,80,80,80,80,71,71,71,51,51,51,0],"gold":86,"neow_bonus":"TRANSFORM_CARD","is_prod":false,"is_daily":false,"chose_seed":false,"campfire_upgraded":3,"win_rate":0,"timestamp":1557870663,"path_taken":["M","$","?","M","M","R","?","R","T","?","M","$","?","?","R","BOSS"],"build_version":"2019-01-23","purchased_purges":1,"victory":false,"max_hp_per_floor":[80,80,80,80,80,80,80,80,80,80,80,80,80,80,80,80],"card_choices":[{"not_picked":["Heavy Blade","Twin Strike"],"picked":"Pommel Strike","floor":1},{"not_picked":["Cleave","Spot Weakness"],"picked":"Flame Barrier","floor":4},{"not_picked":["Headbutt","Twin Strike","Body Slam"],"picked":"SKIP","floor":5},{"not_picked":["Barricade","Wild Strike"],"picked":"Perfected Strike","floor":10},{"not_picked":["Warcry","True Grit"],"picked":"Headbutt","floor":11}],"player_experience":273884,"relics_obtained":[{"floor":9,"key":"Meat on the Bone"}],"event_choices":[{"damage_healed":0,"gold_gain":0,"player_choice":"1 cards matched","damage_taken":0,"max_hp_gain":0,"max_hp_loss":0,"event_name":"Match and Keep!","floor":3,"gold_loss":0,"cards_obtained":["Dark Shackles"]},{"damage_healed":0,"gold_gain":0,"player_choice":"Take Damage","damage_taken":20,"relics_obtained":["Golden Idol"],"max_hp_gain":0,"max_hp_loss":0,"event_name":"Golden Idol","floor":13,"gold_loss":0},{"cards_removed":["Defend_R"],"damage_healed":0,"gold_gain":0,"player_choice":"Card Removal","damage_taken":0,"max_hp_gain":0,"max_hp_loss":0,"event_name":"Wheel of Change","floor":14,"gold_loss":0}],"is_beta":false,"boss_relics":[],"items_purged_floors":[2],"is_endless":false,"potions_floor_spawned":[5],"killed_by":"Hexaghost","ascension_level":11}