{"gold_per_floor":[119,135,210,237,16,16,28,28,28,60,60,78,88,108,108,108],"floor_reached":16,"playtime":480,"items_purged":["Strike_R"],"score":194,"play_id":"80250f5c-a799-48f7-9469-a983f937a9bd","local_time":"20190706212524","is_ascension_mode":true,"campfire_choices":[{"data":"Rampage","floor":6,"key":"SMITH"},{"data":"Iron Wave","floor":11,"key":"SMITH"},{"data":"Metallicize","floor":15,"key":"SMITH"}],"neow_cost":"NONE","seed_source_timestamp":17369399951000,"circlet_count":0,"master_deck":["AscendersBane","Strike_R","Strike_R+1","Strike_R+1","Strike_R","Defend_R","Defend_R","Defend_R","Defend_R","Bash+1","Headbutt","Rampage+1","Metallicize+1","Iron Wave+1","Shrug It Off","Iron Wave","Twin Strike","Twin Strike"],"relics":["Burning Blood","Centennial Puzzle","Bag of Marbles","Whetstone"],"potions_floor_usage":[10],"damage_taken":[{"damage":4,"enemies":"2 Louse","floor":1,"turns":4},{"damage":14,"enemies":"Jaw Worm","floor":2,"turns":6},{"damage":5,"enemies":"Small Slimes","floor":7,"turns":3},{"damage":23,"enemies":"Lagavulin","floor":10,"turns":7},{"damage":0,"enemies":"Looter","floor":12,"turns":2},{"damage":1,"enemies":"2 Fungi Beasts","floor":13,"turns":3},{"damage":0,"enemies":"Blue Slaver","floor":14,"turns":5},{"damage":62,"enemies":"The Guardian","floor":16,"turns":10}],"seed_played":"4106630885574651742","potions_obtained":[{"floor":2,"key":"AttackPotion"},{"floor":7,"key":"SpeedPotion"},{"floor":10,"key":"Ancient Potion"}],"is_trial":false,"path_per_floor":["M","M","?","T","$","R","M","$","T","E","R","M","M","M","R","B"],"character_chosen":"IRONCLAD","items_purchased":["Metallicize","Iron Wave"],"campfire_rested":0,"item_purchase_floors":[5,5],"current_hp_per_floor":[70,62,51,51,51,51,52,52,52,35,35,41,46,52,52,0],"gold":108,"neow_bonus":"UPGRADE_CARD","is_prod":false,"is_daily":false,"chose_seed":false,"campfire_upgraded":3,"win_rate":0,"timestamp":1562462724,"path_taken":["M","M","?","?","$","R","M","$","T","E","R","M","M","M","R","BOSS"],"build_version":"2019-07-05","purchased_purges":1,"victory":false,"max_hp_per_floor":[75,75,75,75,75,75,75,75,75,75,75,75,75,75,75,75],"card_choices":[{"not_picked":["Power Through","Wild Strike"],"picked":"Headbutt","floor":1},{"not_picked":["Dual Wield","Bloodletting"],"picked":"Rampage","floor":2},{"not_picked":["Feel No Pain","Clash","Rupture"],"picked":"SKIP","floor":7},{"not_picked":["Flex","Body Slam"],"picked":"Shrug It Off","floor":10},{"not_picked":["Seeing Red","Headbutt"],"picked":"Iron Wave","floor":12},{"not_picked":["Heavy Blade","Rampage"],"picked":"Twin Strike","floor":13},{"not_picked":["Fire Breathing","Burning Pact"],"picked":"Twin Strike","floor":14}],"player_experience":424738,"relics_obtained":[{"floor":4,"key":"Centennial Puzzle"},{"floor":9,"key":"Bag of Marbles"},{"floor":10,"key":"Whetstone"}],"event_choices":[{"damage_healed":0,"gold_gain":75,"player_choice":"Gather Gold","damage_taken":11,"max_hp_gain":0,"max_hp_loss":0,"event_name":"World of Goop","floor":3,"gold_loss":0}],"is_beta":false,"boss_relics":[],"items_purged_floors":[5],"is_endless":false,"potions_floor_spawned":[2,7,10,13,14],"killed_by":"The Guardian","ascension_level":18}