{"gold_per_floor":[114,114,129,144,222,252,252,267,267,297,9,39,66,93,105,217,229,256,283,295,307,334,346,358],"floor_reached":24,"playtime":1567,"items_purged":[],"score":293,"play_id":"83003e2e-66eb-421d-b0c9-ce0960ce9254","local_time":"20190318031728","daily_mods":["Draft","Green Cards","DeadlyEvents"],"is_ascension_mode":false,"campfire_choices":[{"data":"Sucker Punch","floor":7,"key":"SMITH"},{"floor":15,"key":"REST"},{"floor":23,"key":"REST"}],"neow_cost":"","seed_source_timestamp":3082163396000,"circlet_count":0,"master_deck":["Leap","Acrobatics","Streamline","Deflect","Noxious Fumes","Sucker Punch+1","Prepared","Gash","Ball Lightning","Static Discharge","Stack","Blade Dance","Coolheaded","Gash","Conserve Battery","Backflip","Cold Snap","Crippling Poison","Seek","Dash","Backflip","Apotheosis","Streamline","Auto Shields","Sucker Punch","Bane","Hyperbeam","Ball Lightning","PiercingWail","Flying Knee"],"special_seed":17973,"relics":["Cracked Core","Oddly Smooth Stone","Calipers","Lantern","MawBank","Runic Pyramid"],"potions_floor_usage":[10,16,16],"damage_taken":[{"damage":0,"enemies":"Cultist","floor":1,"turns":3},{"damage":5,"enemies":"Small Slimes","floor":3,"turns":3},{"damage":0,"enemies":"Jaw Worm","floor":4,"turns":3},{"damage":13,"enemies":"Lagavulin","floor":6,"turns":5},{"damage":10,"enemies":"Large Slime","floor":8,"turns":6},{"damage":0,"enemies":"3 Sentries","floor":10,"turns":5},{"damage":4,"enemies":"Gremlin Nob","floor":12,"turns":4},{"damage":2,"enemies":"Looter","floor":13,"turns":3},{"damage":0,"enemies":"Blue Slaver","floor":14,"turns":2},{"damage":0,"enemies":"Slime Boss","floor":16,"turns":6},{"damage":17,"enemies":"2 Thieves","floor":18,"turns":3},{"damage":0,"enemies":"Shell Parasite","floor":19,"turns":5},{"damage":16,"enemies":"Colosseum Slavers","floor":20,"turns":6},{"damage":24,"enemies":"3 Cultists","floor":22,"turns":5},{"damage":65,"enemies":"Slavers","floor":24,"turns":5}],"seed_played":"-6182514928825895174","potions_obtained":[{"floor":8,"key":"PowerPotion"},{"floor":12,"key":"AttackPotion"},{"floor":16,"key":"FairyPotion"},{"floor":19,"key":"GamblersBrew"}],"is_trial":false,"path_per_floor":["M","?","M","M","?","E","R","M","T","E","$","E","M","M","R","B",null,"M","M","?","?","M","R","E"],"character_chosen":"DEFECT","items_purchased":["Apotheosis","Streamline","PowerPotion"],"campfire_rested":2,"item_purchase_floors":[11,11,11],"current_hp_per_floor":[75,75,70,70,70,57,57,47,47,47,47,43,41,41,63,63,75,58,58,42,42,18,40,0],"gold":358,"neow_bonus":"","is_prod":false,"is_daily":true,"chose_seed":false,"campfire_upgraded":1,"win_rate":0,"timestamp":1552893448,"path_taken":["M","?","M","M","?","E","R","?","T","E","?","?","M","M","R","BOSS","M","M","?","?","?","R","?"],"build_version":"2019-01-23","purchased_purges":0,"victory":false,"max_hp_per_floor":[75,75,75,75,75,75,75,75,75,75,75,75,75,75,75,75,75,75,75,75,75,75,75,75],"card_choices":[{"not_picked":["Slice","Cloak And Dagger"],"picked":"Leap","floor":0},{"not_picked":["Heatsinks","Calculated Gamble"],"picked":"Acrobatics","floor":0},{"not_picked":["Blade Dance","Cloak And Dagger"],"picked":"Streamline","floor":0},{"not_picked":["Dagger Throw","Sweeping Beam"],"picked":"Deflect","floor":0},{"not_picked":["Leg Sweep","Dagger Spray"],"picked":"Noxious Fumes","floor":0},{"not_picked":["Defragment","Doom and Gloom"],"picked":"Sucker Punch","floor":0},{"not_picked":["Bane","Dagger Spray"],"picked":"Prepared","floor":0},{"not_picked":["Sunder","Turbo"],"picked":"Gash","floor":0},{"not_picked":["Doom and Gloom","Dagger Spray"],"picked":"Ball Lightning","floor":0},{"not_picked":["Outmaneuver","Turbo"],"picked":"Static Discharge","floor":0},{"not_picked":["Dagger Spray","Blade Dance"],"picked":"Stack","floor":0},{"not_picked":["Tempest","Heel Hook"],"picked":"Blade Dance","floor":0},{"not_picked":["Prepared","Distraction"],"picked":"Coolheaded","floor":0},{"not_picked":["Underhanded Strike","Cold Snap"],"picked":"Gash","floor":0},{"not_picked":["Blizzard","Glacier"],"picked":"Conserve Battery","floor":0},{"not_picked":["Deflect","Prepared"],"picked":"Backflip","floor":1},{"not_picked":["Turbo","Sweeping Beam"],"picked":"Cold Snap","floor":3},{"not_picked":["Stack","Scrape"],"picked":"Crippling Poison","floor":4},{"not_picked":["Barrage","Eviscerate"],"picked":"Seek","floor":6},{"not_picked":["Leap","Blur"],"picked":"Dash","floor":8},{"not_picked":["BootSequence","Dodge and Roll"],"picked":"Backflip","floor":10},{"not_picked":["Reboot","Quick Slash"],"picked":"Auto Shields","floor":12},{"not_picked":["Blade Dance","Dodge and Roll"],"picked":"Sucker Punch","floor":13},{"not_picked":["FTL","Outmaneuver"],"picked":"Bane","floor":14},{"not_picked":["Grand Finale","Biased Cognition"],"picked":"Hyperbeam","floor":16},{"not_picked":["Steam+1","Storm"],"picked":"Ball Lightning","floor":18},{"not_picked":["Expertise","Eviscerate"],"picked":"PiercingWail","floor":19},{"not_picked":["Setup+1","Skewer"],"picked":"Flying Knee","floor":22}],"player_experience":45829,"relics_obtained":[{"floor":6,"key":"Oddly Smooth Stone"},{"floor":9,"key":"Calipers"},{"floor":10,"key":"Lantern"},{"floor":12,"key":"MawBank"}],"event_choices":[{"damage_healed":0,"gold_gain":0,"player_choice":"Ignored","damage_taken":0,"max_hp_gain":0,"max_hp_loss":0,"event_name":"Liars Game","floor":2,"gold_loss":0},{"damage_healed":0,"gold_gain":78,"player_choice":"Gained Gold","damage_taken":0,"max_hp_gain":0,"max_hp_loss":0,"event_name":"Golden Wing","floor":5,"gold_loss":0},{"damage_healed":0,"gold_gain":0,"player_choice":"Fight","damage_taken":0,"max_hp_gain":0,"max_hp_loss":0,"event_name":"Colosseum","floor":20,"gold_loss":0},{"damage_healed":0,"gold_gain":0,"player_choice":"Fled From Nobs","damage_taken":0,"max_hp_gain":0,"max_hp_loss":0,"event_name":"Colosseum","floor":20,"gold_loss":0},{"damage_healed":0,"gold_gain":0,"player_choice":"Simplicity","damage_taken":0,"max_hp_gain":0,"max_hp_loss":0,"event_name":"Back to Basics","floor":21,"gold_loss":0,"cards_upgraded":[]}],"is_beta":false,"boss_relics":[{"not_picked":["Inserter","Snecko Eye"],"picked":"Runic Pyramid"}],"items_purged_floors":[],"is_endless":false,"potions_floor_spawned":[8,12,16,19,20],"killed_by":"Slavers","ascension_level":0}