{"gold_per_floor":[116,116,7,7,22,22,22,22,98,116,116,137,161,181,181,309,309,323,69,69],"floor_reached":20,"playtime":714,"items_purged":["Strike_R","Pain"],"score":238,"play_id":"0632e624-f9e5-4be8-8c9f-c4abe20da25a","local_time":"20190429022448","is_ascension_mode":true,"campfire_choices":[{"data":"Bash","floor":6,"key":"SMITH"},{"data":"Inflame","floor":8,"key":"SMITH"},{"floor":15,"key":"REST"}],"neow_cost":"NONE","seed_source_timestamp":6664774174700,"circlet_count":0,"master_deck":["Strike_R","Strike_R","Strike_R","Strike_R","Defend_R","Defend_R","Defend_R","Defend_R","Bash+1","Clothesline","Inflame+1","Pommel Strike","Headbutt","Reaper","Bludgeon"],"relics":["Burning Blood","Golden Idol","Omamori","Tiny Chest","Potion Belt","Calling Bell","Regal Pillow","Gremlin Horn","Girya","Vajra"],"potions_floor_usage":[16,16],"damage_taken":[{"damage":7,"enemies":"Jaw Worm","floor":1,"turns":3},{"damage":10,"enemies":"2 Louse","floor":5,"turns":3},{"damage":0,"enemies":"Cultist","floor":10,"turns":2},{"damage":28,"enemies":"3 Louse","floor":12,"turns":4},{"damage":9,"enemies":"Looter","floor":13,"turns":3},{"damage":12,"enemies":"Blue Slaver","floor":14,"turns":4},{"damage":24,"enemies":"Slime Boss","floor":16,"turns":9},{"damage":78,"enemies":"3 Byrds","floor":18,"turns":7},{"damage":17,"enemies":"Shell Parasite","floor":20,"turns":3}],"seed_played":"6708683523103005345","potions_obtained":[{"floor":1,"key":"Strength Potion"},{"floor":10,"key":"Ancient Potion"},{"floor":14,"key":"Fire Potion"}],"is_trial":false,"path_per_floor":["M","?","$","?","M","R","$","R","T","M","T","M","M","M","R","B",null,"M","$","M"],"character_chosen":"IRONCLAD","items_purchased":["Inflame","Vajra"],"campfire_rested":1,"item_purchase_floors":[3,19],"current_hp_per_floor":[79,57,57,45,41,41,41,41,41,47,47,25,22,16,42,42,77,14,14,0],"gold":69,"neow_bonus":"TEN_PERCENT_HP_BONUS","is_prod":false,"is_daily":false,"chose_seed":false,"campfire_upgraded":2,"win_rate":0,"timestamp":1556519088,"path_taken":["M","?","$","?","M","R","?","R","T","M","?","M","?","M","R","BOSS","M","$","M"],"build_version":"2019-01-23","purchased_purges":2,"victory":false,"max_hp_per_floor":[88,88,88,88,88,88,88,88,88,88,88,88,88,88,88,88,88,88,88,88],"card_choices":[{"not_picked":["Havoc","Warcry"],"picked":"Clothesline","floor":1},{"not_picked":["Feel No Pain","Combust"],"picked":"Pommel Strike","floor":5},{"not_picked":["Reckless Charge","Pommel Strike"],"picked":"Headbutt","floor":10},{"not_picked":["Flex","Body Slam","Reckless Charge"],"picked":"SKIP","floor":12},{"not_picked":["Shrug It Off","Pommel Strike"],"picked":"Reaper","floor":13},{"not_picked":["Anger","Perfected Strike","Armaments"],"picked":"SKIP","floor":14},{"not_picked":["Dark Embrace","Offering"],"picked":"Bludgeon","floor":16},{"not_picked":["True Grit","Intimidate","Infernal Blade"],"picked":"SKIP","floor":18}],"player_experience":155580,"relics_obtained":[{"floor":9,"key":"Tiny Chest"},{"floor":11,"key":"Potion Belt"},{"floor":17,"key":"Regal Pillow"},{"floor":17,"key":"Gremlin Horn"},{"floor":17,"key":"Girya"}],"event_choices":[{"damage_healed":0,"gold_gain":0,"player_choice":"Take Damage","damage_taken":22,"relics_obtained":["Golden Idol"],"max_hp_gain":0,"max_hp_loss":0,"event_name":"Golden Idol","floor":2,"gold_loss":0},{"damage_healed":0,"gold_gain":0,"player_choice":"Success","damage_taken":12,"relics_obtained":["Omamori"],"max_hp_gain":0,"max_hp_loss":0,"event_name":"Scrap Ooze","floor":4,"gold_loss":0}],"is_beta":false,"boss_relics":[{"not_picked":["Snecko Eye","Empty Cage"],"picked":"Calling Bell"}],"items_purged_floors":[3,19],"is_endless":false,"potions_floor_spawned":[1,10,14],"killed_by":"Shell Parasite","ascension_level":9}