{"gold_per_floor":[109,129,129,72,89,89,121,121,121,151,51,51,64,64,64,64],"floor_reached":16,"playtime":331,"items_purged":["Strike_R"],"score":200,"play_id":"32e12c3a-034a-4fb5-98a0-e6e33f112252","local_time":"20190626171747","is_ascension_mode":true,"campfire_choices":[{"data":"Bash","floor":6,"key":"SMITH"},{"data":"Immolate","floor":8,"key":"SMITH"},{"data":"Flame Barrier","floor":12,"key":"SMITH"},{"data":"Inflame","floor":15,"key":"SMITH"}],"neow_cost":"NONE","seed_source_timestamp":860952861100,"circlet_count":0,"master_deck":["AscendersBane","Strike_R","Strike_R","Strike_R","Defend_R","Defend_R","Defend_R","Defend_R","Bash+1","Twin Strike","Iron Wave","Shrug It Off","Flame Barrier+1","Immolate+1","Inflame+1","Thunderclap","Infernal Blade"],"relics":["Burning Blood","The Courier","Question Card","Potion Belt"],"potions_floor_usage":[7,7,16],"damage_taken":[{"damage":9,"enemies":"Jaw Worm","floor":1,"turns":5},{"damage":1,"enemies":"Cultist","floor":2,"turns":3},{"damage":5,"enemies":"Small Slimes","floor":5,"turns":4},{"damage":8,"enemies":"Gremlin Nob","floor":7,"turns":3},{"damage":27,"enemies":"Lagavulin","floor":10,"turns":7},{"damage":0,"enemies":"2 Fungi Beasts","floor":13,"turns":2},{"damage":52,"enemies":"The Guardian","floor":16,"turns":9}],"seed_played":"-8704557843154912882","potions_obtained":[{"floor":1,"key":"Fire Potion"},{"floor":5,"key":"AttackPotion"},{"floor":7,"key":"EssenceOfSteel"},{"floor":13,"key":"EssenceOfSteel"}],"is_trial":false,"path_per_floor":["M","M","?","$","M","R","E","R","T","E","$","R","M","?","R","B"],"character_chosen":"IRONCLAD","items_purchased":["Shrug It Off","Thunderclap"],"campfire_rested":0,"item_purchase_floors":[4,11],"current_hp_per_floor":[65,70,66,66,67,67,65,65,65,44,44,44,50,50,50,0],"gold":64,"neow_bonus":"THREE_CARDS","is_prod":false,"is_daily":false,"chose_seed":false,"campfire_upgraded":4,"win_rate":0,"timestamp":1561583867,"path_taken":["M","M","?","$","M","R","E","R","T","E","?","R","?","?","R","BOSS"],"build_version":"2019-01-23","purchased_purges":1,"victory":false,"max_hp_per_floor":[75,75,75,75,75,75,75,75,75,75,75,75,75,75,75,75],"card_choices":[{"not_picked":["Armaments","Warcry"],"picked":"Twin Strike","floor":0},{"not_picked":["Second Wind","Anger","Flex"],"picked":"SKIP","floor":1},{"not_picked":["Pummel","Dropkick"],"picked":"Iron Wave","floor":2},{"not_picked":["Dual Wield","Shrug It Off"],"picked":"Flame Barrier","floor":5},{"not_picked":["Uppercut","Anger"],"picked":"Immolate","floor":7},{"not_picked":["Warcry","Perfected Strike","Barricade"],"picked":"Inflame","floor":10},{"not_picked":["Wild Strike","Evolve","Body Slam"],"picked":"Infernal Blade","floor":13}],"player_experience":410158,"relics_obtained":[{"floor":7,"key":"The Courier"},{"floor":9,"key":"Question Card"},{"floor":10,"key":"Potion Belt"}],"event_choices":[{"damage_healed":0,"gold_gain":0,"player_choice":"Bought 0 Potions","damage_taken":0,"max_hp_gain":0,"max_hp_loss":0,"event_name":"The Woman in Blue","floor":3,"gold_loss":0},{"cards_removed":["Strike_R"],"damage_healed":0,"gold_gain":0,"player_choice":"Purged","damage_taken":0,"max_hp_gain":0,"max_hp_loss":0,"event_name":"Purifier","floor":14,"gold_loss":0}],"is_beta":false,"boss_relics":[],"items_purged_floors":[11],"is_endless":false,"potions_floor_spawned":[1,5,7,13],"killed_by":"The Guardian","ascension_level":17}