{"gold_per_floor":[117,192,202,215,26,26,26,57,125,125,145,34,34,51,51,153,153,172,122,141,155,170,199,199,214,214,243,262,262,273,98,98,196,196,206,206,51,70,0,0,20,40,67,67,79,98,114,39,39,39],"floor_reached":50,"playtime":1691,"items_purged":["Strike_R","Strike_R"],"score":781,"play_id":"ceb5af81-2954-47be-a5d5-77248827312f","local_time":"20190524183537","is_ascension_mode":true,"campfire_choices":[{"data":"Bash","floor":6,"key":"SMITH"},{"data":"Iron Wave","floor":10,"key":"SMITH"},{"data":"Bludgeon","floor":15,"key":"SMITH"},{"data":"Whirlwind","floor":24,"key":"SMITH"},{"data":"Double Tap","floor":29,"key":"SMITH"},{"floor":32,"key":"REST"},{"data":"Shrug It Off","floor":40,"key":"SMITH"},{"data":"Blind","floor":44,"key":"SMITH"},{"floor":49,"key":"REST"}],"neow_cost":"NONE","seed_source_timestamp":5807298684900,"circlet_count":0,"master_deck":["AscendersBane","Strike_R","Strike_R","Defend_R","Defend_R","Defend_R","Bash+1","Finesse","Iron Wave+1","Shrug It Off+1","Iron Wave","Sword Boomerang","Blind+1","Bludgeon+1","Cleave","Spot Weakness","Metallicize+1","Armaments","Double Tap+1","Heavy Blade","Shrug It Off","Headbutt+1","Whirlwind+1","Shrug It Off","Flame Barrier+1","Immolate+1","Rampage+1","Ghostly Armor","Pommel Strike+1","True Grit","Parasite","Metallicize+1","Inflame"],"relics":["Burning Blood","Boot","Meat on the Bone","Sozu","Pantograph","Molten Egg 2","Magic Flower","Empty Cage","Bronze Scales","Red Skull"],"potions_floor_usage":[16,18],"damage_taken":[{"damage":3,"enemies":"2 Louse","floor":1,"turns":4},{"damage":11,"enemies":"Jaw Worm","floor":3,"turns":5},{"damage":4,"enemies":"Cultist","floor":4,"turns":4},{"damage":43,"enemies":"Gremlin Nob","floor":8,"turns":6},{"damage":0,"enemies":"Blue Slaver","floor":11,"turns":3},{"damage":14,"enemies":"Gremlin Gang","floor":14,"turns":6},{"damage":17,"enemies":"Hexaghost","floor":16,"turns":10},{"damage":1,"enemies":"3 Byrds","floor":18,"turns":5},{"damage":11,"enemies":"Shell Parasite","floor":20,"turns":5},{"damage":0,"enemies":"Centurion and Healer","floor":21,"turns":3},{"damage":23,"enemies":"Cultist and Chosen","floor":22,"turns":6},{"damage":39,"enemies":"Slavers","floor":23,"turns":6},{"damage":8,"enemies":"Snake Plant","floor":25,"turns":4},{"damage":43,"enemies":"Book of Stabbing","floor":27,"turns":5},{"damage":13,"enemies":"Snecko","floor":28,"turns":3},{"damage":24,"enemies":"Sentry and Sphere","floor":30,"turns":6},{"damage":59,"enemies":"Automaton","floor":33,"turns":10},{"damage":0,"enemies":"3 Shapes","floor":35,"turns":1},{"damage":7,"enemies":"Orb Walker","floor":38,"turns":3},{"damage":0,"enemies":"Maw","floor":41,"turns":8},{"damage":71,"enemies":"Transient","floor":42,"turns":5},{"damage":0,"enemies":"Sphere and 2 Shapes","floor":45,"turns":3},{"damage":43,"enemies":"3 Darklings","floor":46,"turns":5},{"damage":35,"enemies":"Writhing Mass","floor":47,"turns":6},{"damage":89,"enemies":"Time Eater","floor":50,"turns":7}],"seed_played":"-4151468923565391216","potions_obtained":[{"floor":14,"key":"AttackPotion"},{"floor":16,"key":"Regen Potion"}],"is_trial":false,"path_per_floor":["M","?","M","M","$","R","?","E","T","R","M","$","?","M","R","B",null,"M","?","M","M","M","E","R","M","T","E","M","R","M","$","R","B",null,"M","?","$","M","$","R","M","M","T","R","M","M","M","$","R","B"],"character_chosen":"IRONCLAD","items_purchased":["Sword Boomerang","Blind","Spot Weakness","Metallicize","Flame Barrier","Bronze Scales","Ghostly Armor","Inflame"],"campfire_rested":2,"item_purchase_floors":[5,5,12,12,31,37,39,48],"current_hp_per_floor":[75,64,59,61,61,61,61,24,24,24,42,42,42,46,46,47,72,80,80,75,80,63,42,42,52,52,27,41,41,44,44,68,48,72,80,80,80,80,80,80,80,36,36,36,63,47,39,39,63,0],"gold":39,"neow_bonus":"RANDOM_COLORLESS","is_prod":false,"is_daily":false,"chose_seed":false,"campfire_upgraded":7,"win_rate":0,"timestamp":1558737337,"path_taken":["M","?","M","M","$","R","?","E","T","R","M","$","?","M","R","BOSS","M","?","?","M","M","E","R","M","T","E","M","R","M","$","R","BOSS","M","?","$","M","$","R","M","M","T","R","M","M","?","$","R","BOSS"],"build_version":"2019-01-23","purchased_purges":2,"victory":false,"max_hp_per_floor":[80,80,80,80,80,80,80,80,80,80,80,80,80,80,80,80,80,80,80,80,80,80,80,80,80,80,80,80,80,80,80,80,80,80,80,80,80,80,80,80,80,80,80,80,80,80,80,80,80,80],"card_choices":[{"not_picked":["Heavy Blade","Thunderclap"],"picked":"Iron Wave","floor":1},{"not_picked":["Body Slam","Headbutt"],"picked":"Shrug It Off","floor":3},{"not_picked":["Warcry","Wild Strike"],"picked":"Iron Wave","floor":4},{"not_picked":["Seeing Red","Corruption"],"picked":"Bludgeon","floor":8},{"not_picked":["Flex","Hemokinesis"],"picked":"Cleave","floor":11},{"not_picked":["Power Through","Clash"],"picked":"Armaments","floor":14},{"not_picked":["Demon Form","Impervious"],"picked":"Double Tap","floor":16},{"not_picked":["Thunderclap","Warcry"],"picked":"Heavy Blade","floor":18},{"not_picked":["Pommel Strike","Wild Strike"],"picked":"Shrug It Off","floor":20},{"not_picked":["Flex+1","Clothesline","Rupture"],"picked":"SKIP","floor":21},{"not_picked":["Armaments","Clothesline"],"picked":"Headbutt+1","floor":22},{"not_picked":["Burning Pact","Fire Breathing"],"picked":"Whirlwind","floor":23},{"not_picked":["Anger","Armaments","Iron Wave"],"picked":"SKIP","floor":25},{"not_picked":["Blood for Blood+1","Heavy Blade+1","Power Through"],"picked":"SKIP","floor":27},{"not_picked":["Havoc","Flex"],"picked":"Shrug It Off","floor":28},{"not_picked":["Havoc","Pummel+1","Seeing Red"],"picked":"SKIP","floor":30},{"not_picked":["Dark Embrace","Reaper+1"],"picked":"Immolate+1","floor":33},{"not_picked":["Fire Breathing","Havoc+1","Shrug It Off"],"picked":"SKIP","floor":35},{"not_picked":["Pommel Strike+1","Flex+1"],"picked":"Rampage+1","floor":38},{"not_picked":["Headbutt+1","Hemokinesis+1","Wild Strike+1"],"picked":"SKIP","floor":41},{"not_picked":["Wild Strike+1","Flex"],"picked":"Pommel Strike+1","floor":42},{"not_picked":["Headbutt+1","Evolve"],"picked":"True Grit","floor":45},{"not_picked":["Flex","Intimidate+1","Sword Boomerang+1"],"picked":"SKIP","floor":46},{"not_picked":["Carnage+1","Spot Weakness+1"],"picked":"Metallicize+1","floor":47}],"player_experience":343143,"relics_obtained":[{"floor":8,"key":"Boot"},{"floor":9,"key":"Meat on the Bone"},{"floor":23,"key":"Pantograph"},{"floor":26,"key":"Molten Egg 2"},{"floor":27,"key":"Magic Flower"},{"floor":43,"key":"Red Skull"}],"event_choices":[{"damage_healed":0,"gold_gain":75,"player_choice":"Gather Gold","damage_taken":11,"max_hp_gain":0,"max_hp_loss":0,"event_name":"World of Goop","floor":2,"gold_loss":0},{"damage_healed":0,"gold_gain":0,"player_choice":"Ignored","damage_taken":0,"max_hp_gain":0,"max_hp_loss":0,"event_name":"Liars Game","floor":7,"gold_loss":0},{"damage_healed":0,"gold_gain":0,"player_choice":"Grow","damage_taken":0,"max_hp_gain":0,"max_hp_loss":0,"event_name":"Living Wall","floor":13,"gold_loss":0,"cards_upgraded":["Metallicize"]},{"damage_healed":0,"gold_gain":0,"player_choice":"Bet on Murderer","damage_taken":0,"max_hp_gain":0,"max_hp_loss":0,"event_name":"The Joust","floor":19,"gold_loss":50},{"damage_healed":0,"gold_gain":0,"player_choice":"Forge","damage_taken":0,"max_hp_gain":0,"max_hp_loss":0,"event_name":"Accursed Blacksmith","floor":36,"gold_loss":0,"cards_upgraded":["Flame Barrier"]}],"is_beta":false,"boss_relics":[{"not_picked":["Busted Crown","Fusion Hammer"],"picked":"Sozu"},{"not_picked":["Black Star","Runic Cube"],"picked":"Empty Cage"}],"items_purged_floors":[5,31],"is_endless":false,"potions_floor_spawned":[14,16,20,22,27,28,30,35,41,46],"killed_by":"Time Eater","ascension_level":12}