{"gold_per_floor":[214,214,174,186,197,224,75,75,75,75,92,103,130,130,130,226,226,246,261,121,133,133,133,133,150,175,175,175,204,214,56,56,160,160,179,194,194,69,85,85],"floor_reached":40,"playtime":2379,"items_purged":["Defend_B","Strike_B","Zap"],"score":626,"play_id":"569ec69b-137a-43ee-b34d-a6695d17ff62","local_time":"20190811202414","is_ascension_mode":true,"campfire_choices":[{"data":"Loop","floor":8,"key":"SMITH"},{"floor":15,"key":"REST"},{"floor":23,"key":"REST"},{"floor":27,"key":"REST"},{"floor":32,"key":"REST"}],"neow_cost":"NONE","seed_source_timestamp":343933582571000,"circlet_count":0,"master_deck":["Strike_B+1","Strike_B+1","Defend_B+1","Defend_B+1","Defend_B+1","Dualcast","Sweeping Beam","Glacier+1","Gash","Loop+1","Gash","Conserve Battery","FTL","Machine Learning","FTL+1","Scrape+1","Defragment","Gash","Gash","Conserve Battery","Defragment","Impatience","Glacier","Coolheaded","Capacitor","Madness","Madness"],"relics":["Cracked Core","StoneCalendar","Prayer Wheel","Singing Bowl","White Beast Statue","Omamori","Vajra","Busted Crown"],"potions_floor_usage":[14,18,21,28,33,33,39,40],"damage_taken":[{"damage":0,"enemies":"2 Louse","floor":1,"turns":2},{"damage":5,"enemies":"Cultist","floor":4,"turns":4},{"damage":2,"enemies":"Small Slimes","floor":5,"turns":4},{"damage":23,"enemies":"Gremlin Nob","floor":6,"turns":5},{"damage":8,"enemies":"Blue Slaver","floor":11,"turns":3},{"damage":0,"enemies":"Large Slime","floor":12,"turns":5},{"damage":0,"enemies":"Lagavulin","floor":13,"turns":7},{"damage":0,"enemies":"Exordium Thugs","floor":14,"turns":1},{"damage":12,"enemies":"The Guardian","floor":16,"turns":10},{"damage":3,"enemies":"Chosen","floor":18,"turns":7},{"damage":11,"enemies":"Spheric Guardian","floor":19,"turns":4},{"damage":27,"enemies":"Cultist and Chosen","floor":21,"turns":7},{"damage":3,"enemies":"Sentry and Sphere","floor":25,"turns":5},{"damage":12,"enemies":"Colosseum Slavers","floor":28,"turns":6},{"damage":22,"enemies":"Book of Stabbing","floor":29,"turns":6},{"damage":11,"enemies":"Snake Plant","floor":30,"turns":5},{"damage":87,"enemies":"Collector","floor":33,"turns":8},{"damage":1,"enemies":"Orb Walker","floor":35,"turns":3},{"damage":12,"enemies":"3 Shapes","floor":36,"turns":5},{"damage":0,"enemies":"Sphere and 2 Shapes","floor":39,"turns":4},{"damage":67,"enemies":"Reptomancer","floor":40,"turns":2}],"seed_played":"2119549002595339729","potions_obtained":[{"floor":3,"key":"SkillPotion"},{"floor":3,"key":"AttackPotion"},{"floor":3,"key":"SmokeBomb"},{"floor":6,"key":"Swift Potion"},{"floor":18,"key":"GamblersBrew"},{"floor":19,"key":"Strength Potion"},{"floor":21,"key":"FearPotion"},{"floor":25,"key":"Regen Potion"},{"floor":29,"key":"FairyPotion"},{"floor":30,"key":"Block Potion"},{"floor":33,"key":"AttackPotion"},{"floor":35,"key":"SteroidPotion"},{"floor":36,"key":"Swift Potion"},{"floor":39,"key":"SpeedPotion"}],"is_trial":false,"path_per_floor":["M","?","?","M","M","E","$","R","T","?","M","M","E","M","R","B",null,"M","M","$","M","?","R","?","M","T","R","?","E","M","$","R","B",null,"M","M","?","$","M","E"],"character_chosen":"DEFECT","items_purchased":["Loop","Defragment","Defragment","Impatience"],"campfire_rested":4,"item_purchase_floors":[7,20,31,31],"current_hp_per_floor":[68,61,61,56,54,31,31,31,31,16,8,8,10,10,33,21,63,64,53,53,28,12,38,38,35,35,61,64,44,37,37,65,11,75,74,64,52,52,56,0],"gold":85,"neow_bonus":"HUNDRED_GOLD","is_prod":false,"is_daily":false,"chose_seed":false,"campfire_upgraded":1,"win_rate":0,"timestamp":1565580254,"path_taken":["M","?","?","?","M","E","$","R","T","?","M","M","E","M","R","BOSS","M","M","$","M","?","R","?","M","T","R","?","E","M","$","R","BOSS","M","M","?","$","M","E"],"build_version":"2019-07-17","purchased_purges":3,"victory":false,"max_hp_per_floor":[75,75,75,75,75,75,75,75,75,75,75,75,77,77,77,77,77,81,81,81,83,88,88,88,88,88,88,88,90,94,94,94,96,96,96,98,98,98,102,102],"card_choices":[{"not_picked":["Turbo","Steam"],"picked":"Sweeping Beam","floor":1},{"not_picked":["Steam","Fusion"],"picked":"Glacier","floor":4},{"not_picked":["Steam","Buffer","Aggregate"],"picked":"SKIP","floor":5},{"not_picked":["Self Repair","Steam"],"picked":"Gash","floor":6},{"not_picked":["Loop","Lockon"],"picked":"Gash","floor":11},{"not_picked":["Go for the Eyes","BootSequence"],"picked":"Conserve Battery","floor":11},{"not_picked":["Beam Cell","Rebound"],"picked":"FTL","floor":12},{"not_picked":["Double Energy","Steam","Rebound"],"picked":"SKIP","floor":12},{"not_picked":["Barrage","Self Repair","Reinforced Body"],"picked":"Singing Bowl","floor":13},{"not_picked":["Reboot","Multi-Cast"],"picked":"Machine Learning","floor":16},{"not_picked":["Rip and Tear+1","Streamline","Self Repair+1"],"picked":"Singing Bowl","floor":18},{"not_picked":["Ball Lightning+1","Static Discharge+1","Darkness"],"picked":"Singing Bowl","floor":18},{"not_picked":["Reinforced Body","Steam"],"picked":"FTL+1","floor":19},{"not_picked":["White Noise","Steam+1"],"picked":"Scrape+1","floor":19},{"not_picked":["Reboot","Leap+1","Conserve Battery"],"picked":"Singing Bowl","floor":21},{"not_picked":["Multi-Cast","Reinforced Body"],"picked":"Gash","floor":21},{"not_picked":["Reinforced Body","Static Discharge"],"picked":"Gash","floor":25},{"not_picked":["BootSequence","Streamline+1"],"picked":"Conserve Battery","floor":25},{"not_picked":["Reinforced Body","Cold Snap","Genetic Algorithm+1"],"picked":"Singing Bowl","floor":29},{"not_picked":["Leap","Stack","Steam"],"picked":"Singing Bowl","floor":30},{"not_picked":["Beam Cell","Hologram","Cold Snap+1"],"picked":"Singing Bowl","floor":30},{"not_picked":["Core Surge","Electrodynamics","Thunder Strike"],"picked":"Singing Bowl","floor":33},{"not_picked":[],"picked":"Glacier","floor":35},{"not_picked":[],"picked":"Coolheaded","floor":35},{"not_picked":[],"picked":"Capacitor","floor":36},{"not_picked":["Hologram+1"],"picked":"Singing Bowl","floor":36},{"not_picked":["Go for the Eyes"],"picked":"Singing Bowl","floor":39},{"not_picked":["Ball Lightning"],"picked":"Singing Bowl","floor":39}],"player_experience":234219,"relics_obtained":[{"floor":6,"key":"StoneCalendar"},{"floor":9,"key":"Prayer Wheel"},{"floor":13,"key":"Singing Bowl"},{"floor":26,"key":"Omamori"},{"floor":29,"key":"Vajra"}],"event_choices":[{"cards_removed":["Strike_B"],"damage_healed":0,"gold_gain":0,"player_choice":"Card Removal","damage_taken":7,"max_hp_gain":0,"max_hp_loss":0,"event_name":"Golden Wing","floor":2,"gold_loss":0},{"damage_healed":0,"gold_gain":0,"player_choice":"Bought 3 Potions","damage_taken":0,"max_hp_gain":0,"max_hp_loss":0,"event_name":"The Woman in Blue","floor":3,"gold_loss":0},{"damage_healed":0,"gold_gain":0,"player_choice":"Entered Light","damage_taken":15,"max_hp_gain":0,"max_hp_loss":0,"event_name":"Shining Light","floor":10,"gold_loss":0,"cards_upgraded":["Glacier","Defend_B"]},{"damage_healed":0,"gold_gain":0,"player_choice":"Shed Blood","damage_taken":21,"max_hp_gain":5,"max_hp_loss":0,"event_name":"Forgotten Altar","floor":22,"gold_loss":0},{"damage_healed":0,"gold_gain":0,"player_choice":"Simplicity","damage_taken":0,"max_hp_gain":0,"max_hp_loss":0,"event_name":"Back to Basics","floor":24,"gold_loss":0,"cards_upgraded":["Strike_B","Strike_B","Defend_B","Defend_B"]},{"damage_healed":0,"gold_gain":0,"player_choice":"Fight","damage_taken":0,"max_hp_gain":0,"max_hp_loss":0,"event_name":"Colosseum","floor":28,"gold_loss":0},{"damage_healed":0,"gold_gain":0,"player_choice":"Fled From Nobs","damage_taken":0,"max_hp_gain":0,"max_hp_loss":0,"event_name":"Colosseum","floor":28,"gold_loss":0},{"damage_healed":0,"gold_gain":0,"player_choice":"Embrace Madness","damage_taken":12,"max_hp_gain":0,"max_hp_loss":0,"event_name":"Winding Halls","floor":37,"gold_loss":0,"cards_obtained":["Madness","Madness"]}],"is_beta":false,"boss_relics":[{"not_picked":["Nuclear Battery","Pandora\u0027s Box"],"picked":"White Beast Statue"},{"not_picked":["Coffee Dripper","Philosopher\u0027s Stone"],"picked":"Busted Crown"}],"items_purged_floors":[7,20,38],"is_endless":false,"potions_floor_spawned":[6,12,13,14,18,19,21,25,28,29,30,33,35,36,39],"killed_by":"Reptomancer","ascension_level":6}