{"gold_per_floor":[124,152,182,207,219,231,254,224,259,335,347],"floor_reached":11,"playtime":337,"items_purged":[],"score":124,"play_id":"ca8d6319-0ae4-4936-85aa-3c1dafebe4f0","local_time":"20190712172443","is_ascension_mode":true,"campfire_choices":[{"data":"Bash","floor":6,"key":"SMITH"}],"neow_cost":"NONE","seed_source_timestamp":3114419426300,"circlet_count":0,"master_deck":["AscendersBane","Strike_R+1","Strike_R","Strike_R","Strike_R","Strike_R","Defend_R","Defend_R","Defend_R","Defend_R+1","Bash+1","Cleave","Armaments","Battle Trance","Thunderclap","Anger"],"relics":["Burning Blood","MawBank","Lantern"],"potions_floor_usage":[11],"damage_taken":[{"damage":1,"enemies":"Cultist","floor":1,"turns":3},{"damage":0,"enemies":"2 Louse","floor":2,"turns":3},{"damage":4,"enemies":"Small Slimes","floor":3,"turns":4},{"damage":16,"enemies":"3 Louse","floor":4,"turns":4},{"damage":16,"enemies":"Blue Slaver","floor":7,"turns":5},{"damage":34,"enemies":"3 Sentries","floor":11,"turns":5}],"seed_played":"-8078244007531098072","potions_obtained":[{"floor":1,"key":"SkillPotion"},{"floor":4,"key":"SteroidPotion"}],"is_trial":false,"path_per_floor":["M","M","M","M","?","R","M","?","T","?","E"],"character_chosen":"IRONCLAD","items_purchased":[],"campfire_rested":0,"item_purchase_floors":[],"current_hp_per_floor":[73,75,75,65,42,42,32,32,32,32,0],"gold":347,"neow_bonus":"RANDOM_COMMON_RELIC","is_prod":false,"is_daily":false,"chose_seed":false,"campfire_upgraded":1,"win_rate":0,"timestamp":1562966683,"path_taken":["M","M","M","M","?","R","M","?","T","?","E"],"build_version":"2019-07-05","purchased_purges":0,"victory":false,"max_hp_per_floor":[75,75,75,75,75,75,75,75,75,75,75],"card_choices":[{"not_picked":["Searing Blow","Disarm"],"picked":"Cleave","floor":1},{"not_picked":["Infernal Blade","Clash"],"picked":"Armaments","floor":2},{"not_picked":["Twin Strike","Iron Wave"],"picked":"Battle Trance","floor":3},{"not_picked":["Searing Blow","Twin Strike"],"picked":"Thunderclap","floor":4},{"not_picked":["Reaper","Perfected Strike"],"picked":"Anger","floor":7}],"player_experience":427417,"relics_obtained":[{"floor":9,"key":"Lantern"}],"event_choices":[{"damage_healed":0,"gold_gain":0,"player_choice":"Entered Light","damage_taken":23,"max_hp_gain":0,"max_hp_loss":0,"event_name":"Shining Light","floor":5,"gold_loss":0,"cards_upgraded":["Defend_R","Strike_R"]},{"damage_healed":0,"gold_gain":0,"player_choice":"Left Gold","damage_taken":0,"max_hp_gain":0,"max_hp_loss":0,"event_name":"World of Goop","floor":8,"gold_loss":42},{"damage_healed":0,"gold_gain":64,"player_choice":"Gained Gold","damage_taken":0,"max_hp_gain":0,"max_hp_loss":0,"event_name":"Golden Wing","floor":10,"gold_loss":0}],"is_beta":false,"boss_relics":[],"items_purged_floors":[],"is_endless":false,"potions_floor_spawned":[1,4],"killed_by":"3 Sentries","ascension_level":18}