{"gold_per_floor":[110,130,150,70,90,90,119,119,119,119,119,137,154,172,172,275,275,290,290,276,276],"floor_reached":21,"playtime":967,"items_purged":[],"score":210,"play_id":"065af2ca-1175-42b7-b8ae-7942429a045a","local_time":"20190406154129","is_ascension_mode":true,"campfire_choices":[{"data":"Defragment","floor":6,"key":"SMITH"},{"data":"Coolheaded","floor":8,"key":"SMITH"},{"floor":10,"key":"REST"},{"floor":15,"key":"REST"}],"neow_cost":"NONE","seed_source_timestamp":1537247514400,"circlet_count":0,"master_deck":["Strike_B","Strike_B","Strike_B","Defend_B","Defend_B","Defend_B","Defend_B","Zap","Dualcast","Thunder Strike","Leap","Coolheaded+1","Seek","Defragment+1","Gash","Compile Driver","Cold Snap","Melter","Leap","Streamline","Machine Learning","Chaos","Gash","FTL"],"relics":["Cracked Core","Smiling Mask","Kunai","Sozu"],"potions_floor_usage":[7,16],"damage_taken":[{"damage":0,"enemies":"2 Louse","floor":1,"turns":2},{"damage":11,"enemies":"Cultist","floor":2,"turns":4},{"damage":4,"enemies":"Small Slimes","floor":3,"turns":5},{"damage":7,"enemies":"Blue Slaver","floor":5,"turns":3},{"damage":16,"enemies":"Gremlin Nob","floor":7,"turns":4},{"damage":2,"enemies":"Looter","floor":12,"turns":3},{"damage":12,"enemies":"2 Fungi Beasts","floor":13,"turns":3},{"damage":4,"enemies":"Blue Slaver","floor":14,"turns":5},{"damage":21,"enemies":"Slime Boss","floor":16,"turns":11},{"damage":45,"enemies":"3 Byrds","floor":18,"turns":6},{"damage":18,"enemies":"2 Thieves","floor":20,"turns":4},{"damage":14,"enemies":"Snake Plant","floor":21,"turns":1}],"seed_played":"5430546223581459997","potions_obtained":[{"floor":2,"key":"Poison Potion"},{"floor":7,"key":"Ancient Potion"},{"floor":12,"key":"Fire Potion"}],"is_trial":false,"path_per_floor":["M","M","M","$","M","R","E","R","T","R","?","M","M","M","R","B",null,"M","?","M","M"],"character_chosen":"DEFECT","items_purchased":["Defragment","Gash"],"campfire_rested":2,"item_purchase_floors":[4,4],"current_hp_per_floor":[75,64,60,60,53,53,37,37,37,59,59,57,45,41,63,42,75,30,30,12,0],"gold":276,"neow_bonus":"ONE_RANDOM_RARE_CARD","is_prod":false,"is_daily":false,"chose_seed":false,"campfire_upgraded":2,"win_rate":0,"timestamp":1554579689,"path_taken":["M","M","M","$","M","R","E","R","T","R","?","M","?","M","R","BOSS","M","?","M","M"],"build_version":"2019-01-23","purchased_purges":0,"victory":false,"max_hp_per_floor":[75,75,75,75,75,75,75,75,75,75,75,75,75,75,75,75,75,75,75,75,75],"card_choices":[{"not_picked":["Compile Driver","Chill"],"picked":"Leap","floor":1},{"not_picked":["Barrage","Capacitor"],"picked":"Coolheaded","floor":2},{"not_picked":["Melter","Streamline"],"picked":"Seek","floor":3},{"not_picked":["Recycle","Coolheaded"],"picked":"Compile Driver","floor":5},{"not_picked":["Rebound","Redo"],"picked":"Cold Snap","floor":7},{"not_picked":["Beam Cell","Lockon"],"picked":"Melter","floor":12},{"not_picked":["Scrape","Steam Power"],"picked":"Leap","floor":13},{"not_picked":["Barrage","Rebound"],"picked":"Streamline","floor":14},{"not_picked":["Amplify","Buffer"],"picked":"Machine Learning","floor":16},{"not_picked":["Aggregate","Compile Driver"],"picked":"Chaos","floor":18},{"not_picked":["Streamline","Hologram"],"picked":"FTL","floor":20}],"player_experience":89000,"relics_obtained":[{"floor":7,"key":"Smiling Mask"},{"floor":9,"key":"Kunai"}],"event_choices":[{"cards_removed":["Strike_B"],"damage_healed":0,"gold_gain":0,"player_choice":"Offered Basic","damage_taken":0,"max_hp_gain":0,"max_hp_loss":0,"event_name":"Bonfire Elementals","floor":11,"gold_loss":0},{"damage_healed":0,"gold_gain":0,"player_choice":"Read","damage_taken":0,"max_hp_gain":0,"max_hp_loss":0,"event_name":"The Library","floor":19,"gold_loss":0,"cards_obtained":["Gash"]}],"is_beta":false,"boss_relics":[{"not_picked":["Black Star","Coffee Dripper"],"picked":"Sozu"}],"items_purged_floors":[],"is_endless":false,"potions_floor_spawned":[2,7,12,18,20],"killed_by":"Snake Plant","ascension_level":3}