{"gold_per_floor":[212,225,225,72,93,93,124,124,124,124,139,154,189,24,24,115,115,140,140,140,65,65,65,106,106,151,151,200,45,45,61,61,61],"floor_reached":33,"playtime":789,"items_purged":["Strike_R","Strike_R"],"score":492,"play_id":"c92e5e0e-cd78-4d7d-a0fe-37b94d48752c","local_time":"20190817205425","is_ascension_mode":true,"campfire_choices":[{"data":"Bash","floor":6,"key":"SMITH"},{"floor":8,"key":"REST"},{"data":"Whirlwind","floor":10,"key":"SMITH"},{"data":"Immolate","floor":15,"key":"SMITH"},{"data":"Rampage","floor":23,"key":"SMITH"},{"data":"True Grit","floor":25,"key":"SMITH"},{"floor":27,"key":"REST"},{"data":"Iron Wave","floor":30,"key":"SMITH"},{"floor":32,"key":"REST"}],"neow_cost":"NONE","seed_source_timestamp":23553153689700,"circlet_count":0,"master_deck":["AscendersBane","Strike_R","Strike_R","Defend_R","Defend_R","Defend_R","Defend_R+1","Bash+1","Shrug It Off+1","Whirlwind+1","Rampage+1","Clothesline","Pommel Strike","Iron Wave+1","Iron Wave","Headbutt","Immolate+1","Feed","Thunderclap","True Grit+1"],"relics":["Burning Blood","Golden Idol","Matryoshka","War Paint","Meat on the Bone","Odd Mushroom","Lizard Tail","Red Skull","Bronze Scales","Pear","Boot","Potion Belt"],"potions_floor_usage":[7,13,18,24,33],"damage_taken":[{"damage":4,"enemies":"Jaw Worm","floor":1,"turns":5},{"damage":1,"enemies":"2 Louse","floor":2,"turns":4},{"damage":7,"enemies":"Small Slimes","floor":5,"turns":4},{"damage":42,"enemies":"Gremlin Nob","floor":7,"turns":5},{"damage":1,"enemies":"Exordium Wildlife","floor":11,"turns":3},{"damage":4,"enemies":"Large Slime","floor":12,"turns":5},{"damage":0,"enemies":"The Mushroom Lair","floor":13,"turns":2},{"damage":50,"enemies":"Hexaghost","floor":16,"turns":12},{"damage":27,"enemies":"3 Byrds","floor":18,"turns":4},{"damage":64,"enemies":"Slavers","floor":24,"turns":5},{"damage":31,"enemies":"Shell Parasite","floor":31,"turns":7},{"damage":133,"enemies":"Automaton","floor":33,"turns":10}],"seed_played":"-5257827189222987547","potions_obtained":[{"floor":2,"key":"PowerPotion"},{"floor":7,"key":"GamblersBrew"},{"floor":12,"key":"Energy Potion"},{"floor":13,"key":"BloodPotion"},{"floor":16,"key":"PowerPotion"}],"is_trial":false,"path_per_floor":["M","M","?","$","M","R","E","R","T","R","M","M","?","$","R","B",null,"M","?","T","?","$","R","E","R","T","R","T","$","R","M","R","B"],"character_chosen":"IRONCLAD","items_purchased":["Rampage","Immolate","PowerPotion"],"campfire_rested":3,"item_purchase_floors":[4,14,29],"current_hp_per_floor":[70,75,49,49,48,48,12,34,34,34,51,53,59,59,59,27,63,54,54,54,54,54,54,36,36,36,61,61,61,61,48,73,0],"gold":61,"neow_bonus":"HUNDRED_GOLD","is_prod":false,"is_daily":false,"chose_seed":false,"campfire_upgraded":6,"win_rate":0,"timestamp":1566089665,"path_taken":["M","M","?","$","M","R","E","R","T","R","M","M","?","$","R","BOSS","M","?","?","?","$","R","E","R","T","R","?","?","R","M","R","BOSS"],"build_version":"2019-07-17","purchased_purges":2,"victory":false,"max_hp_per_floor":[75,75,75,75,75,75,75,75,75,75,75,75,75,75,75,75,75,75,75,75,75,75,75,85,85,85,85,85,85,85,85,85,85],"card_choices":[{"not_picked":["Havoc","Perfected Strike"],"picked":"Shrug It Off","floor":1},{"not_picked":["Reckless Charge","Dual Wield"],"picked":"Whirlwind","floor":2},{"not_picked":["Rampage","Clash"],"picked":"Clothesline","floor":5},{"not_picked":["Berserk","Thunderclap"],"picked":"Pommel Strike","floor":7},{"not_picked":["Sword Boomerang","Body Slam"],"picked":"Iron Wave","floor":11},{"not_picked":["Heavy Blade","Pommel Strike"],"picked":"Iron Wave","floor":12},{"not_picked":["Cleave","Twin Strike"],"picked":"Headbutt","floor":13},{"not_picked":["Fiend Fire","Impervious"],"picked":"Feed","floor":16},{"not_picked":["Clothesline","Anger"],"picked":"Thunderclap","floor":18},{"not_picked":["Clash","Shockwave"],"picked":"True Grit","floor":24},{"not_picked":["Sword Boomerang","Heavy Blade+1","Whirlwind"],"picked":"SKIP","floor":31}],"player_experience":453308,"relics_obtained":[{"floor":7,"key":"Matryoshka"},{"floor":9,"key":"War Paint"},{"floor":9,"key":"Meat on the Bone"},{"floor":13,"key":"Odd Mushroom"},{"floor":20,"key":"Red Skull"},{"floor":20,"key":"Bronze Scales"},{"floor":24,"key":"Pear"},{"floor":26,"key":"Boot"},{"floor":28,"key":"Potion Belt"}],"event_choices":[{"damage_healed":0,"gold_gain":0,"player_choice":"Take Damage","damage_taken":26,"relics_obtained":["Golden Idol"],"max_hp_gain":0,"max_hp_loss":0,"event_name":"Golden Idol","floor":3,"gold_loss":0},{"damage_healed":0,"gold_gain":0,"player_choice":"Fought Mushrooms","damage_taken":0,"max_hp_gain":0,"max_hp_loss":0,"event_name":"Mushrooms","floor":13,"gold_loss":0},{"damage_healed":0,"gold_gain":0,"player_choice":"Ignored","damage_taken":0,"max_hp_gain":0,"max_hp_loss":0,"event_name":"Vampires","floor":19,"gold_loss":0},{"cards_removed":["Strike_R"],"damage_healed":0,"gold_gain":0,"player_choice":"Gave Gold","damage_taken":0,"max_hp_gain":0,"max_hp_loss":0,"event_name":"Beggar","floor":21,"gold_loss":75}],"is_beta":false,"boss_relics":[{"not_picked":["Calling Bell","Snecko Eye"],"picked":"Lizard Tail"}],"items_purged_floors":[4,29],"is_endless":false,"potions_floor_spawned":[2,7,12,13,16],"killed_by":"Automaton","ascension_level":18}