{"gold_per_floor":[109,126,145,211,227,227,257,34,34,34,34,49,49,67,67,144,144,144,144,69,69,69,69,69,69,69,69,69,69,69,69,69,69,69,69,69,69,69,69,69,69,69,69,69,69,69,69,69,69,69],"floor_reached":51,"playtime":1384,"items_purged":["Strike_R"],"score":1272,"play_id":"3b51969a-0548-4f96-a4e1-903bd188087b","local_time":"20190701191856","is_ascension_mode":true,"campfire_choices":[{"data":"Armaments","floor":6,"key":"SMITH"},{"data":"Inflame","floor":15,"key":"SMITH"},{"data":"Immolate","floor":23,"key":"SMITH"},{"data":"Anger","floor":25,"key":"SMITH"},{"data":"1","floor":30,"key":"LIFT"},{"floor":32,"key":"REST"},{"data":"2","floor":40,"key":"LIFT"},{"floor":44,"key":"REST"},{"data":"3","floor":49,"key":"LIFT"}],"neow_cost":"NONE","seed_source_timestamp":19048612861600,"circlet_count":0,"master_deck":["AscendersBane","Strike_R","Strike_R","Strike_R","Defend_R","Defend_R+1","Defend_R+1","Defend_R","Bash+1","Pommel Strike","Armaments+1","Anger+1","Iron Wave","Inflame+1","Iron Wave","Sword Boomerang","Immolate+1","Shrug It Off","Uppercut","Iron Wave","Ghostly Armor","Feed","Rage","Clothesline+1","Shrug It Off","Iron Wave+1","Battle Trance+1","Bandage Up","Twin Strike+1"],"relics":["Burning Blood","War Paint","Shuriken","Bottled Lightning","Ectoplasm","Ornamental Fan","Girya","Fusion Hammer","Gambling Chip","Vajra","The Courier","Kunai"],"potions_floor_usage":[31,33,33,41,42,50,50,50,50],"damage_taken":[{"damage":15,"enemies":"2 Louse","floor":1,"turns":4},{"damage":4,"enemies":"Small Slimes","floor":2,"turns":4},{"damage":7,"enemies":"Jaw Worm","floor":3,"turns":4},{"damage":8,"enemies":"Large Slime","floor":5,"turns":5},{"damage":22,"enemies":"Lagavulin","floor":7,"turns":5},{"damage":6,"enemies":"2 Fungi Beasts","floor":12,"turns":4},{"damage":8,"enemies":"Exordium Wildlife","floor":14,"turns":4},{"damage":26,"enemies":"Hexaghost","floor":16,"turns":7},{"damage":17,"enemies":"Shell Parasite","floor":18,"turns":4},{"damage":26,"enemies":"3 Byrds","floor":22,"turns":4},{"damage":16,"enemies":"3 Cultists","floor":28,"turns":4},{"damage":1,"enemies":"Gremlin Leader","floor":29,"turns":4},{"damage":9,"enemies":"Centurion and Healer","floor":31,"turns":5},{"damage":27,"enemies":"Collector","floor":33,"turns":6},{"damage":0,"enemies":"3 Darklings","floor":35,"turns":4},{"damage":28,"enemies":"Mind Bloom Boss Battle","floor":36,"turns":9},{"damage":0,"enemies":"Orb Walker","floor":37,"turns":3},{"damage":29,"enemies":"Jaw Worm Horde","floor":38,"turns":4},{"damage":13,"enemies":"Spire Growth","floor":41,"turns":3},{"damage":31,"enemies":"Reptomancer","floor":42,"turns":5},{"damage":0,"enemies":"Sphere and 2 Shapes","floor":45,"turns":3},{"damage":11,"enemies":"3 Darklings","floor":48,"turns":6},{"damage":34,"enemies":"Awakened One","floor":50,"turns":11}],"seed_played":"497332711716010734","potions_obtained":[{"floor":3,"key":"GamblersBrew"},{"floor":14,"key":"GamblersBrew"},{"floor":16,"key":"Block Potion"},{"floor":29,"key":"Explosive Potion"},{"floor":31,"key":"PowerPotion"},{"floor":35,"key":"Energy Potion"},{"floor":38,"key":"BloodPotion"},{"floor":45,"key":"Ancient Potion"},{"floor":48,"key":"EntropicBrew"}],"is_trial":false,"path_per_floor":["M","M","M","?","M","R","E","$","T","?","T","M","$","M","R","B",null,"M","?","?","$","M","R","$","R","T","$","M","E","R","M","R","B",null,"M","?","M","M","?","R","M","E","T","R","M","?","T","M","R","B",null],"character_chosen":"IRONCLAD","items_purchased":["Inflame","Iron Wave"],"campfire_rested":2,"item_purchase_floors":[8,8],"current_hp_per_floor":[59,61,60,60,58,58,42,42,42,42,42,42,42,40,40,20,61,50,50,50,50,30,30,30,30,30,30,20,25,25,22,44,23,62,68,49,55,35,35,35,28,23,23,47,53,53,53,54,54,33],"gold":69,"neow_bonus":"UPGRADE_CARD","is_prod":false,"is_daily":false,"chose_seed":false,"campfire_upgraded":4,"win_rate":0,"timestamp":1562023136,"path_taken":["M","M","M","?","M","R","E","$","T","?","?","M","$","M","R","BOSS","M","?","?","$","M","R","?","R","T","?","?","E","R","?","R","BOSS","M","?","M","M","?","R","M","E","T","R","M","?","?","M","R","BOSS"],"build_version":"2019-07-01","purchased_purges":1,"victory":true,"max_hp_per_floor":[75,75,75,75,75,75,75,75,75,75,75,75,75,75,75,75,75,75,75,75,75,75,75,75,75,75,75,75,75,75,75,75,75,75,75,78,78,81,81,81,81,81,81,81,81,81,81,81,81,84],"card_choices":[{"not_picked":["Cleave","Havoc"],"picked":"Pommel Strike","floor":1},{"not_picked":["Wild Strike","Pommel Strike"],"picked":"Armaments","floor":2},{"not_picked":["Warcry","Combust"],"picked":"Anger","floor":3},{"not_picked":["Heavy Blade","Warcry","Evolve"],"picked":"SKIP","floor":5},{"not_picked":["Sever Soul","Ghostly Armor"],"picked":"Iron Wave","floor":7},{"not_picked":["Warcry","Havoc","Barricade"],"picked":"SKIP","floor":12},{"not_picked":["Hemokinesis","Wild Strike"],"picked":"Sword Boomerang","floor":14},{"not_picked":["Double Tap","Limit Break"],"picked":"Immolate","floor":16},{"not_picked":["Flex","Clothesline+1"],"picked":"Shrug It Off","floor":18},{"not_picked":["Flex","Seeing Red","Armaments"],"picked":"SKIP","floor":22},{"not_picked":["Pommel Strike","Heavy Blade"],"picked":"Uppercut","floor":28},{"not_picked":["Rampage","Clash"],"picked":"Iron Wave","floor":29},{"not_picked":["Double Tap","Twin Strike+1"],"picked":"Ghostly Armor","floor":31},{"not_picked":["Berserk","Reaper"],"picked":"Feed","floor":33},{"not_picked":["Twin Strike","Heavy Blade"],"picked":"Rage","floor":35},{"not_picked":["Flex","Pummel"],"picked":"Clothesline+1","floor":36},{"not_picked":["Pummel+1","Iron Wave"],"picked":"Shrug It Off","floor":37},{"not_picked":["Corruption","Warcry+1"],"picked":"Iron Wave+1","floor":38},{"not_picked":["Armaments+1","Havoc+1"],"picked":"Battle Trance+1","floor":41},{"not_picked":["Rage","Hemokinesis+1","Blood for Blood"],"picked":"SKIP","floor":42},{"not_picked":["Shrug It Off","Pommel Strike","Havoc"],"picked":"SKIP","floor":45},{"not_picked":["Enlightenment","Secret Technique"],"picked":"Bandage Up","floor":46},{"not_picked":["Perfected Strike","Flex"],"picked":"Twin Strike+1","floor":48}],"player_experience":416378,"relics_obtained":[{"floor":7,"key":"War Paint"},{"floor":9,"key":"Shuriken"},{"floor":11,"key":"Bottled Lightning"},{"floor":26,"key":"Ornamental Fan"},{"floor":29,"key":"Girya"},{"floor":36,"key":"Gambling Chip"},{"floor":42,"key":"Vajra"},{"floor":43,"key":"The Courier"},{"floor":47,"key":"Kunai"}],"event_choices":[{"damage_healed":0,"gold_gain":66,"player_choice":"Gained Gold","damage_taken":0,"max_hp_gain":0,"max_hp_loss":0,"event_name":"Golden Wing","floor":4,"gold_loss":0},{"damage_healed":0,"gold_gain":0,"player_choice":"Ignored","damage_taken":0,"max_hp_gain":0,"max_hp_loss":0,"event_name":"Liars Game","floor":10,"gold_loss":0},{"damage_healed":0,"gold_gain":0,"player_choice":"Ignored","damage_taken":0,"max_hp_gain":0,"max_hp_loss":0,"event_name":"Ghosts","floor":19,"gold_loss":0},{"cards_removed":["Strike_R"],"damage_healed":0,"gold_gain":0,"player_choice":"Gave Gold","damage_taken":0,"max_hp_gain":0,"max_hp_loss":0,"event_name":"Beggar","floor":20,"gold_loss":75},{"damage_healed":0,"gold_gain":0,"player_choice":"Fight","damage_taken":0,"max_hp_gain":0,"max_hp_loss":0,"event_name":"MindBloom","floor":36,"gold_loss":0},{"damage_healed":0,"gold_gain":0,"player_choice":"Ignored","damage_taken":0,"max_hp_gain":0,"max_hp_loss":0,"event_name":"Mysterious Sphere","floor":39,"gold_loss":0},{"damage_healed":0,"gold_gain":0,"player_choice":"Memory 1","damage_taken":0,"max_hp_gain":0,"max_hp_loss":0,"event_name":"SensoryStone","floor":46,"gold_loss":0}],"is_beta":false,"boss_relics":[{"not_picked":["Lizard Tail","Busted Crown"],"picked":"Ectoplasm"},{"not_picked":["Runic Dome","Pandora\u0027s Box"],"picked":"Fusion Hammer"}],"items_purged_floors":[8],"is_endless":false,"potions_floor_spawned":[3,14,16,29,31,35,38,45,48],"ascension_level":17}