{"gold_per_floor":[116,133,146,157,157,157,192,192,242,242,267,267,280,355,355,451,451,418,428,54,72,72,101,25,25,52,52,6,17,30,41,41,145,145,165,165,184,484,502,11,86,119,119,152,152,152],"floor_reached":46,"playtime":2653,"items_purged":["Hologram"],"score":658,"play_id":"0ca93b8b-a7a6-41a4-b2d3-a030483a3e65","local_time":"20190312021302","is_ascension_mode":true,"campfire_choices":[{"data":"Chaos","floor":6,"key":"SMITH"},{"floor":8,"key":"REST"},{"floor":10,"key":"REST"},{"floor":15,"key":"REST"},{"floor":25,"key":"REST"},{"floor":32,"key":"REST"},{"floor":45,"key":"REST"}],"neow_cost":"NONE","seed_source_timestamp":3715504547100,"circlet_count":0,"master_deck":["Defend_B","Defend_B","Defend_B","Defend_B","Zap","Dualcast","Coolheaded","Chaos+1","Steam","Skim","Conserve Battery+1","Ball Lightning","Reprogram","Thunder Strike","Capacitor+1","Rebound+1","Leap","Stack","Thunder Strike","Echo Form","White Noise","Streamline+1","Bite+1","Bite+1","Bite+1","Bite+1","Bite+1","Go for the Eyes+1","Barrage+1","Defragment","Gash+1","Thunder Strike+1","Gash+1","Gash+1","Hello World+1","Thunder Strike+1","Conserve Battery","Good Instincts","Go for the Eyes+1","Gash+1"],"relics":["Cracked Core","Kunai","Regal Pillow","Bronze Scales","Pen Nib","Nuclear Battery","Oddly Smooth Stone","Molten Egg 2","Centennial Puzzle","Boot","Fusion Hammer","Sling","Sundial","Potion Belt","Question Card","PreservedInsect"],"potions_floor_usage":[16,16,23,31,33,33,42,42,46],"damage_taken":[{"damage":10,"enemies":"Small Slimes","floor":1,"turns":3},{"damage":4,"enemies":"2 Louse","floor":2,"turns":4},{"damage":4,"enemies":"Jaw Worm","floor":3,"turns":3},{"damage":0,"enemies":"Looter","floor":4,"turns":4},{"damage":21,"enemies":"Lagavulin","floor":7,"turns":8},{"damage":31,"enemies":"3 Sentries","floor":11,"turns":7},{"damage":0,"enemies":"Blue Slaver","floor":13,"turns":4},{"damage":36,"enemies":"Hexaghost","floor":16,"turns":10},{"damage":19,"enemies":"2 Thieves","floor":18,"turns":5},{"damage":2,"enemies":"3 Byrds","floor":19,"turns":3},{"damage":0,"enemies":"Sentry and Sphere","floor":21,"turns":3},{"damage":15,"enemies":"Book of Stabbing","floor":23,"turns":4},{"damage":22,"enemies":"Shelled Parasite and Fungi","floor":29,"turns":7},{"damage":13,"enemies":"Cultist and Chosen","floor":30,"turns":4},{"damage":21,"enemies":"Centurion and Healer","floor":31,"turns":4},{"damage":54,"enemies":"Champ","floor":33,"turns":8},{"damage":22,"enemies":"Orb Walker","floor":35,"turns":3},{"damage":6,"enemies":"3 Shapes","floor":37,"turns":3},{"damage":20,"enemies":"Writhing Mass","floor":39,"turns":6},{"damage":15,"enemies":"Nemesis","floor":42,"turns":6},{"damage":22,"enemies":"Reptomancer","floor":44,"turns":7},{"damage":67,"enemies":"Nemesis","floor":46,"turns":4}],"seed_played":"-4199165410382071022","potions_obtained":[{"floor":4,"key":"SkillPotion"},{"floor":7,"key":"Weak Potion"},{"floor":11,"key":"Explosive Potion"},{"floor":16,"key":"Strength Potion"},{"floor":21,"key":"PowerPotion"},{"floor":30,"key":"AttackPotion"},{"floor":31,"key":"Strength Potion"},{"floor":33,"key":"Weak Potion"},{"floor":35,"key":"Regen Potion"},{"floor":42,"key":"Energy Potion"}],"is_trial":false,"path_per_floor":["M","M","M","M","?","R","E","R","T","R","E","?","M","?","R","B",null,"M","M","$","M","?","E","$","R","T","?","$","M","M","M","R","B",null,"M","?","M","?","M","$","T","E","T","E","R","E"],"character_chosen":"DEFECT","items_purchased":["Leap","Stack","Oddly Smooth Stone","Thunder Strike","Streamline+1","Hologram","Go for the Eyes+1","Sling","Thunder Strike+1","Conserve Battery","Good Instincts"],"campfire_rested":6,"item_purchase_floors":[20,20,20,20,24,24,28,40,40,40,40],"current_hp_per_floor":[72,68,64,64,64,64,43,67,67,82,51,51,51,40,79,43,82,63,61,61,61,61,46,46,82,82,57,57,53,44,35,57,18,57,38,38,41,41,45,45,45,51,51,38,57,0],"gold":152,"neow_bonus":"TEN_PERCENT_HP_BONUS","is_prod":false,"is_daily":false,"chose_seed":false,"campfire_upgraded":1,"win_rate":0,"timestamp":1552371182,"path_taken":["M","M","M","M","?","R","E","R","T","R","E","?","M","?","R","BOSS","M","M","$","M","?","E","$","R","T","?","?","?","M","M","R","BOSS","M","?","?","?","?","$","?","E","T","E","R","E"],"build_version":"2019-01-23","purchased_purges":1,"victory":false,"max_hp_per_floor":[82,82,82,82,82,82,82,82,82,82,82,82,82,82,82,82,82,82,82,82,82,82,82,82,82,82,57,57,57,57,57,57,57,57,57,57,57,57,57,57,57,57,57,57,57,57],"card_choices":[{"not_picked":["Go for the Eyes","Steam"],"picked":"Coolheaded","floor":1},{"not_picked":["Reinforced Body","Darkness"],"picked":"Chaos","floor":2},{"not_picked":["Ball Lightning","Rip and Tear"],"picked":"Steam","floor":3},{"not_picked":["Steam","Gash"],"picked":"Skim","floor":4},{"not_picked":["Darkness","Streamline"],"picked":"Conserve Battery","floor":7},{"not_picked":["Static Discharge","Fission"],"picked":"Ball Lightning","floor":11},{"not_picked":["Hologram","Skim"],"picked":"Reprogram","floor":13},{"not_picked":["Hyperbeam","Biased Cognition"],"picked":"Thunder Strike","floor":16},{"not_picked":["Redo","Lockon"],"picked":"Capacitor+1","floor":18},{"not_picked":["Turbo","Steam"],"picked":"Rebound+1","floor":19},{"not_picked":["Barrage+1","Chaos"],"picked":"Echo Form","floor":21},{"not_picked":["Buffer","Gash+1"],"picked":"White Noise","floor":23},{"not_picked":["Turbo","Recycle+1"],"picked":"Barrage+1","floor":29},{"not_picked":["Blizzard+1","Static Discharge"],"picked":"Defragment","floor":30},{"not_picked":["Reinforced Body","Streamline+1"],"picked":"Gash+1","floor":31},{"not_picked":["Amplify","Seek"],"picked":"Thunder Strike+1","floor":33},{"not_picked":["Heatsinks+1","Barrage+1"],"picked":"Gash+1","floor":35},{"not_picked":["Leap","Go for the Eyes+1"],"picked":"Gash+1","floor":37},{"not_picked":["Cold Snap+1","Chaos"],"picked":"Hello World+1","floor":39},{"not_picked":["Seek","Redo+1"],"picked":"Go for the Eyes+1","floor":42},{"not_picked":["Doom and Gloom+1","Sweeping Beam+1","Stack"],"picked":"Gash+1","floor":44}],"player_experience":30455,"relics_obtained":[{"floor":7,"key":"Kunai"},{"floor":9,"key":"Regal Pillow"},{"floor":11,"key":"Bronze Scales"},{"floor":23,"key":"Centennial Puzzle"},{"floor":26,"key":"Boot"},{"floor":41,"key":"Sundial"},{"floor":42,"key":"Potion Belt"},{"floor":43,"key":"Question Card"},{"floor":44,"key":"PreservedInsect"}],"event_choices":[{"damage_healed":0,"gold_gain":0,"player_choice":"Ignored","damage_taken":0,"max_hp_gain":0,"max_hp_loss":0,"event_name":"Liars Game","floor":5,"gold_loss":0},{"damage_healed":0,"gold_gain":0,"player_choice":"Searched \u00271\u0027 times","damage_taken":0,"relics_obtained":["Pen Nib"],"max_hp_gain":0,"max_hp_loss":0,"event_name":"Dead Adventurer","floor":12,"gold_loss":0},{"damage_healed":0,"gold_gain":75,"player_choice":"Gather Gold","damage_taken":11,"max_hp_gain":0,"max_hp_loss":0,"event_name":"World of Goop","floor":14,"gold_loss":0},{"damage_healed":0,"gold_gain":0,"player_choice":"Opened","damage_taken":0,"relics_obtained":["Molten Egg 2"],"max_hp_gain":0,"max_hp_loss":0,"event_name":"The Mausoleum","floor":22,"gold_loss":0},{"damage_healed":0,"gold_gain":0,"player_choice":"Became a vampire","damage_taken":0,"max_hp_gain":0,"max_hp_loss":25,"event_name":"Vampires","floor":27,"gold_loss":0,"cards_obtained":["Bite","Bite","Bite","Bite","Bite"]},{"damage_healed":0,"gold_gain":0,"player_choice":"Upgraded","damage_taken":0,"max_hp_gain":0,"max_hp_loss":0,"event_name":"Upgrade Shrine","floor":36,"gold_loss":0,"cards_upgraded":["Conserve Battery"]},{"damage_healed":0,"gold_gain":300,"player_choice":"Gold","damage_taken":0,"max_hp_gain":0,"max_hp_loss":0,"event_name":"Wheel of Change","floor":38,"gold_loss":0}],"is_beta":false,"boss_relics":[{"not_picked":["Astrolabe","Busted Crown"],"picked":"Nuclear Battery"},{"not_picked":["Eternal Feather","Inserter"],"picked":"Fusion Hammer"}],"items_purged_floors":[40],"is_endless":false,"potions_floor_spawned":[4,7,11,16,21,30,31,33,35,42],"killed_by":"Nemesis","ascension_level":1}