{"gold_per_floor":[115,115,115,115,128,128,152,193,193,5,40,64,64,80,80,178,178,194,194,194,219,9,9,9,48,48,48,73,89,89,103,103,103],"floor_reached":33,"playtime":781,"items_purged":["Strike_R","Strike_R"],"score":523,"play_id":"e454a9ae-9ac1-4d27-b200-4752ba7196e2","local_time":"20190718191156","is_ascension_mode":true,"campfire_choices":[{"floor":6,"key":"REST"},{"data":"Flame Barrier","floor":13,"key":"SMITH"},{"data":"Rage","floor":15,"key":"SMITH"},{"data":"True Grit","floor":23,"key":"SMITH"},{"floor":24,"key":"REST"},{"data":"1","floor":27,"key":"LIFT"},{"data":"2","floor":30,"key":"LIFT"},{"data":"3","floor":32,"key":"LIFT"}],"neow_cost":"NONE","seed_source_timestamp":7296520983100,"circlet_count":0,"master_deck":["AscendersBane","Strike_R","Strike_R","Strike_R","Defend_R","Defend_R","Defend_R","Defend_R","Bash+1","Cleave+1","Headbutt","Rage+1","Pommel Strike+1","Immolate+1","Flame Barrier+1","Headbutt+1","Bludgeon+1","True Grit+1","Metallicize","Thunderclap+1","Berserk","Whirlwind+1","Inflame"],"relics":["Burning Blood","Golden Idol","Molten Egg 2","The Courier","WingedGreaves","Mark of Pain","Enchiridion","Vajra","Girya","Ornamental Fan"],"potions_floor_usage":[11,14,18,29,33],"damage_taken":[{"damage":3,"enemies":"2 Louse","floor":1,"turns":4},{"damage":12,"enemies":"Jaw Worm","floor":5,"turns":3},{"damage":0,"enemies":"Small Slimes","floor":7,"turns":2},{"damage":24,"enemies":"Lagavulin","floor":8,"turns":6},{"damage":8,"enemies":"Gremlin Nob","floor":11,"turns":3},{"damage":0,"enemies":"2 Fungi Beasts","floor":12,"turns":2},{"damage":5,"enemies":"3 Louse","floor":14,"turns":3},{"damage":21,"enemies":"The Guardian","floor":16,"turns":10},{"damage":26,"enemies":"Chosen","floor":18,"turns":4},{"damage":0,"enemies":"Spheric Guardian","floor":21,"turns":2},{"damage":24,"enemies":"Book of Stabbing","floor":25,"turns":4},{"damage":19,"enemies":"Centurion and Healer","floor":28,"turns":7},{"damage":0,"enemies":"Snecko","floor":29,"turns":2},{"damage":0,"enemies":"3 Cultists","floor":31,"turns":2},{"damage":67,"enemies":"Champ","floor":33,"turns":8}],"seed_played":"-6836146412835114003","potions_obtained":[{"floor":5,"key":"EssenceOfSteel"},{"floor":11,"key":"Fruit Juice"},{"floor":14,"key":"Fruit Juice"},{"floor":16,"key":"SneckoOil"},{"floor":21,"key":"Explosive Potion"}],"is_trial":false,"path_per_floor":["M","?","?","?","M","R","M","E","T","$","E","M","R","M","R","B",null,"M","?","?","M","$","R","R","E","T","R","M","M","R","M","R","B"],"character_chosen":"IRONCLAD","items_purchased":["Immolate+1","Vajra"],"campfire_rested":2,"item_purchase_floors":[10,22],"current_hp_per_floor":[71,45,45,45,39,61,67,49,49,49,52,58,58,64,64,49,76,56,56,35,41,41,41,66,48,48,48,35,41,41,47,47,0],"gold":103,"neow_bonus":"UPGRADE_CARD","is_prod":false,"is_daily":false,"chose_seed":false,"campfire_upgraded":3,"win_rate":0,"timestamp":1563491516,"path_taken":["M","?","?","?","M","R","M","E","T","$","E","M","R","M","R","BOSS","M","?","?","M","$","R","R","E","T","R","M","M","R","M","R","BOSS"],"build_version":"2019-07-17","purchased_purges":2,"victory":false,"max_hp_per_floor":[75,75,75,75,75,75,75,75,75,75,80,80,80,85,85,85,85,85,85,85,85,85,85,85,85,85,85,85,85,85,85,85,85],"card_choices":[{"not_picked":["Wild Strike","Heavy Blade"],"picked":"Cleave","floor":1},{"not_picked":["Anger","Cleave"],"picked":"Headbutt","floor":5},{"not_picked":["Clothesline","Second Wind"],"picked":"Rage","floor":7},{"not_picked":["Heavy Blade","Cleave"],"picked":"Pommel Strike","floor":8},{"not_picked":["Havoc","Clothesline+1"],"picked":"Flame Barrier","floor":11},{"not_picked":["Anger+1","Body Slam+1","Wild Strike+1"],"picked":"SKIP","floor":12},{"not_picked":["Heavy Blade+1","Infernal Blade"],"picked":"Headbutt+1","floor":14},{"not_picked":["Fiend Fire+1","Immolate+1"],"picked":"Bludgeon+1","floor":16},{"not_picked":["Rupture","Flex","Havoc"],"picked":"SKIP","floor":18},{"not_picked":["Heavy Blade+1","Flex"],"picked":"Metallicize","floor":21},{"not_picked":["Bloodletting+1","Body Slam+1"],"picked":"Thunderclap+1","floor":25},{"not_picked":["Anger+1","Clash+1"],"picked":"Berserk","floor":28},{"not_picked":["Sentinel","Headbutt+1"],"picked":"Whirlwind+1","floor":29},{"not_picked":["Sword Boomerang+1","Heavy Blade+1"],"picked":"Inflame","floor":31}],"player_experience":437750,"relics_obtained":[{"floor":8,"key":"Molten Egg 2"},{"floor":9,"key":"The Courier"},{"floor":11,"key":"WingedGreaves"},{"floor":20,"key":"Enchiridion"},{"floor":25,"key":"Girya"},{"floor":26,"key":"Ornamental Fan"}],"event_choices":[{"damage_healed":0,"gold_gain":0,"player_choice":"Take Damage","damage_taken":26,"relics_obtained":["Golden Idol"],"max_hp_gain":0,"max_hp_loss":0,"event_name":"Golden Idol","floor":2,"gold_loss":0},{"damage_healed":0,"gold_gain":0,"player_choice":"Ignored","damage_taken":0,"max_hp_gain":0,"max_hp_loss":0,"event_name":"Liars Game","floor":3,"gold_loss":0},{"damage_healed":0,"gold_gain":0,"player_choice":"Grow","damage_taken":0,"max_hp_gain":0,"max_hp_loss":0,"event_name":"Living Wall","floor":4,"gold_loss":0,"cards_upgraded":["Cleave"]},{"damage_healed":0,"gold_gain":0,"player_choice":"Read","damage_taken":0,"max_hp_gain":0,"max_hp_loss":0,"event_name":"The Library","floor":19,"gold_loss":0,"cards_obtained":["True Grit"]},{"damage_healed":0,"gold_gain":0,"player_choice":"Obtained Book","damage_taken":21,"max_hp_gain":0,"max_hp_loss":0,"event_name":"Cursed Tome","floor":20,"gold_loss":0}],"is_beta":false,"boss_relics":[{"not_picked":["Pandora\u0027s Box","Ectoplasm"],"picked":"Mark of Pain"}],"items_purged_floors":[10,22],"is_endless":false,"potions_floor_spawned":[5,11,14,16,21,28],"killed_by":"Champ","ascension_level":18}