{"gold_per_floor":[111,124,74,84,96,96,121,141,141,159,214,214,232,232,232,332,332,345,345,362,139,139,139,171,171,221,231,245,257,283,295,295,395,395,411,438,61,72,84,84,116,116,116,136,136,151,151,75,75,75],"floor_reached":50,"playtime":2278,"items_purged":["Strike_B","Defend_B"],"score":656,"play_id":"40ae865c-be92-477a-b6e6-110e000cb9a0","local_time":"20190628211233","is_ascension_mode":true,"campfire_choices":[{"data":"Defragment","floor":6,"key":"SMITH"},{"data":"Self Repair","floor":12,"key":"SMITH"},{"data":"Glacier","floor":15,"key":"SMITH"},{"data":"Capacitor","floor":23,"key":"SMITH"},{"data":"Multi-Cast","floor":25,"key":"SMITH"},{"floor":32,"key":"REST"},{"data":"Machine Learning","floor":40,"key":"SMITH"},{"data":"Blizzard","floor":45,"key":"SMITH"},{"data":"Glacier","floor":47,"key":"SMITH"},{"data":"Capacitor","floor":49,"key":"SMITH"}],"neow_cost":"NONE","seed_source_timestamp":13849608423500,"circlet_count":0,"master_deck":["Defend_B","Defend_B","Zap+1","Dualcast","Coolheaded","Streamline","Glacier+1","Defragment+1","Coolheaded","Capacitor+1","Self Repair+1","Beam Cell","Hologram","Multi-Cast+1","Double Energy+1","Lockon+1","Fusion+1","Stack+1","Glacier+1","Chill+1","FTL","Melter","Conserve Battery","Rip and Tear","Ball Lightning+1","Ball Lightning+1","Tempest","Machine Learning+1","Redo+1","Blizzard+1","Sunder","Stack","Finesse","Self Repair+1","Force Field+1","Tempest+1","Ball Lightning","Cold Snap+1","Capacitor+1"],"relics":["Cracked Core","Dream Catcher","Bag of Marbles","Tiny Chest","Symbiotic Virus","Astrolabe","Mummified Hand","Question Card","Potion Belt","Letter Opener","Sozu","War Paint","Blood Vial","Dodecahedron"],"potions_floor_usage":[24,33,33,41,50],"damage_taken":[{"damage":2,"enemies":"Small Slimes","floor":1,"turns":5},{"damage":2,"enemies":"2 Louse","floor":2,"turns":2},{"damage":0,"enemies":"Jaw Worm","floor":4,"turns":4},{"damage":4,"enemies":"Red Slaver","floor":5,"turns":4},{"damage":7,"enemies":"Lagavulin","floor":7,"turns":9},{"damage":3,"enemies":"Looter","floor":8,"turns":3},{"damage":9,"enemies":"Exordium Wildlife","floor":10,"turns":7},{"damage":28,"enemies":"Gremlin Nob","floor":11,"turns":5},{"damage":0,"enemies":"2 Fungi Beasts","floor":13,"turns":4},{"damage":13,"enemies":"Hexaghost","floor":16,"turns":10},{"damage":8,"enemies":"Shell Parasite","floor":18,"turns":3},{"damage":13,"enemies":"Spheric Guardian","floor":20,"turns":4},{"damage":23,"enemies":"Book of Stabbing","floor":24,"turns":9},{"damage":0,"enemies":"Snake Plant","floor":27,"turns":2},{"damage":0,"enemies":"Shelled Parasite and Fungi","floor":28,"turns":7},{"damage":12,"enemies":"Chosen and Byrds","floor":29,"turns":12},{"damage":51,"enemies":"Gremlin Leader","floor":30,"turns":10},{"damage":16,"enemies":"Cultist and Chosen","floor":31,"turns":8},{"damage":46,"enemies":"Automaton","floor":33,"turns":10},{"damage":0,"enemies":"3 Shapes","floor":35,"turns":3},{"damage":22,"enemies":"3 Darklings","floor":38,"turns":6},{"damage":7,"enemies":"Jaw Worm Horde","floor":39,"turns":5},{"damage":51,"enemies":"Giant Head","floor":41,"turns":8},{"damage":0,"enemies":"Transient","floor":44,"turns":5},{"damage":0,"enemies":"4 Shapes","floor":46,"turns":3},{"damage":84,"enemies":"Time Eater","floor":50,"turns":8}],"seed_played":"-6290014396004139598","potions_obtained":[{"floor":8,"key":"SpeedPotion"},{"floor":11,"key":"Fire Potion"},{"floor":16,"key":"LiquidBronze"},{"floor":29,"key":"Swift Potion"},{"floor":30,"key":"Explosive Potion"},{"floor":31,"key":"Fire Potion"},{"floor":33,"key":"SpeedPotion"}],"is_trial":false,"path_per_floor":["M","M","?","M","M","R","E","M","T","M","E","R","M","?","R","B",null,"M","?","M","$","T","R","E","R","T","M","M","M","E","M","R","B",null,"M","T","$","M","M","R","E","?","T","M","R","M","R","$","R","B"],"character_chosen":"DEFECT","items_purchased":["Chill","FTL","Blizzard","Sunder","Stack","Finesse","Capacitor"],"campfire_rested":1,"item_purchase_floors":[21,21,37,37,37,37,48],"current_hp_per_floor":[80,78,78,78,74,74,67,64,64,55,34,34,44,37,37,34,82,82,82,79,79,79,79,66,66,66,66,76,74,33,27,51,15,82,82,82,82,70,82,82,51,51,51,73,73,78,78,78,78,0],"gold":75,"neow_bonus":"TEN_PERCENT_HP_BONUS","is_prod":false,"is_daily":false,"chose_seed":false,"campfire_upgraded":9,"win_rate":0,"timestamp":1561770753,"path_taken":["M","M","?","M","M","R","E","M","T","M","E","R","M","?","R","BOSS","M","?","M","$","?","R","E","R","T","M","M","M","E","M","R","BOSS","M","?","$","M","M","R","E","?","T","M","R","M","R","?","R","BOSS"],"build_version":"2019-01-23","purchased_purges":2,"victory":false,"max_hp_per_floor":[82,82,82,82,82,82,82,82,82,82,82,82,82,82,82,82,82,82,82,82,82,82,82,82,82,82,82,82,82,82,82,82,82,82,82,82,82,82,82,82,82,78,78,78,78,78,78,78,78,78],"card_choices":[{"not_picked":["Go for the Eyes","Beam Cell"],"picked":"Coolheaded","floor":1},{"not_picked":["Rebound","Gash"],"picked":"Streamline","floor":2},{"not_picked":["Barrage","Gash"],"picked":"Glacier","floor":4},{"not_picked":["Redo","Sweeping Beam"],"picked":"Defragment","floor":5},{"not_picked":["Skim","Darkness"],"picked":"Coolheaded","floor":7},{"not_picked":["Barrage","Leap"],"picked":"Capacitor","floor":8},{"not_picked":["Lockon","Defragment"],"picked":"Self Repair","floor":10},{"not_picked":["Capacitor","Lockon"],"picked":"Beam Cell","floor":11},{"not_picked":["Leap","Creative AI"],"picked":"Hologram","floor":13},{"not_picked":["Thunder Strike","Fission"],"picked":"Multi-Cast","floor":16},{"not_picked":["Turbo+1","Glacier"],"picked":"Stack+1","floor":18},{"not_picked":["Skim","Stack"],"picked":"Glacier","floor":20},{"not_picked":["Recycle","Reinforced Body"],"picked":"Melter","floor":24},{"not_picked":["Gash","Reprogram","Compile Driver"],"picked":"Conserve Battery","floor":27},{"not_picked":["Sweeping Beam","Heatsinks+1","Go for the Eyes"],"picked":"Rip and Tear","floor":28},{"not_picked":["Melter","Streamline+1","Reinforced Body"],"picked":"Ball Lightning+1","floor":29},{"not_picked":["Streamline","Storm","Aggregate+1","FTL"],"picked":"SKIP","floor":30},{"not_picked":["Go for the Eyes+1","Amplify","Barrage"],"picked":"Ball Lightning+1","floor":31},{"not_picked":["Hologram","Compile Driver","Skim"],"picked":"Tempest","floor":32},{"not_picked":["Hyperbeam","Creative AI","Fission"],"picked":"Machine Learning","floor":33},{"not_picked":["Ball Lightning","Rebound","Go for the Eyes+1"],"picked":"Redo+1","floor":35},{"not_picked":["Sweeping Beam","Go for the Eyes","Stack+1"],"picked":"Self Repair+1","floor":38},{"not_picked":["Go for the Eyes+1","Ball Lightning","Heatsinks+1"],"picked":"Force Field+1","floor":39},{"not_picked":["Seek","Chill","Go for the Eyes"],"picked":"Tempest+1","floor":41},{"not_picked":["Go for the Eyes","Redo+1","Glacier"],"picked":"Ball Lightning","floor":44},{"not_picked":["Conserve Battery","Compile Driver+1","Scrape"],"picked":"Cold Snap+1","floor":46}],"player_experience":412777,"relics_obtained":[{"floor":7,"key":"Dream Catcher"},{"floor":9,"key":"Bag of Marbles"},{"floor":11,"key":"Tiny Chest"},{"floor":22,"key":"Mummified Hand"},{"floor":24,"key":"Question Card"},{"floor":26,"key":"Potion Belt"},{"floor":30,"key":"Letter Opener"},{"floor":36,"key":"War Paint"},{"floor":41,"key":"Blood Vial"},{"floor":43,"key":"Dodecahedron"}],"event_choices":[{"cards_removed":["Strike_B"],"damage_healed":0,"gold_gain":0,"player_choice":"Card Removal","damage_taken":0,"max_hp_gain":0,"max_hp_loss":0,"event_name":"The Cleric","floor":3,"gold_loss":50},{"damage_healed":0,"gold_gain":0,"player_choice":"Success","damage_taken":7,"relics_obtained":["Symbiotic Virus"],"max_hp_gain":0,"max_hp_loss":0,"event_name":"Scrap Ooze","floor":14,"gold_loss":0},{"damage_healed":0,"gold_gain":0,"player_choice":"Ignored","damage_taken":0,"max_hp_gain":0,"max_hp_loss":0,"event_name":"Ghosts","floor":19,"gold_loss":0},{"damage_healed":0,"gold_gain":0,"player_choice":"Max HP","damage_taken":0,"max_hp_gain":0,"max_hp_loss":4,"event_name":"Winding Halls","floor":42,"gold_loss":0}],"is_beta":false,"boss_relics":[{"not_picked":["Velvet Choker","Coffee Dripper"],"picked":"Astrolabe"},{"not_picked":["Busted Crown","Fusion Hammer"],"picked":"Sozu"}],"items_purged_floors":[21,37],"is_endless":false,"potions_floor_spawned":[8,11,16,18,29,30,31,33,39,41,46],"killed_by":"Time Eater","ascension_level":4}