{"gold_per_floor":[113,132,132,61,61,86,86,86,86,86,101,101,101,144,144,264,264,289,289,289,305,12,12,47,47,72,83,8,24,24,40,40,40],"floor_reached":33,"playtime":1194,"items_purged":["Strike_R+1"],"score":434,"play_id":"131506a6-4f1d-4744-ba7f-07f2a081081c","local_time":"20190516182037","is_ascension_mode":true,"campfire_choices":[{"data":"Clothesline","floor":7,"key":"SMITH"},{"data":"Inflame","floor":10,"key":"SMITH"},{"data":"True Grit","floor":12,"key":"SMITH"},{"data":"Ghostly Armor","floor":15,"key":"SMITH"},{"data":"Carnage","floor":23,"key":"SMITH"},{"data":"Limit Break","floor":30,"key":"SMITH"},{"data":"RitualDagger","floor":32,"key":"SMITH"}],"neow_cost":"NONE","seed_source_timestamp":5114416410200,"circlet_count":0,"master_deck":["AscendersBane","Strike_R+1","Strike_R+1","Strike_R+1","Defend_R+1","Defend_R+1","Defend_R+1","Defend_R+1","Bash+1","Clothesline+1","Pommel Strike","Inflame+1","Iron Wave+1","True Grit+1","Ghostly Armor+1","Limit Break+1","RitualDagger+1","Carnage+1"],"relics":["Burning Blood","Bag of Preparation","Bird Faced Urn","Bloody Idol","Bottled Lightning","Bottled Tornado","Busted Crown","Strawberry","Mummified Hand","Centennial Puzzle"],"potions_floor_usage":[24,33,33],"damage_taken":[{"damage":0,"enemies":"Small Slimes","floor":1,"turns":3},{"damage":3,"enemies":"Cultist","floor":2,"turns":4},{"damage":24,"enemies":"Gremlin Nob","floor":6,"turns":4},{"damage":5,"enemies":"2 Louse","floor":11,"turns":2},{"damage":11,"enemies":"Lagavulin","floor":14,"turns":5},{"damage":44,"enemies":"Slime Boss","floor":16,"turns":11},{"damage":0,"enemies":"Chosen","floor":18,"turns":4},{"damage":16,"enemies":"2 Thieves","floor":21,"turns":4},{"damage":4,"enemies":"Book of Stabbing","floor":24,"turns":6},{"damage":11,"enemies":"3 Cultists","floor":27,"turns":5},{"damage":0,"enemies":"Cultist and Chosen","floor":29,"turns":4},{"damage":3,"enemies":"Sentry and Sphere","floor":31,"turns":3},{"damage":106,"enemies":"Collector","floor":33,"turns":9}],"seed_played":"3503258325669071716","potions_obtained":[{"floor":6,"key":"Energy Potion"},{"floor":14,"key":"FearPotion"},{"floor":24,"key":"BloodPotion"}],"is_trial":false,"path_per_floor":["M","M","?","$","?","E","R","?","T","R","M","R","?","E","R","B",null,"M","?","?","M","$","R","E","?","T","M","?","M","R","M","R","B"],"character_chosen":"IRONCLAD","items_purchased":["Inflame","Strawberry","Carnage"],"campfire_rested":0,"item_purchase_floors":[4,22,22],"current_hp_per_floor":[78,80,80,80,85,67,67,46,46,46,47,47,47,44,44,8,66,74,74,68,60,67,67,71,71,76,78,78,91,91,92,92,0],"gold":40,"neow_bonus":"RANDOM_COMMON_RELIC","is_prod":false,"is_daily":false,"chose_seed":false,"campfire_upgraded":7,"win_rate":0,"timestamp":1558045237,"path_taken":["M","M","?","?","?","E","R","?","T","R","?","R","?","E","R","BOSS","M","?","?","M","$","R","E","?","T","M","?","M","R","M","R","BOSS"],"build_version":"2019-01-23","purchased_purges":1,"victory":false,"max_hp_per_floor":[80,80,80,80,85,85,85,85,85,85,85,85,85,85,85,85,85,85,85,85,85,92,92,92,92,92,92,92,92,92,92,92,92],"card_choices":[{"not_picked":["Cleave","Wild Strike"],"picked":"Clothesline","floor":1},{"not_picked":["Uppercut","Havoc"],"picked":"Pommel Strike","floor":2},{"not_picked":["Dropkick","Clothesline"],"picked":"Iron Wave","floor":6},{"not_picked":["Evolve","Corruption"],"picked":"True Grit","floor":11},{"not_picked":["Sever Soul","Clash"],"picked":"Ghostly Armor","floor":14},{"not_picked":["Exhume","Offering"],"picked":"Limit Break","floor":16},{"not_picked":["Pommel Strike"],"picked":"SKIP","floor":18},{"not_picked":["Havoc"],"picked":"SKIP","floor":21},{"not_picked":["Shockwave"],"picked":"SKIP","floor":24},{"not_picked":["Iron Wave"],"picked":"SKIP","floor":27},{"not_picked":["Havoc"],"picked":"SKIP","floor":29},{"not_picked":["Cleave"],"picked":"SKIP","floor":31}],"player_experience":291861,"relics_obtained":[{"floor":6,"key":"Bird Faced Urn"},{"floor":9,"key":"Bottled Lightning"},{"floor":14,"key":"Bottled Tornado"},{"floor":24,"key":"Mummified Hand"},{"floor":26,"key":"Centennial Puzzle"}],"event_choices":[{"damage_healed":0,"gold_gain":0,"player_choice":"Forge","damage_taken":0,"max_hp_gain":0,"max_hp_loss":0,"event_name":"Accursed Blacksmith","floor":3,"gold_loss":0,"cards_upgraded":["Bash"]},{"damage_healed":0,"gold_gain":0,"player_choice":"Donut","damage_taken":0,"max_hp_gain":5,"max_hp_loss":0,"event_name":"Big Fish","floor":5,"gold_loss":0},{"damage_healed":0,"gold_gain":0,"player_choice":"Take Damage","damage_taken":21,"relics_obtained":["Golden Idol"],"max_hp_gain":0,"max_hp_loss":0,"event_name":"Golden Idol","floor":8,"gold_loss":0},{"damage_healed":0,"gold_gain":0,"player_choice":"Grow","damage_taken":0,"max_hp_gain":0,"max_hp_loss":0,"event_name":"Living Wall","floor":13,"gold_loss":0,"cards_upgraded":["Iron Wave"]},{"damage_healed":0,"gold_gain":0,"player_choice":"Simplicity","damage_taken":0,"max_hp_gain":0,"max_hp_loss":0,"event_name":"Back to Basics","floor":19,"gold_loss":0,"cards_upgraded":["Strike_R","Strike_R","Strike_R","Strike_R","Strike_R","Defend_R","Defend_R","Defend_R","Defend_R"]},{"damage_healed":0,"gold_gain":0,"player_choice":"Joined the Cult","damage_taken":6,"max_hp_gain":0,"max_hp_loss":0,"event_name":"Nest","floor":20,"gold_loss":0,"cards_obtained":["RitualDagger"]},{"damage_healed":0,"gold_gain":0,"player_choice":"Gave Idol","damage_taken":0,"relics_obtained":["Bloody Idol"],"max_hp_gain":0,"max_hp_loss":0,"event_name":"Forgotten Altar","floor":25,"relics_lost":["Golden Idol"],"gold_loss":0},{"cards_removed":["Strike_R"],"damage_healed":0,"gold_gain":0,"player_choice":"Gave Gold","damage_taken":0,"max_hp_gain":0,"max_hp_loss":0,"event_name":"Beggar","floor":28,"gold_loss":75}],"is_beta":false,"boss_relics":[{"not_picked":["Lizard Tail","Fusion Hammer"],"picked":"Busted Crown"}],"items_purged_floors":[22],"is_endless":false,"potions_floor_spawned":[6,14,16,18,24,29],"killed_by":"Collector","ascension_level":12}