{"gold_per_floor":[113,113,129,129,54,54,70,70,94,94,110,34,66,78,78,174,174,185,111,111,111,111,61,79,111,111,111,130,130,130,80,80,80],"floor_reached":33,"playtime":1099,"items_purged":["Strike_R","Strike_R","Strike_R","Strike_R","Defend_R"],"score":313,"play_id":"45e1c0c3-44e7-4e19-8e6c-6f48e600d03a","local_time":"20190411185447","is_ascension_mode":true,"campfire_choices":[{"data":"Pommel Strike","floor":6,"key":"SMITH"},{"data":"Sword Boomerang","floor":8,"key":"SMITH"},{"data":"Cleave","floor":10,"key":"SMITH"},{"data":"Flex","floor":15,"key":"SMITH"},{"data":"Armaments","floor":27,"key":"SMITH"},{"data":"Shrug It Off","floor":29,"key":"SMITH"},{"data":"Flex","floor":30,"key":"SMITH"},{"floor":32,"key":"REST"}],"neow_cost":"NONE","seed_source_timestamp":5935617027200,"circlet_count":0,"master_deck":["Strike_R","Defend_R","Defend_R","Defend_R","Bash+1","Sword Boomerang+1","Thunderclap","Pommel Strike+1","Cleave+1","Shrug It Off+1","Flex+1","Anger","Limit Break+1","Sword Boomerang+1","Armaments+1","Ghostly Armor","Cleave","Flex+1"],"relics":["Burning Blood","Ornamental Fan","Smiling Mask","Anchor","Velvet Choker","Enchiridion","Potion Belt","WingedGreaves"],"potions_floor_usage":[16,33,33,33],"damage_taken":[{"damage":6,"enemies":"Cultist","floor":1,"turns":3},{"damage":7,"enemies":"2 Louse","floor":3,"turns":3},{"damage":8,"enemies":"Jaw Worm","floor":7,"turns":2},{"damage":0,"enemies":"3 Louse","floor":11,"turns":1},{"damage":8,"enemies":"Gremlin Nob","floor":13,"turns":3},{"damage":0,"enemies":"2 Fungi Beasts","floor":14,"turns":2},{"damage":38,"enemies":"Hexaghost","floor":16,"turns":9},{"damage":8,"enemies":"3 Byrds","floor":18,"turns":5},{"damage":12,"enemies":"Colosseum Slavers","floor":21,"turns":3},{"damage":0,"enemies":"Chosen","floor":24,"turns":4},{"damage":33,"enemies":"Book of Stabbing","floor":25,"turns":5},{"damage":4,"enemies":"3 Cultists","floor":28,"turns":3},{"damage":80,"enemies":"Champ","floor":33,"turns":9}],"seed_played":"-3308643337427512844","potions_obtained":[{"floor":1,"key":"GamblersBrew"},{"floor":11,"key":"Block Potion"},{"floor":13,"key":"Strength Potion"},{"floor":24,"key":"Ancient Potion"},{"floor":28,"key":"SmokeBomb"}],"is_trial":false,"path_per_floor":["M","T","M","?","$","R","M","R","T","R","M","$","E","M","R","B",null,"M","$","?","?","?","$","M","E","T","R","M","R","R","$","R","B"],"character_chosen":"IRONCLAD","items_purchased":["Flex","Armaments"],"campfire_rested":1,"item_purchase_floors":[12,19],"current_hp_per_floor":[80,80,79,79,79,79,77,77,77,77,80,80,78,80,80,48,80,78,78,62,56,56,56,62,35,35,35,37,37,37,37,61,0],"gold":80,"neow_bonus":"THREE_CARDS","is_prod":false,"is_daily":false,"chose_seed":false,"campfire_upgraded":7,"win_rate":0,"timestamp":1555023287,"path_taken":["M","?","M","?","?","R","M","R","T","R","M","$","E","M","R","BOSS","M","$","?","?","?","$","M","E","T","R","M","R","R","$","R","BOSS"],"build_version":"2019-01-23","purchased_purges":5,"victory":false,"max_hp_per_floor":[80,80,80,80,80,80,80,80,80,80,80,80,80,80,80,80,80,80,80,80,80,80,80,80,80,80,80,80,80,80,80,80,80],"card_choices":[{"not_picked":["Second Wind","True Grit"],"picked":"Sword Boomerang","floor":0},{"not_picked":["Wild Strike","Bloodletting"],"picked":"Thunderclap","floor":1},{"not_picked":["True Grit","Shrug It Off"],"picked":"Pommel Strike","floor":3},{"not_picked":["Armaments","Body Slam"],"picked":"Cleave","floor":7},{"not_picked":["Wild Strike","Feel No Pain"],"picked":"Shrug It Off","floor":11},{"not_picked":["Dual Wield","Perfected Strike"],"picked":"Anger","floor":13},{"not_picked":["Feel No Pain","Clothesline","Thunderclap"],"picked":"SKIP","floor":14},{"not_picked":["Dark Embrace","Juggernaut"],"picked":"Limit Break","floor":16},{"not_picked":["True Grit+1","Flex"],"picked":"Sword Boomerang+1","floor":18},{"not_picked":["True Grit","Body Slam"],"picked":"Ghostly Armor","floor":24},{"not_picked":["Clothesline","Barricade"],"picked":"Cleave","floor":25},{"not_picked":["Clash+1","Warcry+1"],"picked":"Flex","floor":28}],"player_experience":105158,"relics_obtained":[{"floor":2,"key":"Ornamental Fan"},{"floor":9,"key":"Smiling Mask"},{"floor":13,"key":"Anchor"},{"floor":20,"key":"Enchiridion"},{"floor":25,"key":"Potion Belt"},{"floor":26,"key":"WingedGreaves"}],"event_choices":[{"damage_healed":0,"gold_gain":0,"player_choice":"Grow","damage_taken":0,"max_hp_gain":0,"max_hp_loss":0,"event_name":"Living Wall","floor":4,"gold_loss":0,"cards_upgraded":["Bash"]},{"damage_healed":0,"gold_gain":0,"player_choice":"Obtained Book","damage_taken":16,"max_hp_gain":0,"max_hp_loss":0,"event_name":"Cursed Tome","floor":20,"gold_loss":0},{"damage_healed":0,"gold_gain":0,"player_choice":"Fight","damage_taken":0,"max_hp_gain":0,"max_hp_loss":0,"event_name":"Colosseum","floor":21,"gold_loss":0},{"damage_healed":0,"gold_gain":0,"player_choice":"Fled From Nobs","damage_taken":0,"max_hp_gain":0,"max_hp_loss":0,"event_name":"Colosseum","floor":21,"gold_loss":0},{"damage_healed":0,"gold_gain":0,"player_choice":"Forge","damage_taken":0,"max_hp_gain":0,"max_hp_loss":0,"event_name":"Accursed Blacksmith","floor":22,"gold_loss":0,"cards_upgraded":["Limit Break"]}],"is_beta":false,"boss_relics":[{"not_picked":["Coffee Dripper","Philosopher\u0027s Stone"],"picked":"Velvet Choker"}],"items_purged_floors":[5,12,19,23,31],"is_endless":false,"potions_floor_spawned":[1,11,13,24,28],"killed_by":"Champ","ascension_level":4}