{"gold_per_floor":[109,37,49,67,67,67,86,117,166,166,183,244,244,258,258,258],"floor_reached":16,"playtime":752,"items_purged":[],"score":174,"play_id":"b05e6712-fe80-4e38-b39e-a514132da0de","local_time":"20190511190550","is_ascension_mode":true,"campfire_choices":[{"data":"Bash","floor":6,"key":"SMITH"},{"data":"Inflame","floor":10,"key":"SMITH"},{"data":"Flame Barrier","floor":15,"key":"SMITH"}],"neow_cost":"NONE","seed_source_timestamp":30804593362900,"circlet_count":0,"master_deck":["AscendersBane","Strike_R","Strike_R","Strike_R","Strike_R","Defend_R","Defend_R","Defend_R","Defend_R","Bash+1","Pommel Strike","Inflame+1","Flame Barrier+1","Iron Wave","True Grit"],"relics":["Burning Blood","Lantern","Ornamental Fan","Bronze Scales","Tiny Chest"],"potions_floor_usage":[12],"damage_taken":[{"damage":1,"enemies":"Cultist","floor":1,"turns":4},{"damage":3,"enemies":"Small Slimes","floor":3,"turns":3},{"damage":0,"enemies":"2 Louse","floor":4,"turns":3},{"damage":13,"enemies":"Exordium Wildlife","floor":7,"turns":6},{"damage":30,"enemies":"3 Sentries","floor":8,"turns":10},{"damage":1,"enemies":"Blue Slaver","floor":11,"turns":4},{"damage":14,"enemies":"Lagavulin","floor":12,"turns":6},{"damage":21,"enemies":"Exordium Thugs","floor":14,"turns":6},{"damage":31,"enemies":"The Guardian","floor":16,"turns":2}],"seed_played":"3431019404856887167","potions_obtained":[{"floor":1,"key":"FearPotion"},{"floor":3,"key":"SteroidPotion"}],"is_trial":false,"path_per_floor":["M","$","M","M","$","R","M","E","T","R","M","E","?","M","R","B"],"character_chosen":"IRONCLAD","items_purchased":["Inflame"],"campfire_rested":0,"item_purchase_floors":[2],"current_hp_per_floor":[77,77,80,80,80,80,73,49,49,49,54,46,46,31,31,0],"gold":258,"neow_bonus":"RANDOM_COMMON_RELIC","is_prod":false,"is_daily":false,"chose_seed":false,"campfire_upgraded":3,"win_rate":0,"timestamp":1557615950,"path_taken":["M","$","M","M","?","R","M","E","T","R","M","E","?","?","R","BOSS"],"build_version":"2019-01-23","purchased_purges":0,"victory":false,"max_hp_per_floor":[80,80,80,80,80,80,80,80,80,80,80,80,80,80,80,80],"card_choices":[{"not_picked":["Rupture","Sword Boomerang"],"picked":"Pommel Strike","floor":1},{"not_picked":["Dropkick","Pommel Strike","Power Through"],"picked":"SKIP","floor":3},{"not_picked":["Power Through","Feel No Pain"],"picked":"Flame Barrier","floor":4},{"not_picked":["Pommel Strike","Reckless Charge"],"picked":"Iron Wave","floor":7},{"not_picked":["Dark Embrace","Iron Wave","Disarm"],"picked":"SKIP","floor":8},{"not_picked":["Sword Boomerang","Havoc"],"picked":"True Grit","floor":11},{"not_picked":["Power Through","Hemokinesis","Havoc"],"picked":"SKIP","floor":12},{"not_picked":["Clash","Flame Barrier","Thunderclap"],"picked":"SKIP","floor":14}],"player_experience":266051,"relics_obtained":[{"floor":8,"key":"Ornamental Fan"},{"floor":9,"key":"Bronze Scales"},{"floor":12,"key":"Tiny Chest"}],"event_choices":[{"cards_removed":["Strike_R"],"damage_healed":0,"gold_gain":0,"player_choice":"Purged","damage_taken":0,"max_hp_gain":0,"max_hp_loss":0,"event_name":"Purifier","floor":13,"gold_loss":0}],"is_beta":false,"boss_relics":[],"items_purged_floors":[],"is_endless":false,"potions_floor_spawned":[1,3],"killed_by":"The Guardian","ascension_level":11}