{"gold_per_floor":[113,113,124,142,154,154,181,246,271,290,300,319,331,350,350,445,445,460,473,473,484,503,503],"floor_reached":23,"playtime":1435,"items_purged":[],"score":201,"play_id":"42820fc4-8e09-4cca-af8b-29d41e132d09","local_time":"20190308162239","is_ascension_mode":false,"campfire_choices":[{"data":"Defragment","floor":6,"key":"SMITH"},{"data":"Machine Learning","floor":15,"key":"SMITH"}],"neow_cost":"NONE","seed_source_timestamp":8020951805100,"circlet_count":0,"master_deck":["Strike_B","Strike_B","Strike_B","Strike_B","Defend_B","Defend_B","Defend_B","Defend_B","Zap+1","Dualcast","Ball Lightning+1","Defragment+1","Chaos","Cold Snap","BootSequence","Streamline","Gash","Gash","Machine Learning+1","Conserve Battery","Sweeping Beam","Creative AI","Melter+1","Capacitor","Defragment+1","Gash+1","Reprogram+1"],"relics":["Cracked Core","Bag of Marbles","Oddly Smooth Stone","Happy Flower","Black Star"],"potions_floor_usage":[8,8,14,14,16,21,22,23],"damage_taken":[{"damage":0,"enemies":"2 Louse","floor":1,"turns":3},{"damage":1,"enemies":"Cultist","floor":3,"turns":3},{"damage":1,"enemies":"Jaw Worm","floor":4,"turns":3},{"damage":16,"enemies":"Lots of Slimes","floor":5,"turns":5},{"damage":17,"enemies":"Lagavulin","floor":7,"turns":5},{"damage":0,"enemies":"Gremlin Nob","floor":8,"turns":3},{"damage":0,"enemies":"Large Slime","floor":10,"turns":3},{"damage":0,"enemies":"Looter","floor":11,"turns":2},{"damage":0,"enemies":"Exordium Thugs","floor":12,"turns":3},{"damage":7,"enemies":"3 Louse","floor":13,"turns":4},{"damage":0,"enemies":"Lots of Slimes","floor":14,"turns":1},{"damage":1,"enemies":"The Guardian","floor":16,"turns":9},{"damage":6,"enemies":"Chosen","floor":18,"turns":4},{"damage":13,"enemies":"2 Thieves","floor":19,"turns":4},{"damage":16,"enemies":"Snecko","floor":21,"turns":6},{"damage":18,"enemies":"3 Cultists","floor":22,"turns":4},{"damage":24,"enemies":"Slavers","floor":23,"turns":2}],"seed_played":"7600454888210330134","potions_obtained":[{"floor":1,"key":"Explosive Potion"},{"floor":3,"key":"Block Potion"},{"floor":7,"key":"LiquidBronze"},{"floor":10,"key":"Energy Potion"},{"floor":12,"key":"PowerPotion"},{"floor":14,"key":"EssenceOfSteel"},{"floor":21,"key":"Energy Potion"},{"floor":22,"key":"Swift Potion"}],"is_trial":false,"path_per_floor":["M","?","M","M","M","R","E","?","T","M","M","M","M","M","R","B",null,"M","M","?","M","M","E"],"character_chosen":"DEFECT","items_purchased":[],"campfire_rested":0,"item_purchase_floors":[],"current_hp_per_floor":[75,75,74,73,57,57,40,40,40,40,40,40,33,33,33,32,75,69,56,56,40,22,0],"gold":503,"neow_bonus":"UPGRADE_CARD","is_prod":false,"is_daily":false,"chose_seed":false,"campfire_upgraded":2,"win_rate":0.0,"timestamp":1552080159,"path_taken":["M","?","M","?","M","R","E","?","T","M","M","M","M","M","R","BOSS","M","M","?","?","M","E"],"build_version":"2019-01-23","purchased_purges":0,"victory":false,"max_hp_per_floor":[75,75,75,75,75,75,75,75,75,75,75,75,75,75,75,75,75,75,75,75,75,75,75],"card_choices":[{"not_picked":["Loop","Steam Power"],"picked":"Ball Lightning","floor":1},{"not_picked":["Gash","Hello World"],"picked":"Defragment","floor":3},{"not_picked":["Leap","Blizzard"],"picked":"Chaos","floor":4},{"not_picked":["Coolheaded","Barrage"],"picked":"Cold Snap","floor":5},{"not_picked":["Beam Cell","Barrage"],"picked":"BootSequence","floor":7},{"not_picked":["Compile Driver","Go for the Eyes"],"picked":"Streamline","floor":8},{"not_picked":["Scrape","Streamline"],"picked":"Gash","floor":10},{"not_picked":["Sweeping Beam","Barrage"],"picked":"Gash","floor":11},{"not_picked":["Coolheaded","Beam Cell"],"picked":"Machine Learning","floor":12},{"not_picked":["Streamline","Go for the Eyes"],"picked":"Conserve Battery","floor":13},{"not_picked":["Barrage","Biased Cognition"],"picked":"Sweeping Beam","floor":14},{"not_picked":["Amplify","Fission"],"picked":"Creative AI","floor":16},{"not_picked":["Reinforced Body","Blizzard+1"],"picked":"Melter+1","floor":18},{"not_picked":["Sweeping Beam","Steam"],"picked":"Capacitor","floor":19},{"not_picked":["Blizzard+1","Force Field"],"picked":"Gash+1","floor":21},{"not_picked":["Gash","Ball Lightning"],"picked":"Reprogram+1","floor":22}],"player_experience":7641,"relics_obtained":[{"floor":7,"key":"Bag of Marbles"},{"floor":8,"key":"Oddly Smooth Stone"},{"floor":9,"key":"Happy Flower"}],"event_choices":[{"damage_healed":0,"gold_gain":0,"player_choice":"Upgraded","damage_taken":0,"max_hp_gain":0,"max_hp_loss":0,"event_name":"Upgrade Shrine","floor":2,"gold_loss":0,"cards_upgraded":["Ball Lightning"]},{"damage_healed":0,"gold_gain":0,"player_choice":"Searched \u00271\u0027 times","damage_taken":0,"max_hp_gain":0,"max_hp_loss":0,"event_name":"Dead Adventurer","floor":8,"gold_loss":0},{"damage_healed":0,"gold_gain":0,"player_choice":"Copied","damage_taken":0,"max_hp_gain":0,"max_hp_loss":0,"event_name":"Duplicator","floor":20,"gold_loss":0,"cards_obtained":["Defragment"]}],"is_beta":false,"boss_relics":[{"not_picked":["Tiny House","Philosopher\u0027s Stone"],"picked":"Black Star"}],"items_purged_floors":[],"is_endless":false,"potions_floor_spawned":[1,3,7,10,12,14,21,22],"killed_by":"Slavers","ascension_level":0}