{"gold_per_floor":[117,21,21,33,46,46,81,81,108,125,125,75,94,44,44,44],"floor_reached":16,"playtime":651,"items_purged":["Strike_R","Strike_R"],"score":135,"play_id":"39a21dbc-8cf6-4f44-b839-285b6651b30a","local_time":"20190414004224","is_ascension_mode":true,"campfire_choices":[{"data":"Pommel Strike","floor":6,"key":"SMITH"},{"data":"Uppercut","floor":8,"key":"SMITH"},{"data":"Spot Weakness","floor":15,"key":"SMITH"}],"neow_cost":"NONE","seed_source_timestamp":5011615931500,"circlet_count":0,"master_deck":["Strike_R+1","Defend_R","Defend_R","Defend_R","Defend_R","Bash+1","Shrug It Off","Pommel Strike+1","Ghostly Armor","Spot Weakness+1","Uppercut+1","Cleave"],"relics":["Burning Blood","Smiling Mask","Blood Vial","Oddly Smooth Stone"],"potions_floor_usage":[7],"damage_taken":[{"damage":6,"enemies":"Cultist","floor":1,"turns":3},{"damage":6,"enemies":"2 Louse","floor":4,"turns":3},{"damage":2,"enemies":"Jaw Worm","floor":5,"turns":3},{"damage":24,"enemies":"3 Sentries","floor":7,"turns":9},{"damage":6,"enemies":"Exordium Thugs","floor":10,"turns":5},{"damage":0,"enemies":"3 Louse","floor":13,"turns":3},{"damage":62,"enemies":"Slime Boss","floor":16,"turns":8}],"seed_played":"-3461473121066149478","potions_obtained":[{"floor":1,"key":"GamblersBrew"},{"floor":10,"key":"FearPotion"}],"is_trial":false,"path_per_floor":["M","$","?","M","M","R","E","R","T","M","?","?","M","$","R","B"],"character_chosen":"IRONCLAD","items_purchased":["Pommel Strike"],"campfire_rested":0,"item_purchase_floors":[2],"current_hp_per_floor":[72,72,72,72,76,76,58,58,58,60,44,44,52,52,52,0],"gold":44,"neow_bonus":"RANDOM_COMMON_RELIC","is_prod":false,"is_daily":false,"chose_seed":false,"campfire_upgraded":3,"win_rate":0,"timestamp":1555216944,"path_taken":["M","$","?","M","?","R","E","R","T","M","?","?","M","?","R","BOSS"],"build_version":"2019-01-23","purchased_purges":2,"victory":false,"max_hp_per_floor":[80,80,80,80,80,80,80,80,80,80,80,80,80,80,80,80],"card_choices":[{"not_picked":["Twin Strike","Battle Trance"],"picked":"Shrug It Off","floor":1},{"not_picked":["Headbutt","Flex"],"picked":"Ghostly Armor","floor":4},{"not_picked":["Dual Wield","Anger"],"picked":"Spot Weakness","floor":5},{"not_picked":["Pummel","Shrug It Off"],"picked":"Uppercut","floor":7},{"not_picked":["True Grit","Clash"],"picked":"Cleave","floor":10},{"not_picked":["Body Slam","Juggernaut","Thunderclap"],"picked":"SKIP","floor":13}],"player_experience":124825,"relics_obtained":[{"floor":7,"key":"Blood Vial"},{"floor":9,"key":"Oddly Smooth Stone"}],"event_choices":[{"cards_removed":["Strike_R"],"damage_healed":0,"gold_gain":0,"player_choice":"Purged","damage_taken":0,"max_hp_gain":0,"max_hp_loss":0,"event_name":"Purifier","floor":3,"gold_loss":0},{"damage_healed":0,"gold_gain":0,"player_choice":"Entered Light","damage_taken":16,"max_hp_gain":0,"max_hp_loss":0,"event_name":"Shining Light","floor":11,"gold_loss":0,"cards_upgraded":["Bash","Strike_R"]},{"cards_removed":["Strike_R"],"damage_healed":0,"gold_gain":0,"player_choice":"Card Removal","damage_taken":0,"max_hp_gain":0,"max_hp_loss":0,"event_name":"The Cleric","floor":12,"gold_loss":50}],"is_beta":false,"boss_relics":[],"items_purged_floors":[2,14],"is_endless":false,"potions_floor_spawned":[1,10],"killed_by":"Slime Boss","ascension_level":7}