{"gold_per_floor":[112,123,123,143,199,199,229,229,283,318,9,9,35,35,35,35],"floor_reached":16,"playtime":451,"items_purged":[],"score":180,"play_id":"a31b1ec3-f04b-4d84-bafd-c3ad5c87297b","local_time":"20190514170409","is_ascension_mode":true,"campfire_choices":[{"data":"Searing Blow","floor":6,"key":"SMITH"},{"data":"Searing Blow+1","floor":12,"key":"SMITH"},{"data":"Searing Blow+2","floor":15,"key":"SMITH"}],"neow_cost":"NONE","seed_source_timestamp":982722610500,"circlet_count":0,"master_deck":["AscendersBane","Strike_R","Strike_R","Strike_R","Strike_R","Strike_R","Defend_R","Defend_R","Defend_R","Defend_R","Bash","Rage","Shrug It Off","Searing Blow+3","Rampage","Ghostly Armor"],"relics":["Burning Blood","NeowsBlessing","Tiny Chest","Mummified Hand","Lantern","MawBank","Toy Ornithopter","Frozen Egg 2","Du-Vu Doll"],"potions_floor_usage":[10,10,10,13,16],"damage_taken":[{"damage":0,"enemies":"Cultist","floor":1,"turns":1},{"damage":0,"enemies":"Jaw Worm","floor":2,"turns":1},{"damage":0,"enemies":"2 Louse","floor":4,"turns":1},{"damage":44,"enemies":"3 Sentries","floor":7,"turns":11},{"damage":19,"enemies":"Lagavulin","floor":10,"turns":4},{"damage":16,"enemies":"Gremlin Nob","floor":13,"turns":3},{"damage":49,"enemies":"Slime Boss","floor":16,"turns":5}],"seed_played":"8832398112772130031","potions_obtained":[{"floor":1,"key":"EntropicBrew"},{"floor":2,"key":"FearPotion"}],"is_trial":false,"path_per_floor":["M","M","?","M","T","R","E","?","T","E","$","R","E","T","R","B"],"character_chosen":"IRONCLAD","items_purchased":["Ghostly Armor","Toy Ornithopter","SkillPotion"],"campfire_rested":0,"item_purchase_floors":[11,11,11],"current_hp_per_floor":[78,80,85,85,85,85,47,47,47,34,34,34,29,29,29,0],"gold":35,"neow_bonus":"THREE_ENEMY_KILL","is_prod":false,"is_daily":false,"chose_seed":false,"campfire_upgraded":3,"win_rate":0,"timestamp":1557867849,"path_taken":["M","?","?","M","?","R","E","?","T","E","$","R","E","?","R","BOSS"],"build_version":"2019-01-23","purchased_purges":0,"victory":false,"max_hp_per_floor":[80,80,85,85,85,85,85,85,85,85,85,85,85,85,85,85],"card_choices":[{"not_picked":["Headbutt","Seeing Red"],"picked":"Rage","floor":1},{"not_picked":["Havoc","Twin Strike"],"picked":"Shrug It Off","floor":2},{"not_picked":["Berserk","Shockwave"],"picked":"Searing Blow","floor":4},{"not_picked":["Fire Breathing","Inflame"],"picked":"Rampage","floor":7},{"not_picked":["Spot Weakness","Feel No Pain","Anger"],"picked":"SKIP","floor":10},{"not_picked":["Anger","Rampage","Corruption"],"picked":"SKIP","floor":13}],"player_experience":271337,"relics_obtained":[{"floor":5,"key":"Tiny Chest"},{"floor":7,"key":"Mummified Hand"},{"floor":9,"key":"Lantern"},{"floor":10,"key":"MawBank"},{"floor":13,"key":"Frozen Egg 2"},{"floor":14,"key":"Du-Vu Doll"}],"event_choices":[{"damage_healed":0,"gold_gain":0,"player_choice":"Donut","damage_taken":0,"max_hp_gain":5,"max_hp_loss":0,"event_name":"Big Fish","floor":3,"gold_loss":0},{"damage_healed":0,"gold_gain":0,"player_choice":"Fled","damage_taken":0,"max_hp_gain":0,"max_hp_loss":0,"event_name":"Scrap Ooze","floor":8,"gold_loss":0}],"is_beta":false,"boss_relics":[],"items_purged_floors":[],"is_endless":false,"potions_floor_spawned":[1,2,4],"killed_by":"Slime Boss","ascension_level":11}