{"gold_per_floor":[114,114,114,189,44,88,108,108,108,143,143,43,43,43,43,162,225,249,267,142,163,179,179,179,199,199,224,74,74,74,74,74,74],"floor_reached":33,"playtime":1062,"items_purged":["Strike_R","Strike_R","Strike_R","Defend_R"],"score":374,"play_id":"a1adb360-a507-44ed-9990-75bb2717bd6d","local_time":"20190428013711","is_ascension_mode":true,"campfire_choices":[{"floor":8,"key":"REST"},{"data":"Carnage","floor":11,"key":"SMITH"},{"data":"Bash","floor":13,"key":"SMITH"},{"floor":15,"key":"REST"},{"data":"Immolate","floor":23,"key":"SMITH"},{"floor":29,"key":"REST"},{"data":"Uppercut","floor":32,"key":"SMITH"}],"neow_cost":"NONE","seed_source_timestamp":1912188412900,"circlet_count":0,"master_deck":["Defend_R","Defend_R","Defend_R","Bash+1","Carnage+1","Pummel","Cleave","Flex","Twin Strike","Sword Boomerang","Impervious","Uppercut+1","Rampage+1","Immolate+1","Inflame+1","Shrug It Off","Bite","Bite","Bite","Bite","Bite"],"relics":["Burning Blood","Golden Idol","Bronze Scales","Bottled Flame","Odd Mushroom","Tiny House","Singing Bowl"],"potions_floor_usage":[16,21,27,33],"damage_taken":[{"damage":6,"enemies":"Cultist","floor":1,"turns":3},{"damage":45,"enemies":"3 Sentries","floor":6,"turns":9},{"damage":2,"enemies":"2 Louse","floor":7,"turns":2},{"damage":15,"enemies":"The Mushroom Lair","floor":10,"turns":4},{"damage":8,"enemies":"Slime Boss","floor":16,"turns":8},{"damage":12,"enemies":"Chosen","floor":18,"turns":3},{"damage":14,"enemies":"3 Byrds","floor":19,"turns":4},{"damage":19,"enemies":"Snake Plant","floor":21,"turns":2},{"damage":20,"enemies":"Snecko","floor":22,"turns":6},{"damage":12,"enemies":"Cultist and Chosen","floor":25,"turns":5},{"damage":46,"enemies":"Shelled Parasite and Fungi","floor":27,"turns":3},{"damage":62,"enemies":"Champ","floor":33,"turns":5}],"seed_played":"3976719481803142178","potions_obtained":[{"floor":1,"key":"FearPotion"},{"floor":6,"key":"BloodPotion"},{"floor":17,"key":"SteroidPotion"},{"floor":18,"key":"SpeedPotion"},{"floor":22,"key":"BloodPotion"}],"is_trial":false,"path_per_floor":["M","?","?","?","$","E","M","R","T","?","R","$","R","?","R","B",null,"M","M","$","M","M","R","?","M","T","M","$","R","$","?","R","B"],"character_chosen":"IRONCLAD","items_purchased":["Pummel"],"campfire_rested":3,"item_purchase_floors":[5],"current_hp_per_floor":[80,58,63,52,52,13,17,44,44,35,35,35,35,35,62,60,90,84,76,76,63,49,49,49,43,43,12,12,41,41,41,41,0],"gold":74,"neow_bonus":"TEN_PERCENT_HP_BONUS","is_prod":false,"is_daily":false,"chose_seed":false,"campfire_upgraded":4,"win_rate":0,"timestamp":1556429831,"path_taken":["M","?","?","?","$","E","M","R","T","?","R","$","R","?","R","BOSS","M","M","$","M","M","R","?","M","T","M","$","R","?","?","R","BOSS"],"build_version":"2019-01-23","purchased_purges":4,"victory":false,"max_hp_per_floor":[88,88,93,93,93,93,93,93,93,93,93,93,93,93,93,93,98,98,98,98,98,98,98,98,98,98,98,98,98,98,68,68,68],"card_choices":[{"not_picked":["Wild Strike","Cleave"],"picked":"Carnage","floor":1},{"not_picked":["Barricade","Fire Breathing"],"picked":"Cleave","floor":6},{"not_picked":["Metallicize","Sword Boomerang"],"picked":"Flex","floor":7},{"not_picked":["Perfected Strike","Thunderclap"],"picked":"Twin Strike","floor":10},{"not_picked":["Fiend Fire","Exhume"],"picked":"Impervious","floor":16},{"not_picked":["Body Slam","Iron Wave"],"picked":"Uppercut","floor":17},{"not_picked":["Shrug It Off+1","Hemokinesis+1"],"picked":"Rampage+1","floor":18},{"not_picked":["Iron Wave","Thunderclap","Carnage"],"picked":"SKIP","floor":19},{"not_picked":["Armaments+1","Perfected Strike"],"picked":"Immolate","floor":21},{"not_picked":["Sword Boomerang","Spot Weakness+1"],"picked":"Inflame+1","floor":22},{"not_picked":["Heavy Blade","Armaments","Wild Strike"],"picked":"SKIP","floor":25},{"not_picked":["Twin Strike","Havoc+1"],"picked":"Shrug It Off","floor":27}],"player_experience":146848,"relics_obtained":[{"floor":6,"key":"Bronze Scales"},{"floor":9,"key":"Bottled Flame"},{"floor":10,"key":"Odd Mushroom"},{"floor":26,"key":"Singing Bowl"}],"event_choices":[{"damage_healed":0,"gold_gain":0,"player_choice":"Take Damage","damage_taken":22,"relics_obtained":["Golden Idol"],"max_hp_gain":0,"max_hp_loss":0,"event_name":"Golden Idol","floor":2,"gold_loss":0},{"damage_healed":0,"gold_gain":0,"player_choice":"Donut","damage_taken":0,"max_hp_gain":5,"max_hp_loss":0,"event_name":"Big Fish","floor":3,"gold_loss":0},{"damage_healed":0,"gold_gain":75,"player_choice":"Gather Gold","damage_taken":11,"max_hp_gain":0,"max_hp_loss":0,"event_name":"World of Goop","floor":4,"gold_loss":0},{"damage_healed":0,"gold_gain":0,"player_choice":"Fought Mushrooms","damage_taken":0,"max_hp_gain":0,"max_hp_loss":0,"event_name":"Mushrooms","floor":10,"gold_loss":0},{"damage_healed":0,"gold_gain":0,"cards_transformed":["Strike_R"],"player_choice":"Change","damage_taken":0,"max_hp_gain":0,"max_hp_loss":0,"event_name":"Living Wall","floor":14,"gold_loss":0,"cards_obtained":["Sword Boomerang"]},{"damage_healed":0,"gold_gain":0,"player_choice":"Bought 0 Potions","damage_taken":0,"max_hp_gain":0,"max_hp_loss":0,"event_name":"The Woman in Blue","floor":24,"gold_loss":0},{"damage_healed":0,"gold_gain":0,"player_choice":"Became a vampire","damage_taken":0,"max_hp_gain":0,"max_hp_loss":30,"event_name":"Vampires","floor":31,"gold_loss":0,"cards_obtained":["Bite","Bite","Bite","Bite","Bite"]}],"is_beta":false,"boss_relics":[{"not_picked":["Ectoplasm","Pandora\u0027s Box"],"picked":"Tiny House"}],"items_purged_floors":[5,12,20,28],"is_endless":false,"potions_floor_spawned":[1,6,18,22],"killed_by":"Champ","ascension_level":9}