{"gold_per_floor":[117,117,42,55,8,39,39,39,121,121,136,166,227,243,243,346,346,331,135,155,171,171,199,199,114,114,0,15,32,52,78,78,179,179,190,190,208,226,226,226,236,236,289,303,28,28,39,58,58,58],"floor_reached":51,"playtime":2559,"items_purged":["Strike_R","Strike_R","Strike_R"],"score":1186,"play_id":"440fd2fb-0199-4c1b-a280-7b8d5fdaf922","local_time":"20190509200820","is_ascension_mode":true,"campfire_choices":[{"data":"Carnage","floor":7,"key":"SMITH"},{"data":"Shrug It Off","floor":10,"key":"SMITH"},{"data":"Infernal Blade","floor":15,"key":"SMITH"},{"data":"Bandage Up","floor":24,"key":"SMITH"},{"data":"Bash","floor":32,"key":"SMITH"},{"floor":40,"key":"REST"},{"floor":42,"key":"REST"},{"floor":49,"key":"REST"}],"neow_cost":"NONE","seed_source_timestamp":21871367799200,"circlet_count":0,"master_deck":["AscendersBane","Strike_R","Defend_R","Defend_R","Defend_R","Defend_R","Bash+1","Rampage+1","Shrug It Off+1","Carnage+1","Battle Trance","Infernal Blade+1","Iron Wave","Reaper","Bandage Up+1","Necronomicurse","Parasite","Flex+1"],"relics":["Burning Blood","NeowsBlessing","Centennial Puzzle","Mango","Self Forming Clay","Potion Belt","Red Skull","Velvet Choker","Necronomicon","Pantograph","Letter Opener","The Courier","Juzu Bracelet","Fusion Hammer","Smiling Mask","Lee\u0027s Waffle"],"potions_floor_usage":[12,23,23,23,31,31,38,44,48,48,50],"damage_taken":[{"damage":0,"enemies":"Jaw Worm","floor":1,"turns":1},{"damage":0,"enemies":"Small Slimes","floor":4,"turns":1},{"damage":0,"enemies":"Lagavulin","floor":6,"turns":1},{"damage":0,"enemies":"Cultist","floor":11,"turns":2},{"damage":20,"enemies":"3 Sentries","floor":12,"turns":5},{"damage":39,"enemies":"Gremlin Nob","floor":13,"turns":5},{"damage":0,"enemies":"2 Fungi Beasts","floor":14,"turns":2},{"damage":42,"enemies":"Slime Boss","floor":16,"turns":11},{"damage":19,"enemies":"2 Thieves","floor":18,"turns":4},{"damage":12,"enemies":"Chosen","floor":20,"turns":3},{"damage":5,"enemies":"Snecko","floor":21,"turns":3},{"damage":14,"enemies":"Book of Stabbing","floor":23,"turns":4},{"damage":30,"enemies":"Sentry and Sphere","floor":28,"turns":5},{"damage":7,"enemies":"Chosen and Byrds","floor":29,"turns":3},{"damage":13,"enemies":"Snecko","floor":30,"turns":4},{"damage":39,"enemies":"Gremlin Leader","floor":31,"turns":6},{"damage":111,"enemies":"Collector","floor":33,"turns":7},{"damage":6,"enemies":"Orb Walker","floor":35,"turns":3},{"damage":45,"enemies":"3 Darklings","floor":37,"turns":5},{"damage":18,"enemies":"Writhing Mass","floor":38,"turns":6},{"damage":17,"enemies":"Jaw Worm Horde","floor":41,"turns":3},{"damage":59,"enemies":"Spire Growth","floor":44,"turns":5},{"damage":25,"enemies":"4 Shapes","floor":47,"turns":6},{"damage":11,"enemies":"3 Darklings","floor":48,"turns":6},{"damage":132,"enemies":"Donu and Deca","floor":50,"turns":11}],"seed_played":"-7448727452944385616","potions_obtained":[{"floor":4,"key":"FairyPotion"},{"floor":11,"key":"Fire Potion"},{"floor":13,"key":"LiquidBronze"},{"floor":16,"key":"Block Potion"},{"floor":20,"key":"Poison Potion"},{"floor":28,"key":"Strength Potion"},{"floor":30,"key":"SteroidPotion"},{"floor":33,"key":"Weak Potion"},{"floor":38,"key":"PowerPotion"},{"floor":41,"key":"LiquidBronze"},{"floor":47,"key":"Poison Potion"}],"is_trial":false,"path_per_floor":["M","?","$","M","$","E","R","?","T","R","M","E","?","M","R","B",null,"M","$","M","M","?","E","R","?","T","?","M","M","M","E","R","B",null,"M","?","M","M","?","R","M","R","T","M","$","?","M","M","R","B",null],"character_chosen":"IRONCLAD","items_purchased":["Shrug It Off","Bandage Up","Lee\u0027s Waffle","Regen Potion"],"campfire_rested":3,"item_purchase_floors":[5,19,45,45],"current_hp_per_floor":[78,78,78,80,80,80,80,94,94,94,94,80,47,53,53,17,75,72,72,76,81,65,73,73,73,73,73,63,88,89,67,67,13,74,92,92,67,61,61,89,84,94,94,47,101,96,83,96,96,11],"gold":58,"neow_bonus":"THREE_ENEMY_KILL","is_prod":false,"is_daily":false,"chose_seed":false,"campfire_upgraded":5,"win_rate":0,"timestamp":1557446900,"path_taken":["M","?","$","M","$","E","R","?","T","R","?","E","?","M","R","BOSS","M","$","M","M","?","E","R","?","T","?","M","M","M","E","R","BOSS","M","?","M","M","?","R","M","R","T","M","$","?","M","M","R","BOSS"],"build_version":"2019-01-23","purchased_purges":3,"victory":true,"max_hp_per_floor":[80,80,80,80,80,80,80,94,94,94,94,94,94,94,94,94,94,94,94,94,94,94,94,94,94,94,94,94,94,94,94,94,94,94,94,94,94,94,94,94,94,94,94,94,101,96,96,96,96,96],"card_choices":[{"not_picked":["Perfected Strike","Iron Wave"],"picked":"Rampage","floor":1},{"not_picked":["Bloodletting","Havoc","Warcry"],"picked":"SKIP","floor":4},{"not_picked":["Wild Strike","Pummel"],"picked":"Carnage","floor":6},{"not_picked":["Wild Strike","Cleave"],"picked":"Battle Trance","floor":11},{"not_picked":["Impervious","Cleave"],"picked":"Infernal Blade","floor":12},{"not_picked":["Thunderclap","Pommel Strike"],"picked":"Iron Wave","floor":13},{"not_picked":["Hemokinesis","Havoc","Bloodletting"],"picked":"SKIP","floor":14},{"not_picked":["Brutality","Demon Form"],"picked":"Reaper","floor":16},{"not_picked":["Clash","Whirlwind+1","Combust"],"picked":"SKIP","floor":18},{"not_picked":["Shockwave","Shrug It Off","Bloodletting+1"],"picked":"SKIP","floor":20},{"not_picked":["Armaments","Blood for Blood+1","Perfected Strike"],"picked":"SKIP","floor":21},{"not_picked":["Twin Strike","Armaments","Whirlwind"],"picked":"SKIP","floor":23},{"not_picked":["Burning Pact","Rupture","Searing Blow"],"picked":"SKIP","floor":28},{"not_picked":["Havoc","Heavy Blade","Combust"],"picked":"SKIP","floor":29},{"not_picked":["Body Slam","Armaments","Fire Breathing"],"picked":"SKIP","floor":30},{"not_picked":["Iron Wave","Body Slam","Evolve+1"],"picked":"SKIP","floor":31},{"not_picked":["Twin Strike+1","Pommel Strike+1","Anger"],"picked":"SKIP","floor":35},{"not_picked":["Clash","Shrug It Off","Armaments+1"],"picked":"SKIP","floor":37},{"not_picked":["Bludgeon","Thunderclap"],"picked":"Flex+1","floor":38},{"not_picked":["Infernal Blade","Shrug It Off","Combust"],"picked":"SKIP","floor":41},{"not_picked":["Wild Strike","Clothesline+1","Sever Soul"],"picked":"SKIP","floor":44},{"not_picked":["Flex","Sword Boomerang+1","Pommel Strike+1"],"picked":"SKIP","floor":47},{"not_picked":["Havoc+1","Pommel Strike","Twin Strike"],"picked":"SKIP","floor":48}],"player_experience":226438,"relics_obtained":[{"floor":6,"key":"Centennial Puzzle"},{"floor":9,"key":"Self Forming Clay"},{"floor":12,"key":"Potion Belt"},{"floor":13,"key":"Red Skull"},{"floor":22,"key":"Necronomicon"},{"floor":23,"key":"Pantograph"},{"floor":26,"key":"The Courier"},{"floor":31,"key":"Juzu Bracelet"},{"floor":43,"key":"Smiling Mask"}],"event_choices":[{"damage_healed":0,"gold_gain":0,"player_choice":"Grow","damage_taken":0,"max_hp_gain":0,"max_hp_loss":0,"event_name":"Living Wall","floor":2,"gold_loss":0,"cards_upgraded":["Rampage"]},{"damage_healed":0,"gold_gain":0,"player_choice":"Gave Potion","damage_taken":0,"relics_obtained":["Mango"],"max_hp_gain":0,"max_hp_loss":0,"event_name":"WeMeetAgain","floor":8,"gold_loss":0},{"damage_healed":0,"gold_gain":30,"player_choice":"Searched \u00272\u0027 times","damage_taken":0,"max_hp_gain":0,"max_hp_loss":0,"event_name":"Dead Adventurer","floor":13,"gold_loss":0},{"damage_healed":0,"gold_gain":0,"player_choice":"Obtained Book","damage_taken":16,"max_hp_gain":0,"max_hp_loss":0,"event_name":"Cursed Tome","floor":22,"gold_loss":0},{"damage_healed":0,"gold_gain":0,"player_choice":"Obtained Relic","damage_taken":0,"relics_obtained":["Letter Opener"],"max_hp_gain":0,"max_hp_loss":0,"event_name":"Addict","floor":25,"gold_loss":85},{"damage_healed":0,"gold_gain":0,"player_choice":"Paid Fearfully","damage_taken":0,"max_hp_gain":0,"max_hp_loss":0,"event_name":"Masked Bandits","floor":27,"gold_loss":114},{"damage_healed":0,"gold_gain":0,"player_choice":"Memory 1","damage_taken":0,"max_hp_gain":0,"max_hp_loss":0,"event_name":"SensoryStone","floor":36,"gold_loss":0},{"cards_removed":["Strike_R"],"damage_healed":0,"gold_gain":0,"player_choice":"Removed Attack","damage_taken":0,"max_hp_gain":0,"max_hp_loss":0,"event_name":"Falling","floor":39,"gold_loss":0},{"damage_healed":0,"gold_gain":0,"player_choice":"Max HP","damage_taken":0,"max_hp_gain":0,"max_hp_loss":5,"event_name":"Winding Halls","floor":46,"gold_loss":0}],"is_beta":false,"boss_relics":[{"not_picked":["Empty Cage","Lizard Tail"],"picked":"Velvet Choker"},{"not_picked":["Runic Cube","Runic Pyramid"],"picked":"Fusion Hammer"}],"items_purged_floors":[3,19,45],"is_endless":false,"potions_floor_spawned":[4,11,13,16,20,28,30,33,38,41,47],"ascension_level":10}