{"gold_per_floor":[114,114,134,147,157,157,214,184,210,55,55,71,85,85],"floor_reached":14,"playtime":611,"items_purged":["Strike_B"],"score":94,"play_id":"fcd11724-475c-4fd1-8875-6942d851c05f","local_time":"20190721162131","is_ascension_mode":true,"campfire_choices":[{"data":"Fusion","floor":6,"key":"SMITH"},{"floor":11,"key":"REST"}],"neow_cost":"PERCENT_DAMAGE","seed_source_timestamp":945285475192017,"circlet_count":0,"master_deck":["Strike_B","Strike_B","Strike_B","Defend_B","Defend_B","Defend_B","Defend_B","Zap","Dualcast","Fusion+1","Self Repair","Sunder","Recycle","Streamline","Hello World","Hologram","Conserve Battery"],"relics":["Cracked Core","Pen Nib","Orichalcum"],"potions_floor_usage":[7],"damage_taken":[{"damage":6,"enemies":"2 Louse","floor":1,"turns":3},{"damage":0,"enemies":"Small Slimes","floor":3,"turns":5},{"damage":7,"enemies":"Jaw Worm","floor":4,"turns":5},{"damage":13,"enemies":"3 Louse","floor":5,"turns":2},{"damage":24,"enemies":"Lagavulin Event","floor":7,"turns":4},{"damage":11,"enemies":"Looter","floor":12,"turns":3},{"damage":8,"enemies":"Large Slime","floor":13,"turns":5},{"damage":49,"enemies":"Exordium Thugs","floor":14,"turns":3}],"seed_played":"-5936669386268718923","potions_obtained":[{"floor":1,"key":"GamblersBrew"},{"floor":4,"key":"AttackPotion"},{"floor":5,"key":"FearPotion"},{"floor":7,"key":"LiquidBronze"}],"is_trial":false,"path_per_floor":["M","?","M","M","M","R","?","?","T","$","R","M","M","M"],"character_chosen":"DEFECT","items_purchased":["Hello World"],"campfire_rested":1,"item_purchase_floors":[10],"current_hp_per_floor":[62,62,62,62,49,49,32,32,32,32,58,54,46,0],"gold":85,"neow_bonus":"TWENTY_PERCENT_HP_BONUS","is_prod":false,"is_daily":false,"chose_seed":false,"campfire_upgraded":1,"win_rate":0,"timestamp":1563751291,"path_taken":["M","?","M","M","M","R","?","?","T","$","R","M","?","M"],"build_version":"2019-07-17","purchased_purges":1,"victory":false,"max_hp_per_floor":[89,89,89,89,89,89,89,89,89,89,89,89,89,89],"card_choices":[{"not_picked":["Capacitor","Double Energy"],"picked":"Fusion","floor":1},{"not_picked":["Turbo","Streamline"],"picked":"Self Repair","floor":3},{"not_picked":["Skim","Chill"],"picked":"Sunder","floor":4},{"not_picked":["Leap","Rebound"],"picked":"Recycle","floor":5},{"not_picked":["Barrage","Turbo"],"picked":"Streamline","floor":7},{"not_picked":["Meteor Strike","Redo"],"picked":"Hologram","floor":12},{"not_picked":["Chaos","Reinforced Body"],"picked":"Conserve Battery","floor":13}],"player_experience":175580,"relics_obtained":[{"floor":7,"key":"Pen Nib"},{"floor":9,"key":"Orichalcum"}],"event_choices":[{"damage_healed":0,"gold_gain":0,"player_choice":"Ignored","damage_taken":0,"max_hp_gain":0,"max_hp_loss":0,"event_name":"Liars Game","floor":2,"gold_loss":0},{"damage_healed":0,"gold_gain":0,"player_choice":"Searched \u00271\u0027 times","damage_taken":0,"max_hp_gain":0,"max_hp_loss":0,"event_name":"Dead Adventurer","floor":7,"gold_loss":0},{"damage_healed":0,"gold_gain":0,"player_choice":"Left Gold","damage_taken":0,"max_hp_gain":0,"max_hp_loss":0,"event_name":"World of Goop","floor":8,"gold_loss":30}],"is_beta":false,"boss_relics":[],"items_purged_floors":[10],"is_endless":false,"potions_floor_spawned":[1,4,5,7],"killed_by":"Exordium Thugs","ascension_level":3}