{"gold_per_floor":[117,136,156,156,175,201,220,232,285,285,285,355,355,405,405,501,501,520,570,646,220,270,300,381,463,502,564,132,194,194,209,209,209],"floor_reached":33,"playtime":1452,"items_purged":["Strike_R","Strike_R"],"score":504,"play_id":"12d7e790-c6b0-4b61-be4a-1de6206b78a5","local_time":"20190506205641","is_ascension_mode":true,"campfire_choices":[{"floor":11,"key":"REST"},{"data":"Fiend Fire","floor":13,"key":"SMITH"},{"data":"Whirlwind","floor":15,"key":"SMITH"},{"data":"Shrug It Off","floor":30,"key":"SMITH"},{"floor":32,"key":"REST"}],"neow_cost":"NONE","seed_source_timestamp":46893339992700,"circlet_count":0,"master_deck":["AscendersBane","Strike_R","Strike_R","Defend_R","Defend_R","Defend_R","Defend_R","Bash","Fiend Fire+1","Twin Strike","Headbutt","Ghostly Armor","Headbutt","Whirlwind+1","Shrug It Off+1","Feed","Shrug It Off","Reaper","Feed","Iron Wave+1"],"relics":["Burning Blood","Red Skull","Tiny Chest","SsserpentHead","PreservedInsect","Lizard Tail","Bag of Preparation","Bottled Lightning","MawBank","Oddly Smooth Stone","Vajra","Toolbox"],"potions_floor_usage":[16,16,23,23,31,33],"damage_taken":[{"damage":6,"enemies":"Cultist","floor":1,"turns":3},{"damage":0,"enemies":"Small Slimes","floor":2,"turns":3},{"damage":7,"enemies":"Jaw Worm","floor":3,"turns":2},{"damage":4,"enemies":"3 Louse","floor":5,"turns":4},{"damage":65,"enemies":"3 Sentries","floor":6,"turns":12},{"damage":8,"enemies":"Exordium Wildlife","floor":7,"turns":3},{"damage":0,"enemies":"2 Fungi Beasts","floor":8,"turns":2},{"damage":11,"enemies":"Exordium Thugs","floor":12,"turns":3},{"damage":0,"enemies":"Slime Boss","floor":16,"turns":5},{"damage":17,"enemies":"Chosen","floor":18,"turns":6},{"damage":14,"enemies":"Slavers","floor":23,"turns":3},{"damage":38,"enemies":"3 Byrds","floor":24,"turns":7},{"damage":0,"enemies":"Centurion and Healer","floor":25,"turns":6},{"damage":9,"enemies":"Shelled Parasite and Fungi","floor":29,"turns":3},{"damage":12,"enemies":"3 Cultists","floor":31,"turns":3},{"damage":174,"enemies":"Collector","floor":33,"turns":10}],"seed_played":"-1605833679142869346","potions_obtained":[{"floor":6,"key":"Strength Potion"},{"floor":7,"key":"GamblersBrew"},{"floor":8,"key":"SpeedPotion"},{"floor":12,"key":"EssenceOfSteel"},{"floor":16,"key":"LiquidBronze"},{"floor":22,"key":"AttackPotion"},{"floor":23,"key":"Fire Potion"},{"floor":31,"key":"Poison Potion"}],"is_trial":false,"path_per_floor":["M","M","M","?","M","E","M","M","T","?","R","M","R","T","R","B",null,"M","?","T","$","?","E","M","M","T","?","$","M","R","M","R","B"],"character_chosen":"IRONCLAD","items_purchased":["Bottled Lightning","Shrug It Off","PowerPotion","Vajra","Toolbox"],"campfire_rested":2,"item_purchase_floors":[21,21,21,28,28],"current_hp_per_floor":[72,78,77,70,72,13,11,17,17,17,41,36,36,36,36,42,71,63,47,47,47,47,42,30,46,46,46,46,43,43,56,86,0],"gold":209,"neow_bonus":"ONE_RANDOM_RARE_CARD","is_prod":false,"is_daily":false,"chose_seed":false,"campfire_upgraded":3,"win_rate":0,"timestamp":1557190601,"path_taken":["M","?","M","?","M","E","M","M","T","?","R","?","R","?","R","BOSS","M","?","?","$","?","E","?","?","T","?","$","?","R","M","R","BOSS"],"build_version":"2019-01-23","purchased_purges":2,"victory":false,"max_hp_per_floor":[80,80,80,80,80,80,80,80,80,80,80,80,80,80,80,80,80,83,88,88,88,88,91,94,97,97,97,97,97,97,100,100,100],"card_choices":[{"not_picked":["Heavy Blade","Thunderclap","Reckless Charge"],"picked":"SKIP","floor":1},{"not_picked":["Combust","Power Through"],"picked":"Twin Strike","floor":2},{"not_picked":["Heavy Blade","Havoc","Clothesline"],"picked":"SKIP","floor":3},{"not_picked":["Reckless Charge","Intimidate"],"picked":"Headbutt","floor":5},{"not_picked":["Juggernaut","Heavy Blade"],"picked":"Ghostly Armor","floor":6},{"not_picked":["Clash","Wild Strike"],"picked":"Headbutt","floor":7},{"not_picked":["Warcry","Clothesline"],"picked":"Whirlwind","floor":8},{"not_picked":["Rupture","Spot Weakness"],"picked":"Shrug It Off","floor":12},{"not_picked":["Reaper","Demon Form"],"picked":"Feed","floor":16},{"not_picked":["Blood for Blood+1","Armaments","Entrench"],"picked":"SKIP","floor":18},{"not_picked":["Clothesline","Warcry+1"],"picked":"Reaper","floor":23},{"not_picked":["Wild Strike+1","Armaments","Inflame+1"],"picked":"SKIP","floor":24},{"not_picked":["Body Slam+1","Burning Pact","Searing Blow"],"picked":"SKIP","floor":25},{"not_picked":["Intimidate","Power Through"],"picked":"Iron Wave+1","floor":29},{"not_picked":["Clothesline+1","Evolve+1","Armaments"],"picked":"SKIP","floor":31}],"player_experience":209646,"relics_obtained":[{"floor":6,"key":"Red Skull"},{"floor":9,"key":"Tiny Chest"},{"floor":14,"key":"PreservedInsect"},{"floor":20,"key":"Bag of Preparation"},{"floor":23,"key":"MawBank"},{"floor":26,"key":"Oddly Smooth Stone"}],"event_choices":[{"cards_removed":["Strike_R"],"damage_healed":0,"gold_gain":0,"player_choice":"Card Removal","damage_taken":7,"max_hp_gain":0,"max_hp_loss":0,"event_name":"Golden Wing","floor":4,"gold_loss":0},{"damage_healed":0,"gold_gain":0,"player_choice":"Trade","damage_taken":0,"relics_obtained":["SsserpentHead"],"max_hp_gain":0,"max_hp_loss":0,"event_name":"FaceTrader","floor":10,"gold_loss":0},{"damage_healed":0,"gold_gain":0,"player_choice":"Shed Blood","damage_taken":21,"max_hp_gain":5,"max_hp_loss":0,"event_name":"Forgotten Altar","floor":19,"gold_loss":0},{"damage_healed":0,"gold_gain":0,"player_choice":"Got Potions","damage_taken":0,"max_hp_gain":0,"max_hp_loss":0,"event_name":"Lab","floor":22,"gold_loss":0},{"damage_healed":0,"gold_gain":0,"player_choice":"Copied","damage_taken":0,"max_hp_gain":0,"max_hp_loss":0,"event_name":"Duplicator","floor":27,"gold_loss":0,"cards_obtained":["Feed"]}],"is_beta":false,"boss_relics":[{"not_picked":["Empty Cage","Black Star"],"picked":"Lizard Tail"}],"items_purged_floors":[21,28],"is_endless":false,"potions_floor_spawned":[6,7,8,12,16,23,31],"killed_by":"Collector","ascension_level":10}