{"gold_per_floor":[116,48,60,22,22,22,56,56,56,56,66,97,117,117,117,222,222,241,141,154,170,190,223,223,242,265,284,29,29,40,60,60,60],"floor_reached":33,"playtime":12013,"items_purged":["Strike_G","Strike_G"],"score":293,"play_id":"6050bbc2-f426-4930-88d4-61b17c18ea1c","local_time":"20190520172738","is_ascension_mode":true,"campfire_choices":[{"data":"Dash","floor":6,"key":"SMITH"},{"data":"Crippling Poison","floor":8,"key":"SMITH"},{"data":"Well Laid Plans","floor":10,"key":"SMITH"},{"data":"Noxious Fumes","floor":15,"key":"SMITH"},{"floor":24,"key":"REST"},{"data":"Noxious Fumes","floor":32,"key":"SMITH"}],"neow_cost":"NONE","seed_source_timestamp":18903949400100,"circlet_count":0,"master_deck":["Defend_G","Defend_G","Defend_G","Defend_G","Defend_G","Strike_G","Strike_G","Survivor","Neutralize","Bane","Well Laid Plans+1","Dash+1","Crippling Poison+1","Quick Slash+1","Underhanded Strike+1","Predator+1","Noxious Fumes+1","Noxious Fumes+1","Corpse Explosion","Quick Slash+1","Bane+1","Backflip","Bouncing Flask+1","Cloak And Dagger","Catalyst","Leg Sweep+1"],"relics":["Ring of the Snake","Molten Egg 2","Mummified Hand","Orichalcum","Sozu","Bag of Preparation","Lantern","Omamori","MutagenicStrength"],"potions_floor_usage":[23,30,31],"damage_taken":[{"damage":0,"enemies":"Small Slimes","floor":1,"turns":3},{"damage":0,"enemies":"Cultist","floor":3,"turns":4},{"damage":10,"enemies":"Gremlin Nob","floor":7,"turns":5},{"damage":2,"enemies":"2 Louse","floor":11,"turns":2},{"damage":5,"enemies":"Lagavulin","floor":12,"turns":6},{"damage":0,"enemies":"Lots of Slimes","floor":13,"turns":3},{"damage":21,"enemies":"Slime Boss","floor":16,"turns":6},{"damage":2,"enemies":"Shell Parasite","floor":18,"turns":5},{"damage":0,"enemies":"Chosen","floor":20,"turns":3},{"damage":0,"enemies":"3 Cultists","floor":21,"turns":3},{"damage":20,"enemies":"Sentry and Sphere","floor":22,"turns":6},{"damage":39,"enemies":"Gremlin Leader","floor":23,"turns":7},{"damage":0,"enemies":"Cultist and Chosen","floor":25,"turns":3},{"damage":0,"enemies":"3 Cultists","floor":27,"turns":2},{"damage":0,"enemies":"Shelled Parasite and Fungi","floor":30,"turns":3},{"damage":9,"enemies":"Snake Plant","floor":31,"turns":3},{"damage":33,"enemies":"Collector","floor":33,"turns":5}],"seed_played":"6733480659344612818","potions_obtained":[{"floor":3,"key":"GhostInAJar"},{"floor":5,"key":"Weak Potion"},{"floor":5,"key":"Explosive Potion"}],"is_trial":false,"path_per_floor":["M","$","M","$","?","R","E","R","T","R","M","E","M","?","R","B",null,"M","$","M","M","M","E","R","M","T","M","$","?","M","M","R","B"],"character_chosen":"THE_SILENT","items_purchased":["Well Laid Plans","Crippling Poison","Bane+1","Omamori"],"campfire_rested":1,"item_purchase_floors":[2,4,19,28],"current_hp_per_floor":[77,77,77,77,77,77,67,67,67,67,65,60,60,60,60,39,77,75,75,75,75,55,16,39,39,39,39,39,39,39,30,30,0],"gold":60,"neow_bonus":"TEN_PERCENT_HP_BONUS","is_prod":false,"is_daily":false,"chose_seed":false,"campfire_upgraded":5,"win_rate":0,"timestamp":1558387658,"path_taken":["M","$","M","$","?","R","E","R","T","R","?","E","M","?","R","BOSS","M","$","?","M","?","E","R","M","T","M","$","?","M","M","R","BOSS"],"build_version":"2019-01-23","purchased_purges":2,"victory":false,"max_hp_per_floor":[77,77,77,77,77,77,77,77,77,77,77,77,77,77,77,77,77,77,77,77,77,77,77,77,77,77,77,77,77,77,77,77,77],"card_choices":[{"not_picked":["Outmaneuver","Masterful Stab"],"picked":"Bane","floor":1},{"not_picked":["Deflect","Prepared"],"picked":"Dash","floor":3},{"not_picked":["Well Laid Plans","Blur"],"picked":"Quick Slash","floor":7},{"not_picked":["Blade Dance","Reflex"],"picked":"Underhanded Strike+1","floor":11},{"not_picked":["Distraction","Dagger Throw+1"],"picked":"Predator+1","floor":12},{"not_picked":["Deflect","Dagger Spray+1"],"picked":"Noxious Fumes","floor":13},{"not_picked":["Doppelganger","Adrenaline"],"picked":"Corpse Explosion","floor":16},{"not_picked":["Dagger Throw+1","Underhanded Strike+1"],"picked":"Quick Slash+1","floor":18},{"not_picked":["PiercingWail","Deflect","Well Laid Plans+1"],"picked":"SKIP","floor":20},{"not_picked":["Blade Dance+1","Acrobatics"],"picked":"Backflip","floor":21},{"not_picked":["PiercingWail","Dagger Spray+1"],"picked":"Bouncing Flask+1","floor":22},{"not_picked":["Acrobatics+1","Blade Dance","Dodge and Roll"],"picked":"SKIP","floor":23},{"not_picked":["Blade Dance","Leg Sweep"],"picked":"Cloak And Dagger","floor":25},{"not_picked":["Predator+1","Finisher+1"],"picked":"Catalyst","floor":27},{"not_picked":["Flechettes+1","Infinite Blades","After Image"],"picked":"SKIP","floor":30},{"not_picked":["Tactician","Dagger Throw+1"],"picked":"Leg Sweep+1","floor":31}],"player_experience":323733,"relics_obtained":[{"floor":7,"key":"Molten Egg 2"},{"floor":9,"key":"Mummified Hand"},{"floor":12,"key":"Orichalcum"},{"floor":23,"key":"Bag of Preparation"},{"floor":26,"key":"Lantern"}],"event_choices":[{"damage_healed":0,"gold_gain":0,"player_choice":"Got Potions","damage_taken":0,"max_hp_gain":0,"max_hp_loss":0,"event_name":"Lab","floor":5,"gold_loss":0},{"damage_healed":0,"gold_gain":0,"cards_transformed":["Strike_G"],"player_choice":"Transformed","damage_taken":0,"max_hp_gain":0,"max_hp_loss":0,"event_name":"Transmorgrifier","floor":14,"gold_loss":0,"cards_obtained":["Noxious Fumes"]},{"damage_healed":0,"gold_gain":0,"player_choice":"Inject Mutagens","damage_taken":0,"relics_obtained":["MutagenicStrength"],"max_hp_gain":0,"max_hp_loss":0,"event_name":"Drug Dealer","floor":29,"gold_loss":0}],"is_beta":false,"boss_relics":[{"not_picked":["Orrery","Tiny House"],"picked":"Sozu"}],"items_purged_floors":[19,28],"is_endless":false,"potions_floor_spawned":[3,12,16,18,21,23,25,30],"killed_by":"Collector","ascension_level":1}