{"gold_per_floor":[111,111,127,127,139,139,154,189,267,283,72,72,72,172,172,298,298,321,334,234,234,109,109,109,124,124,148,148,148,148,148,148,273,273,298,319,6,25,45,45,63,63,63,63,63,76,96,96,96,96],"floor_reached":50,"playtime":2108,"items_purged":["Strike_R","Strike_R","Strike_R","Strike_R"],"score":663,"play_id":"10b84764-0197-43da-b15b-2dae71b79c16","local_time":"20190505210631","is_ascension_mode":true,"campfire_choices":[{"data":"Rampage","floor":6,"key":"SMITH"},{"data":"Iron Wave","floor":13,"key":"SMITH"},{"floor":15,"key":"REST"},{"data":"Headbutt","floor":23,"key":"SMITH"},{"floor":24,"key":"REST"},{"floor":30,"key":"REST"},{"floor":32,"key":"REST"},{"data":"Defend_R","floor":40,"key":"SMITH"},{"floor":42,"key":"REST"},{"floor":49,"key":"REST"}],"neow_cost":"NONE","seed_source_timestamp":1350104682400,"circlet_count":0,"master_deck":["AscendersBane","Strike_R","Defend_R+1","Defend_R","Defend_R","Defend_R","Bash+1","Whirlwind+1","Rampage+1","Iron Wave+1","Battle Trance+1","True Grit+1","Bandage Up+1","Battle Trance+1","Headbutt+1","Shrug It Off+1","True Grit+1","Flame Barrier+1","Double Tap+1","Parasite","Shame"],"relics":["Burning Blood","Toxic Egg 2","Tiny Chest","Golden Idol","Orrery","WingedGreaves","Mercury Hourglass","Cursed Key","Dodecahedron","CultistMask"],"potions_floor_usage":[8,18,25,33,33,33,36,41],"damage_taken":[{"damage":4,"enemies":"2 Louse","floor":1,"turns":3},{"damage":1,"enemies":"Cultist","floor":3,"turns":3},{"damage":11,"enemies":"Small Slimes","floor":5,"turns":4},{"damage":0,"enemies":"3 Louse","floor":7,"turns":1},{"damage":25,"enemies":"Gremlin Nob","floor":8,"turns":4},{"damage":4,"enemies":"Red Slaver","floor":10,"turns":4},{"damage":58,"enemies":"Slime Boss","floor":16,"turns":13},{"damage":24,"enemies":"2 Thieves","floor":18,"turns":3},{"damage":25,"enemies":"3 Byrds","floor":19,"turns":4},{"damage":34,"enemies":"Cultist and Chosen","floor":25,"turns":7},{"damage":53,"enemies":"Snecko","floor":27,"turns":7},{"damage":89,"enemies":"Champ","floor":33,"turns":13},{"damage":4,"enemies":"3 Shapes","floor":35,"turns":3},{"damage":9,"enemies":"3 Darklings","floor":36,"turns":3},{"damage":8,"enemies":"4 Shapes","floor":38,"turns":5},{"damage":8,"enemies":"Spire Growth","floor":39,"turns":4},{"damage":62,"enemies":"Writhing Mass","floor":41,"turns":5},{"damage":15,"enemies":"3 Darklings","floor":46,"turns":5},{"damage":27,"enemies":"Jaw Worm Horde","floor":47,"turns":4},{"damage":78,"enemies":"Awakened One","floor":50,"turns":5}],"seed_played":"-8801195577221897069","potions_obtained":[{"floor":1,"key":"Dexterity Potion"},{"floor":7,"key":"Poison Potion"},{"floor":16,"key":"SteroidPotion"},{"floor":18,"key":"BloodPotion"},{"floor":19,"key":"AttackPotion"},{"floor":25,"key":"Energy Potion"},{"floor":35,"key":"AttackPotion"},{"floor":38,"key":"LiquidBronze"},{"floor":46,"key":"FearPotion"}],"is_trial":false,"path_per_floor":["M","?","M","?","M","R","M","E","T","M","$","?","R","?","R","B",null,"M","M","$","T","$","R","R","M","T","M","?","$","R","$","R","B",null,"M","M","$","M","M","R","M","R","T","$","?","M","M","?","R","B"],"character_chosen":"IRONCLAD","items_purchased":["True Grit+1","Bandage Up+1","Double Tap+1"],"campfire_rested":6,"item_purchase_floors":[11,11,37],"current_hp_per_floor":[82,82,87,87,82,82,88,69,69,71,71,49,49,49,75,29,73,61,48,48,48,48,48,74,52,52,11,40,40,66,66,88,19,71,79,82,82,86,86,86,36,62,62,62,62,59,44,44,70,0],"gold":96,"neow_bonus":"TEN_PERCENT_HP_BONUS","is_prod":false,"is_daily":false,"chose_seed":false,"campfire_upgraded":4,"win_rate":0,"timestamp":1557104791,"path_taken":["M","?","M","?","?","R","M","E","T","M","$","?","R","?","R","BOSS","M","M","$","?","$","R","R","M","T","M","?","?","R","$","R","BOSS","M","M","$","?","M","R","M","R","T","$","?","M","?","?","R","BOSS"],"build_version":"2019-01-23","purchased_purges":4,"victory":false,"max_hp_per_floor":[88,88,88,88,88,88,88,88,88,88,88,88,88,88,88,88,88,88,88,88,88,88,88,88,88,88,88,88,88,88,88,88,88,88,88,88,88,88,88,88,88,88,88,88,88,88,88,88,88,88],"card_choices":[{"not_picked":["Anger","Armaments"],"picked":"Whirlwind","floor":1},{"not_picked":["Clash","Combust"],"picked":"Rampage","floor":3},{"not_picked":["Flex","Sword Boomerang"],"picked":"Iron Wave","floor":5},{"not_picked":["Clothesline","Sword Boomerang","Warcry"],"picked":"SKIP","floor":7},{"not_picked":["Pommel Strike","Carnage"],"picked":"Battle Trance","floor":8},{"not_picked":["Clash","Armaments+1","Warcry+1"],"picked":"SKIP","floor":10},{"not_picked":["Shockwave+1","Sever Soul"],"picked":"Battle Trance+1","floor":17},{"not_picked":["Power Through+1","Metallicize"],"picked":"Headbutt","floor":17},{"not_picked":["Dropkick","Sword Boomerang"],"picked":"Shrug It Off+1","floor":17},{"not_picked":["Demon Form","Pommel Strike","Flex+1"],"picked":"SKIP","floor":18},{"not_picked":["Thunderclap+1","Hemokinesis","Shrug It Off+1"],"picked":"SKIP","floor":19},{"not_picked":["Warcry+1","Clothesline","Armaments+1"],"picked":"SKIP","floor":25},{"not_picked":["Demon Form","Shockwave+1"],"picked":"True Grit+1","floor":27},{"not_picked":["Burning Pact+1","Battle Trance+1"],"picked":"Flame Barrier+1","floor":35},{"not_picked":["Disarm+1","Evolve+1","Whirlwind"],"picked":"SKIP","floor":36},{"not_picked":["True Grit+1","Perfected Strike","Heavy Blade+1"],"picked":"SKIP","floor":38},{"not_picked":["Armaments+1","Shrug It Off+1","Cleave"],"picked":"SKIP","floor":39},{"not_picked":["Heavy Blade","Havoc+1","Berserk"],"picked":"SKIP","floor":41},{"not_picked":["True Grit+1","Metallicize","Thunderclap+1"],"picked":"SKIP","floor":46},{"not_picked":["Uppercut","Rage+1","Perfected Strike+1"],"picked":"SKIP","floor":47}],"player_experience":203973,"relics_obtained":[{"floor":8,"key":"Toxic Egg 2"},{"floor":9,"key":"Tiny Chest"},{"floor":21,"key":"WingedGreaves"},{"floor":26,"key":"Mercury Hourglass"},{"floor":43,"key":"Dodecahedron"}],"event_choices":[{"damage_healed":0,"gold_gain":0,"player_choice":"Grow","damage_taken":0,"max_hp_gain":0,"max_hp_loss":0,"event_name":"Living Wall","floor":2,"gold_loss":0,"cards_upgraded":["Whirlwind"]},{"damage_healed":0,"gold_gain":0,"player_choice":"Upgraded","damage_taken":0,"max_hp_gain":0,"max_hp_loss":0,"event_name":"Upgrade Shrine","floor":4,"gold_loss":0,"cards_upgraded":["Bash"]},{"damage_healed":0,"gold_gain":0,"player_choice":"Take Damage","damage_taken":22,"relics_obtained":["Golden Idol"],"max_hp_gain":0,"max_hp_loss":0,"event_name":"Golden Idol","floor":12,"gold_loss":0},{"damage_healed":0,"gold_gain":100,"player_choice":"Gold","damage_taken":0,"max_hp_gain":0,"max_hp_loss":0,"event_name":"Wheel of Change","floor":14,"gold_loss":0},{"damage_healed":29,"gold_gain":0,"player_choice":"Heal","damage_taken":0,"max_hp_gain":0,"max_hp_loss":0,"event_name":"The Library","floor":28,"gold_loss":0},{"damage_healed":0,"gold_gain":0,"player_choice":"Trade","damage_taken":0,"relics_obtained":["CultistMask"],"max_hp_gain":0,"max_hp_loss":0,"event_name":"FaceTrader","floor":45,"gold_loss":0},{"damage_healed":0,"gold_gain":0,"player_choice":"Ignored","damage_taken":0,"max_hp_gain":0,"max_hp_loss":0,"event_name":"Mysterious Sphere","floor":48,"gold_loss":0}],"is_beta":false,"boss_relics":[{"not_picked":["Tiny House","Runic Pyramid"],"picked":"Orrery"},{"not_picked":["Lizard Tail","Sozu"],"picked":"Cursed Key"}],"items_purged_floors":[11,20,22,37],"is_endless":false,"potions_floor_spawned":[1,7,16,18,19,25,35,38,46],"killed_by":"Awakened One","ascension_level":10}