{"gold_per_floor":[119,131,56,56,56,83,95,124,163,185,197,228,257,269,281,391,403,435,458,488,500,527,539,551,563],"floor_reached":25,"playtime":754,"items_purged":["Strike_R"],"score":357,"play_id":"ae0cc25c-2246-43cd-b87b-b9784f643787","local_time":"20190511174534","is_ascension_mode":true,"campfire_choices":[{"data":"Bash","floor":7,"key":"SMITH"},{"data":"Twin Strike","floor":11,"key":"SMITH"},{"data":"Headbutt","floor":15,"key":"SMITH"},{"data":"Shrug It Off","floor":23,"key":"SMITH"}],"neow_cost":"NONE","seed_source_timestamp":25987208533300,"circlet_count":0,"master_deck":["AscendersBane","Strike_R+1","Strike_R+1","Strike_R+1","Defend_R+1","Defend_R+1","Defend_R+1","Defend_R+1","Bash+1","Twin Strike+1","Rampage+1","Headbutt+1","Cleave","Shrug It Off+1"],"relics":["Black Blood","NeowsBlessing","MawBank","Vajra"],"potions_floor_usage":[3,10,19,20],"damage_taken":[{"damage":0,"enemies":"Small Slimes","floor":1,"turns":1},{"damage":0,"enemies":"Cultist","floor":2,"turns":1},{"damage":0,"enemies":"Gremlin Nob","floor":6,"turns":1},{"damage":7,"enemies":"2 Louse","floor":8,"turns":3},{"damage":10,"enemies":"Lots of Slimes","floor":10,"turns":3},{"damage":9,"enemies":"Red Slaver","floor":12,"turns":2},{"damage":11,"enemies":"Looter","floor":13,"turns":2},{"damage":37,"enemies":"The Guardian","floor":16,"turns":7},{"damage":20,"enemies":"Spheric Guardian","floor":18,"turns":4},{"damage":25,"enemies":"3 Byrds","floor":19,"turns":5},{"damage":31,"enemies":"3 Cultists","floor":20,"turns":5},{"damage":15,"enemies":"Snecko","floor":22,"turns":5},{"damage":28,"enemies":"Shelled Parasite and Fungi","floor":25,"turns":2}],"seed_played":"-5406244196344688574","potions_obtained":[{"floor":2,"key":"Fruit Juice"},{"floor":8,"key":"Fire Potion"},{"floor":13,"key":"AttackPotion"},{"floor":16,"key":"Block Potion"},{"floor":20,"key":"GamblersBrew"}],"is_trial":false,"path_per_floor":["M","M","$","?","?","E","R","M","T","M","R","M","M","?","R","B",null,"M","M","M","?","M","R","?","M"],"character_chosen":"IRONCLAD","items_purchased":[],"campfire_rested":0,"item_purchase_floors":[],"current_hp_per_floor":[78,80,85,85,85,85,85,84,84,80,80,77,72,77,77,46,79,69,54,33,33,28,28,28,0],"gold":563,"neow_bonus":"THREE_ENEMY_KILL","is_prod":false,"is_daily":false,"chose_seed":false,"campfire_upgraded":4,"win_rate":0,"timestamp":1557611134,"path_taken":["M","M","$","?","?","E","R","?","T","M","R","?","M","?","R","BOSS","M","M","M","?","M","R","?","M"],"build_version":"2019-01-23","purchased_purges":1,"victory":false,"max_hp_per_floor":[80,80,85,85,85,85,85,85,85,85,85,85,85,90,90,90,90,90,90,90,90,90,90,90,90],"card_choices":[{"not_picked":["Flex","Shockwave"],"picked":"Twin Strike","floor":1},{"not_picked":["Sword Boomerang","Seeing Red"],"picked":"Rampage","floor":2},{"not_picked":["Wild Strike","Perfected Strike","Shockwave"],"picked":"SKIP","floor":6},{"not_picked":["Clothesline","Flex","Anger"],"picked":"SKIP","floor":8},{"not_picked":["Pommel Strike","Warcry"],"picked":"Headbutt","floor":10},{"not_picked":["Clothesline","Anger"],"picked":"Cleave","floor":12},{"not_picked":["Twin Strike","Feel No Pain","Warcry"],"picked":"SKIP","floor":13},{"not_picked":["Wild Strike","Disarm+1","Second Wind"],"picked":"SKIP","floor":18},{"not_picked":["Clothesline","Sword Boomerang","Pummel"],"picked":"SKIP","floor":19},{"not_picked":["Clash+1","Heavy Blade","Armaments"],"picked":"SKIP","floor":20},{"not_picked":["Battle Trance","Second Wind"],"picked":"Shrug It Off","floor":22}],"player_experience":261301,"relics_obtained":[{"floor":6,"key":"MawBank"},{"floor":9,"key":"Vajra"}],"event_choices":[{"damage_healed":0,"gold_gain":0,"player_choice":"Grow","damage_taken":0,"max_hp_gain":0,"max_hp_loss":0,"event_name":"Living Wall","floor":4,"gold_loss":0,"cards_upgraded":["Rampage"]},{"cards_removed":["Strike_R"],"damage_healed":0,"gold_gain":0,"player_choice":"Purged","damage_taken":0,"max_hp_gain":0,"max_hp_loss":0,"event_name":"Purifier","floor":5,"gold_loss":0},{"damage_healed":0,"gold_gain":0,"player_choice":"Donut","damage_taken":0,"max_hp_gain":5,"max_hp_loss":0,"event_name":"Big Fish","floor":14,"gold_loss":0},{"damage_healed":0,"gold_gain":0,"player_choice":"Simplicity","damage_taken":0,"max_hp_gain":0,"max_hp_loss":0,"event_name":"Back to Basics","floor":21,"gold_loss":0,"cards_upgraded":["Strike_R","Strike_R","Strike_R","Defend_R","Defend_R","Defend_R","Defend_R"]},{"damage_healed":0,"gold_gain":0,"player_choice":"Ignored","damage_taken":0,"max_hp_gain":0,"max_hp_loss":0,"event_name":"Vampires","floor":24,"gold_loss":0}],"is_beta":false,"boss_relics":[{"not_picked":["Fusion Hammer","Eternal Feather"],"picked":"Black Blood"}],"items_purged_floors":[3],"is_endless":false,"potions_floor_spawned":[2,8,13,16,20],"killed_by":"Shelled Parasite and Fungi","ascension_level":11}