{"gold_per_floor":[115,265,265,281,52,79,99,110,192,192,134,148,162,162,162,239,239,253,253],"floor_reached":19,"playtime":431,"items_purged":["Doubt"],"score":378,"play_id":"4cc03db7-d15f-4dd6-9c17-74df8a5bb201","local_time":"20190906231412","is_ascension_mode":true,"campfire_choices":[{"data":"Bash","floor":10,"key":"SMITH"},{"data":"True Grit","floor":15,"key":"SMITH"}],"neow_cost":"NONE","seed_source_timestamp":14834929818900,"circlet_count":0,"master_deck":["AscendersBane","Strike_R","Strike_R+1","Strike_R","Strike_R","Defend_R","Defend_R","Defend_R","Defend_R","Bash+1","Pommel Strike+1","Shrug It Off","Twin Strike","Panacea","Perfected Strike","True Grit+1","Twin Strike","Shrug It Off","Cleave","Battle Trance","Feed","True Grit+1"],"relics":["Burning Blood","NeowsBlessing","Bird Faced Urn","Darkstone Periapt","Cursed Key"],"potions_floor_usage":[8,16,16],"damage_taken":[{"damage":0,"enemies":"Small Slimes","floor":1,"turns":1},{"damage":0,"enemies":"Jaw Worm","floor":4,"turns":1},{"damage":0,"enemies":"Gremlin Nob","floor":6,"turns":1},{"damage":0,"enemies":"Cultist","floor":7,"turns":3},{"damage":12,"enemies":"Exordium Wildlife","floor":8,"turns":3},{"damage":17,"enemies":"Exordium Thugs","floor":12,"turns":5},{"damage":6,"enemies":"2 Fungi Beasts","floor":13,"turns":4},{"damage":45,"enemies":"The Guardian","floor":16,"turns":9},{"damage":62,"enemies":"3 Byrds","floor":18,"turns":7},{"damage":13,"enemies":"Chosen","floor":19,"turns":3}],"seed_played":"-770521127054339178","potions_obtained":[{"floor":4,"key":"Swift Potion"},{"floor":6,"key":"SteroidPotion"},{"floor":8,"key":"SteroidPotion"}],"is_trial":false,"path_per_floor":["M","?","?","M","$","E","M","M","T","R","$","M","M","?","R","B",null,"M","M"],"character_chosen":"IRONCLAD","items_purchased":["Twin Strike","Panacea","Shrug It Off"],"campfire_rested":0,"item_purchase_floors":[5,5,11],"current_hp_per_floor":[74,74,51,57,57,63,69,63,63,63,63,52,52,52,52,13,60,7,0],"gold":253,"neow_bonus":"THREE_ENEMY_KILL","is_prod":false,"is_daily":false,"chose_seed":false,"campfire_upgraded":2,"win_rate":0,"timestamp":1567826052,"path_taken":["M","?","?","M","$","E","M","M","T","R","?","M","M","?","R","BOSS","M","?"],"build_version":"2019-07-17","purchased_purges":1,"victory":false,"max_hp_per_floor":[75,75,75,75,75,75,75,75,75,75,75,75,75,75,75,75,75,78,78],"card_choices":[{"not_picked":["Shrug It Off","Heavy Blade"],"picked":"Pommel Strike","floor":1},{"not_picked":["Uppercut","Pommel Strike"],"picked":"Shrug It Off","floor":4},{"not_picked":["Heavy Blade","Dual Wield"],"picked":"Perfected Strike","floor":6},{"not_picked":["Warcry","Brutality"],"picked":"True Grit","floor":7},{"not_picked":["Heavy Blade","Perfected Strike"],"picked":"Twin Strike","floor":8},{"not_picked":["Iron Wave","Second Wind"],"picked":"Cleave","floor":12},{"not_picked":["Sword Boomerang","Limit Break"],"picked":"Battle Trance","floor":13},{"not_picked":["Dark Embrace","Barricade"],"picked":"Feed","floor":16},{"not_picked":["Dropkick","Rupture"],"picked":"True Grit+1","floor":18}],"player_experience":461914,"relics_obtained":[{"floor":6,"key":"Bird Faced Urn"},{"floor":9,"key":"Darkstone Periapt"}],"event_choices":[{"damage_healed":0,"gold_gain":150,"player_choice":"AGREE","damage_taken":0,"max_hp_gain":0,"max_hp_loss":0,"event_name":"Liars Game","floor":2,"gold_loss":0,"cards_obtained":["Doubt"]},{"damage_healed":0,"gold_gain":0,"player_choice":"Entered Light","damage_taken":23,"max_hp_gain":0,"max_hp_loss":0,"event_name":"Shining Light","floor":3,"gold_loss":0,"cards_upgraded":["Strike_R","Pommel Strike"]},{"cards_removed":["Strike_R"],"damage_healed":0,"gold_gain":0,"player_choice":"Offered Basic","damage_taken":0,"max_hp_gain":0,"max_hp_loss":0,"event_name":"Bonfire Elementals","floor":14,"gold_loss":0}],"is_beta":false,"boss_relics":[{"not_picked":["Empty Cage","Mark of Pain"],"picked":"Cursed Key"}],"items_purged_floors":[5],"is_endless":false,"potions_floor_spawned":[4,6,7,8],"killed_by":"Chosen","ascension_level":19}