{"gold_per_floor":[212,212,35,46,46,46,80,92,176,188,233,245,273,299,311,424,436,421,421,168,168,168,168,168,168,168,168,168,168,168,168,168,168],"floor_reached":33,"playtime":1215,"items_purged":["Decay","Strike_B"],"score":330,"play_id":"6c069afc-25ee-4b8b-b9f2-d609528e4a88","local_time":"20190529201555","is_ascension_mode":true,"campfire_choices":[{"data":"Zap","floor":6,"key":"SMITH"},{"data":"Self Repair","floor":12,"key":"SMITH"},{"data":"Dualcast","floor":15,"key":"SMITH"},{"data":"Chill","floor":23,"key":"SMITH"},{"data":"Conserve Battery","floor":25,"key":"SMITH"},{"data":"Consume","floor":30,"key":"SMITH"},{"data":"Hologram","floor":32,"key":"SMITH"}],"neow_cost":"NONE","seed_source_timestamp":11546981874200,"circlet_count":0,"master_deck":["Strike_B","Strike_B","Strike_B","Defend_B","Defend_B","Defend_B","Defend_B","Zap+1","Dualcast+1","Sweeping Beam","Gash","Hologram+1","Coolheaded","Cold Snap","Self Repair+1","Chill+1","Beam Cell","Core Surge","Conserve Battery+1","Amplify","Skim+1","Consume+1","Gash+1"],"relics":["Cracked Core","MawBank","Boot","Mummified Hand","Gambling Chip","Ectoplasm","Mercury Hourglass","Symbiotic Virus"],"potions_floor_usage":[16,16,16,18,29,33],"damage_taken":[{"damage":6,"enemies":"Jaw Worm","floor":1,"turns":4},{"damage":1,"enemies":"Cultist","floor":4,"turns":4},{"damage":36,"enemies":"3 Sentries","floor":7,"turns":7},{"damage":11,"enemies":"Lagavulin","floor":11,"turns":10},{"damage":0,"enemies":"Small Slimes","floor":13,"turns":2},{"damage":4,"enemies":"3 Louse","floor":14,"turns":3},{"damage":16,"enemies":"Hexaghost","floor":16,"turns":8},{"damage":1,"enemies":"2 Thieves","floor":18,"turns":2},{"damage":4,"enemies":"Shell Parasite","floor":19,"turns":8},{"damage":26,"enemies":"Snake Plant","floor":22,"turns":5},{"damage":14,"enemies":"Sentry and Sphere","floor":24,"turns":6},{"damage":35,"enemies":"Gremlin Leader","floor":27,"turns":7},{"damage":0,"enemies":"3 Cultists","floor":28,"turns":6},{"damage":15,"enemies":"Snake Plant","floor":29,"turns":4},{"damage":87,"enemies":"Automaton","floor":33,"turns":12}],"seed_played":"-2865486482889837436","potions_obtained":[{"floor":7,"key":"LiquidBronze"},{"floor":11,"key":"LiquidBronze"},{"floor":14,"key":"Swift Potion"},{"floor":16,"key":"AttackPotion"},{"floor":19,"key":"FocusPotion"},{"floor":24,"key":"Explosive Potion"},{"floor":27,"key":"GamblersBrew"},{"floor":29,"key":"Fruit Juice"}],"is_trial":false,"path_per_floor":["M","?","$","M","?","R","E","?","T","?","E","R","M","M","R","B",null,"M","M","$","?","M","R","M","R","T","E","M","M","R","$","R","B"],"character_chosen":"DEFECT","items_purchased":["Gash","Hologram","Amplify"],"campfire_rested":0,"item_purchase_floors":[3,3,20],"current_hp_per_floor":[69,69,69,68,73,73,37,34,34,34,23,23,33,39,39,33,80,79,80,80,80,64,64,60,60,60,45,55,55,55,55,55,0],"gold":168,"neow_bonus":"HUNDRED_GOLD","is_prod":false,"is_daily":false,"chose_seed":false,"campfire_upgraded":7,"win_rate":0,"timestamp":1559175355,"path_taken":["M","?","$","?","?","R","E","?","T","?","E","R","?","M","R","BOSS","M","M","$","?","?","R","M","R","T","E","M","M","R","$","R","BOSS"],"build_version":"2019-01-23","purchased_purges":2,"victory":false,"max_hp_per_floor":[75,75,75,75,80,80,80,80,80,80,80,80,80,80,80,80,80,80,80,80,80,80,80,80,80,80,80,80,85,85,85,85,85],"card_choices":[{"not_picked":["Compile Driver","Storm"],"picked":"Sweeping Beam","floor":1},{"not_picked":["Sunder","Sweeping Beam"],"picked":"Coolheaded","floor":4},{"not_picked":["Reboot","Stack"],"picked":"Cold Snap","floor":7},{"not_picked":["Redo","Scrape"],"picked":"Self Repair","floor":11},{"not_picked":["Hello World","Barrage"],"picked":"Chill","floor":13},{"not_picked":["Coolheaded","Cold Snap"],"picked":"Beam Cell","floor":14},{"not_picked":["Buffer","Biased Cognition"],"picked":"Core Surge","floor":16},{"not_picked":["Ball Lightning+1","Compile Driver"],"picked":"Conserve Battery","floor":18},{"not_picked":["Scrape","BootSequence","Compile Driver"],"picked":"SKIP","floor":19},{"not_picked":["Cold Snap","Redo"],"picked":"Skim+1","floor":22},{"not_picked":["Beam Cell","Compile Driver","Fission"],"picked":"SKIP","floor":24},{"not_picked":["Double Energy","Rebound","Hello World"],"picked":"SKIP","floor":27},{"not_picked":["Sunder","Aggregate"],"picked":"Consume","floor":28},{"not_picked":["Rebound","Steam+1"],"picked":"Gash+1","floor":29}],"player_experience":356271,"relics_obtained":[{"floor":7,"key":"MawBank"},{"floor":9,"key":"Mummified Hand"},{"floor":11,"key":"Gambling Chip"},{"floor":26,"key":"Mercury Hourglass"},{"floor":27,"key":"Symbiotic Virus"}],"event_choices":[{"damage_healed":0,"gold_gain":0,"player_choice":"Cursed","damage_taken":0,"max_hp_gain":0,"max_hp_loss":0,"event_name":"Wheel of Change","floor":2,"gold_loss":0,"cards_obtained":["Decay"]},{"damage_healed":0,"gold_gain":0,"player_choice":"Donut","damage_taken":0,"max_hp_gain":5,"max_hp_loss":0,"event_name":"Big Fish","floor":5,"gold_loss":0},{"damage_healed":0,"gold_gain":0,"player_choice":"Success","damage_taken":3,"relics_obtained":["Boot"],"max_hp_gain":0,"max_hp_loss":0,"event_name":"Scrap Ooze","floor":8,"gold_loss":0},{"damage_healed":0,"gold_gain":0,"player_choice":"Ignored","damage_taken":0,"max_hp_gain":0,"max_hp_loss":0,"event_name":"Liars Game","floor":10,"gold_loss":0},{"damage_healed":0,"gold_gain":0,"player_choice":"Bought 0 Potions","damage_taken":0,"max_hp_gain":0,"max_hp_loss":0,"event_name":"The Woman in Blue","floor":21,"gold_loss":0}],"is_beta":false,"boss_relics":[{"not_picked":["Lizard Tail","Philosopher\u0027s Stone"],"picked":"Ectoplasm"}],"items_purged_floors":[3,20],"is_endless":false,"potions_floor_spawned":[7,11,14,16,19,24,27,29],"killed_by":"Automaton","ascension_level":4}