{"gold_per_floor":[109,109,21,21,21,21,49,49,49,80,29,29,29,42,42,114,114,126,51,65,79,21,21,21],"floor_reached":24,"playtime":448,"items_purged":["Strike_R"],"score":475,"play_id":"0f317073-9a93-442c-9933-27b4d1fdcc3b","local_time":"20190802191632","is_ascension_mode":true,"campfire_choices":[{"data":"Bash","floor":6,"key":"SMITH"},{"data":"Rampage","floor":8,"key":"SMITH"},{"data":"Shrug It Off","floor":12,"key":"SMITH"},{"data":"True Grit","floor":15,"key":"SMITH"},{"floor":23,"key":"REST"}],"neow_cost":"NONE","seed_source_timestamp":9202885329200,"circlet_count":0,"master_deck":["AscendersBane","Strike_R","Strike_R","Strike_R","Defend_R","Defend_R","Defend_R","Defend_R","Bash+1","Thunderclap","Rampage+1","Shrug It Off+1","Pommel Strike","True Grit+1","Feed","Headbutt","Ghostly Armor","Disarm","Sword Boomerang","Headbutt+1"],"relics":["Burning Blood","NeowsBlessing","Dream Catcher","Oddly Smooth Stone","StoneCalendar","Ice Cream","Fusion Hammer"],"potions_floor_usage":[16,18,24],"damage_taken":[{"damage":0,"enemies":"Jaw Worm","floor":1,"turns":1},{"damage":0,"enemies":"Gremlin Nob","floor":7,"turns":1},{"damage":0,"enemies":"3 Sentries","floor":10,"turns":1},{"damage":6,"enemies":"Small Slimes","floor":14,"turns":3},{"damage":66,"enemies":"Hexaghost","floor":16,"turns":10},{"damage":32,"enemies":"Shell Parasite","floor":18,"turns":6},{"damage":18,"enemies":"3 Byrds","floor":20,"turns":6},{"damage":34,"enemies":"Sentry and Sphere","floor":21,"turns":7},{"damage":54,"enemies":"Slavers","floor":24,"turns":4}],"seed_played":"6779192466614249545","potions_obtained":[{"floor":1,"key":"Regen Potion"},{"floor":7,"key":"LiquidBronze"},{"floor":21,"key":"Poison Potion"}],"is_trial":false,"path_per_floor":["M","?","$","?","?","R","E","R","T","E","$","R","?","M","R","B",null,"M","$","M","M","$","R","E"],"character_chosen":"IRONCLAD","items_purchased":["Rampage","Pommel Strike","Sword Boomerang"],"campfire_rested":1,"item_purchase_floors":[3,11,22],"current_hp_per_floor":[74,79,79,74,74,74,80,80,80,80,80,80,80,80,80,20,65,57,57,45,17,17,41,0],"gold":21,"neow_bonus":"THREE_ENEMY_KILL","is_prod":false,"is_daily":false,"chose_seed":false,"campfire_upgraded":4,"win_rate":0,"timestamp":1564787792,"path_taken":["M","?","$","?","?","R","E","R","T","E","$","R","?","M","R","BOSS","M","$","?","M","$","R","E"],"build_version":"2019-07-17","purchased_purges":1,"victory":false,"max_hp_per_floor":[75,80,80,80,80,80,80,80,80,80,80,80,80,80,80,80,80,83,83,83,83,83,83,83],"card_choices":[{"not_picked":["Infernal Blade","Wild Strike"],"picked":"Thunderclap","floor":1},{"not_picked":["Flex","Armaments"],"picked":"Shrug It Off","floor":7},{"not_picked":["Havoc","Power Through","Dark Embrace"],"picked":"SKIP","floor":10},{"not_picked":["Clash","Rampage"],"picked":"True Grit","floor":14},{"not_picked":["Demon Form","Double Tap"],"picked":"Feed","floor":16},{"not_picked":["Reckless Charge","True Grit+1"],"picked":"Headbutt","floor":18},{"not_picked":["True Grit","Sever Soul"],"picked":"Ghostly Armor","floor":20},{"not_picked":["Flex","Clothesline+1"],"picked":"Disarm","floor":21},{"not_picked":["Thunderclap","Pummel"],"picked":"Headbutt+1","floor":23}],"player_experience":451094,"relics_obtained":[{"floor":7,"key":"Oddly Smooth Stone"},{"floor":9,"key":"StoneCalendar"},{"floor":10,"key":"Ice Cream"}],"event_choices":[{"damage_healed":0,"gold_gain":0,"player_choice":"Donut","damage_taken":0,"max_hp_gain":5,"max_hp_loss":0,"event_name":"Big Fish","floor":2,"gold_loss":0},{"damage_healed":0,"gold_gain":0,"player_choice":"Success","damage_taken":5,"relics_obtained":["Dream Catcher"],"max_hp_gain":0,"max_hp_loss":0,"event_name":"Scrap Ooze","floor":4,"gold_loss":0},{"damage_healed":0,"gold_gain":0,"player_choice":"Ignored","damage_taken":0,"max_hp_gain":0,"max_hp_loss":0,"event_name":"Golden Wing","floor":5,"gold_loss":0},{"cards_removed":["Strike_R"],"damage_healed":0,"gold_gain":0,"player_choice":"Purged","damage_taken":0,"max_hp_gain":0,"max_hp_loss":0,"event_name":"Purifier","floor":13,"gold_loss":0}],"is_beta":false,"boss_relics":[{"not_picked":["Astrolabe","Empty Cage"],"picked":"Fusion Hammer"}],"items_purged_floors":[19],"is_endless":false,"potions_floor_spawned":[1,7,21],"killed_by":"Slavers","ascension_level":18}