{"gold_per_floor":[116,116,116,130,150,150,177,177,204,51,66,66,66,7,7,81,81,94,94,94,107,124,124,39,39,39,39,54,54,54],"floor_reached":30,"playtime":724,"items_purged":["Strike_R"],"score":418,"play_id":"9c5e2802-a4aa-4838-b91b-5aeaf10bbaca","local_time":"20190626171206","is_ascension_mode":true,"campfire_choices":[{"data":"Rampage","floor":6,"key":"SMITH"},{"floor":13,"key":"REST"},{"data":"Whirlwind","floor":15,"key":"SMITH"},{"data":"True Grit","floor":23,"key":"SMITH"},{"data":"RitualDagger","floor":25,"key":"SMITH"},{"data":"Inflame","floor":27,"key":"SMITH"}],"neow_cost":"NONE","seed_source_timestamp":125622981600,"circlet_count":0,"master_deck":["AscendersBane","Strike_R","Strike_R","Strike_R","Defend_R","Defend_R","Defend_R","Defend_R","Bash+1","Rampage+1","Infernal Blade","Headbutt","Twin Strike","Flame Barrier+1","Whirlwind+1","Inflame+1","Headbutt","Fiend Fire","Sentinel","RitualDagger+1","Shrug It Off","True Grit+1","Feed"],"relics":["Burning Blood","Sundial","Orichalcum","Vajra","Sozu","Juzu Bracelet","Ice Cream"],"potions_floor_usage":[16,30],"damage_taken":[{"damage":7,"enemies":"Jaw Worm","floor":1,"turns":3},{"damage":25,"enemies":"Small Slimes","floor":4,"turns":4},{"damage":1,"enemies":"Cultist","floor":5,"turns":3},{"damage":50,"enemies":"3 Sentries","floor":7,"turns":9},{"damage":3,"enemies":"Exordium Wildlife","floor":11,"turns":3},{"damage":18,"enemies":"Hexaghost","floor":16,"turns":10},{"damage":0,"enemies":"Chosen","floor":18,"turns":3},{"damage":16,"enemies":"Spheric Guardian","floor":21,"turns":4},{"damage":15,"enemies":"Snecko","floor":22,"turns":7},{"damage":44,"enemies":"Cultist and Chosen","floor":28,"turns":6},{"damage":42,"enemies":"Chosen and Byrds","floor":30,"turns":3}],"seed_played":"7033942398766644857","potions_obtained":[{"floor":1,"key":"PowerPotion"},{"floor":5,"key":"BloodPotion"}],"is_trial":false,"path_per_floor":["M","?","?","M","M","R","E","T","T","$","M","?","R","$","R","B",null,"M","?","?","M","M","R","?","R","T","R","M","?","M"],"character_chosen":"IRONCLAD","items_purchased":["Whirlwind","Headbutt"],"campfire_rested":1,"item_purchase_floors":[10,14],"current_hp_per_floor":[67,72,72,53,58,58,14,14,14,14,17,17,41,41,41,29,67,73,67,67,57,48,48,48,48,48,48,10,10,0],"gold":54,"neow_bonus":"THREE_CARDS","is_prod":false,"is_daily":false,"chose_seed":false,"campfire_upgraded":5,"win_rate":0,"timestamp":1561583526,"path_taken":["M","?","?","?","M","R","E","?","T","$","M","?","R","$","R","BOSS","M","?","?","?","M","R","?","R","T","R","M","?","M"],"build_version":"2019-01-23","purchased_purges":1,"victory":false,"max_hp_per_floor":[75,80,80,80,80,80,80,80,80,80,80,80,80,80,80,80,80,80,80,80,80,80,80,80,80,80,80,80,80,83],"card_choices":[{"not_picked":["Wild Strike","Clash"],"picked":"Rampage","floor":0},{"not_picked":["Rupture","Hemokinesis"],"picked":"Infernal Blade","floor":1},{"not_picked":["Sentinel","Clothesline"],"picked":"Headbutt","floor":4},{"not_picked":["Flex","Wild Strike"],"picked":"Twin Strike","floor":5},{"not_picked":["Iron Wave","Evolve"],"picked":"Flame Barrier","floor":7},{"not_picked":["Heavy Blade","Intimidate"],"picked":"Inflame","floor":11},{"not_picked":["Bludgeon","Berserk"],"picked":"Fiend Fire","floor":16},{"not_picked":["Cleave","Sever Soul"],"picked":"Sentinel","floor":18},{"not_picked":["Inflame","Fire Breathing"],"picked":"Shrug It Off","floor":21},{"not_picked":["Perfected Strike","Corruption"],"picked":"True Grit","floor":22},{"not_picked":["Perfected Strike","Evolve"],"picked":"Feed","floor":28}],"player_experience":409434,"relics_obtained":[{"floor":7,"key":"Sundial"},{"floor":8,"key":"Orichalcum"},{"floor":9,"key":"Vajra"},{"floor":26,"key":"Ice Cream"}],"event_choices":[{"damage_healed":0,"gold_gain":0,"player_choice":"Donut","damage_taken":0,"max_hp_gain":5,"max_hp_loss":0,"event_name":"Big Fish","floor":2,"gold_loss":0},{"damage_healed":0,"gold_gain":0,"player_choice":"Forge","damage_taken":0,"max_hp_gain":0,"max_hp_loss":0,"event_name":"Accursed Blacksmith","floor":3,"gold_loss":0,"cards_upgraded":["Bash"]},{"damage_healed":0,"gold_gain":0,"player_choice":"Grow","damage_taken":0,"max_hp_gain":0,"max_hp_loss":0,"event_name":"Living Wall","floor":12,"gold_loss":0,"cards_upgraded":["Flame Barrier"]},{"damage_healed":0,"gold_gain":0,"player_choice":"Joined the Cult","damage_taken":6,"max_hp_gain":0,"max_hp_loss":0,"event_name":"Nest","floor":19,"gold_loss":0,"cards_obtained":["RitualDagger"]},{"cards_removed":["Strike_R"],"damage_healed":0,"gold_gain":0,"player_choice":"Offered Basic","damage_taken":0,"max_hp_gain":0,"max_hp_loss":0,"event_name":"Bonfire Elementals","floor":20,"gold_loss":0},{"damage_healed":0,"gold_gain":0,"player_choice":"Obtained Relic","damage_taken":0,"relics_obtained":["Juzu Bracelet"],"max_hp_gain":0,"max_hp_loss":0,"event_name":"Addict","floor":24,"gold_loss":85},{"damage_healed":0,"gold_gain":0,"player_choice":"Ignored","damage_taken":0,"max_hp_gain":0,"max_hp_loss":0,"event_name":"Cursed Tome","floor":29,"gold_loss":0}],"is_beta":false,"boss_relics":[{"not_picked":["Velvet Choker","Runic Dome"],"picked":"Sozu"}],"items_purged_floors":[10],"is_endless":false,"potions_floor_spawned":[1,5,7,21],"killed_by":"Chosen and Byrds","ascension_level":17}