{"gold_per_floor":[117,136,136,155,169,169,204,204,204,204,13,13,13,23,23,102,152,168,41,55,55,55,85,85],"floor_reached":24,"playtime":628,"items_purged":["Strike_R"],"score":435,"play_id":"426c4947-a2af-4d85-854b-10eafc04ff3c","local_time":"20190817210502","is_ascension_mode":true,"campfire_choices":[{"data":"Bash","floor":6,"key":"SMITH"},{"floor":8,"key":"REST"},{"data":"Whirlwind","floor":10,"key":"SMITH"},{"data":"Rampage","floor":15,"key":"SMITH"}],"neow_cost":"NONE","seed_source_timestamp":24350706609200,"circlet_count":0,"master_deck":["AscendersBane","Strike_R","Strike_R","Strike_R","Defend_R","Defend_R","Defend_R","Defend_R","Bash+1","Whirlwind+1","Burning Pact+1","Rampage+1","Sword Boomerang","Disarm","True Grit+1","Armaments","Iron Wave","Feed","Inflame","Flame Barrier","Twin Strike","Cleave","Rage"],"relics":["Burning Blood","Vajra","Mummified Hand","Strawberry","Tiny House","Mango"],"potions_floor_usage":[7,7,12,20,23],"damage_taken":[{"damage":3,"enemies":"2 Louse","floor":1,"turns":3},{"damage":7,"enemies":"Cultist","floor":2,"turns":4},{"damage":19,"enemies":"Small Slimes","floor":4,"turns":5},{"damage":22,"enemies":"Blue Slaver","floor":5,"turns":6},{"damage":60,"enemies":"3 Sentries","floor":7,"turns":7},{"damage":0,"enemies":"Gremlin Gang","floor":12,"turns":1},{"damage":1,"enemies":"2 Fungi Beasts","floor":14,"turns":2},{"damage":18,"enemies":"The Guardian","floor":16,"turns":13},{"damage":25,"enemies":"Spheric Guardian","floor":18,"turns":5},{"damage":17,"enemies":"Chosen","floor":20,"turns":6},{"damage":65,"enemies":"Book of Stabbing","floor":23,"turns":6},{"damage":38,"enemies":"Snake Plant","floor":24,"turns":5}],"seed_played":"-7113208335591950667","potions_obtained":[{"floor":2,"key":"Swift Potion"},{"floor":5,"key":"Regen Potion"},{"floor":7,"key":"SmokeBomb"},{"floor":14,"key":"Regen Potion"},{"floor":17,"key":"Weak Potion"},{"floor":20,"key":"EssenceOfSteel"},{"floor":23,"key":"Swift Potion"}],"is_trial":false,"path_per_floor":["M","M","?","M","M","R","E","R","T","R","$","M","?","M","R","B",null,"M","$","M","?","?","E","M"],"character_chosen":"IRONCLAD","items_purchased":["Strawberry","Armaments","Twin Strike"],"campfire_rested":1,"item_purchase_floors":[11,11,19],"current_hp_per_floor":[71,70,75,62,46,46,7,31,31,31,38,44,44,49,49,37,80,61,61,50,68,68,37,0],"gold":85,"neow_bonus":"THREE_CARDS","is_prod":false,"is_daily":false,"chose_seed":false,"campfire_upgraded":3,"win_rate":0,"timestamp":1566090302,"path_taken":["M","M","?","M","M","R","E","R","T","R","$","M","?","?","R","BOSS","M","$","M","?","?","E","?"],"build_version":"2019-07-17","purchased_purges":1,"victory":false,"max_hp_per_floor":[75,75,80,80,80,80,80,80,80,80,87,87,87,87,87,87,92,92,92,92,92,92,106,106],"card_choices":[{"not_picked":["Clothesline","Sword Boomerang"],"picked":"Whirlwind","floor":0},{"not_picked":["Anger","Flex"],"picked":"Burning Pact","floor":1},{"not_picked":["Rupture","Clash"],"picked":"Rampage","floor":2},{"not_picked":["Juggernaut","Perfected Strike"],"picked":"Sword Boomerang","floor":4},{"not_picked":["Searing Blow","Flex"],"picked":"Disarm","floor":5},{"not_picked":["Warcry","Havoc"],"picked":"True Grit","floor":7},{"not_picked":["Sword Boomerang","Clash"],"picked":"Iron Wave","floor":14},{"not_picked":["Barricade","Limit Break"],"picked":"Feed","floor":16},{"not_picked":["Headbutt","Thunderclap"],"picked":"Inflame","floor":17},{"not_picked":["Shockwave","Feel No Pain"],"picked":"Flame Barrier","floor":18},{"not_picked":["Dropkick","Flex"],"picked":"Cleave","floor":20},{"not_picked":["Flex","Heavy Blade"],"picked":"Rage","floor":23}],"player_experience":454097,"relics_obtained":[{"floor":7,"key":"Vajra"},{"floor":9,"key":"Mummified Hand"},{"floor":23,"key":"Mango"}],"event_choices":[{"damage_healed":0,"gold_gain":0,"player_choice":"Donut","damage_taken":0,"max_hp_gain":5,"max_hp_loss":0,"event_name":"Big Fish","floor":3,"gold_loss":0},{"damage_healed":0,"gold_gain":0,"player_choice":"Upgraded","damage_taken":0,"max_hp_gain":0,"max_hp_loss":0,"event_name":"Upgrade Shrine","floor":13,"gold_loss":0,"cards_upgraded":["True Grit"]},{"damage_healed":18,"gold_gain":0,"player_choice":"Heal","damage_taken":0,"max_hp_gain":0,"max_hp_loss":0,"event_name":"The Library","floor":21,"gold_loss":0},{"cards_removed":["Strike_R"],"damage_healed":0,"gold_gain":0,"player_choice":"Purged","damage_taken":0,"max_hp_gain":0,"max_hp_loss":0,"event_name":"Purifier","floor":22,"gold_loss":0}],"is_beta":false,"boss_relics":[{"not_picked":["Runic Pyramid","Runic Cube"],"picked":"Tiny House"}],"items_purged_floors":[19],"is_endless":false,"potions_floor_spawned":[2,5,7,12,14,20,23],"killed_by":"Snake Plant","ascension_level":18}