{"gold_per_floor":[117,117,117,130,157,191,191,116,140,151,151,151,176,187,187,287,287,305,230,37,37,48,48,65,65,92,92,125,136,153,153,153,153],"floor_reached":33,"playtime":1177,"items_purged":["Strike_R","Strike_R"],"score":367,"play_id":"9340c3cb-d249-4f96-b21b-0aa4165393b7","local_time":"20190428010938","is_ascension_mode":true,"campfire_choices":[{"data":"Immolate","floor":7,"key":"SMITH"},{"data":"Rage","floor":12,"key":"SMITH"},{"floor":15,"key":"REST"},{"data":"Bandage Up","floor":23,"key":"SMITH"},{"data":"Spot Weakness","floor":27,"key":"SMITH"},{"floor":32,"key":"REST"}],"neow_cost":"NONE","seed_source_timestamp":143465030400,"circlet_count":0,"master_deck":["Strike_R+1","Strike_R+1","Defend_R+1","Defend_R+1","Defend_R+1","Defend_R+1","Bash","Sword Boomerang+1","Iron Wave","Spot Weakness+1","Immolate+1","Rage+1","Headbutt","Fiend Fire+1","Bandage Up+1","Writhe","Pommel Strike+1","Whirlwind+1","True Grit+1"],"relics":["Burning Blood","Paper Frog","Ancient Tea Set","Boot","Centennial Puzzle","Turnip","Sozu","Champion Belt","Whetstone","Red Mask"],"potions_floor_usage":[16,16,24,33],"damage_taken":[{"damage":7,"enemies":"Jaw Worm","floor":1,"turns":3},{"damage":0,"enemies":"Cultist","floor":4,"turns":3},{"damage":35,"enemies":"3 Sentries","floor":6,"turns":8},{"damage":1,"enemies":"Small Slimes","floor":10,"turns":2},{"damage":25,"enemies":"Lagavulin","floor":13,"turns":6},{"damage":0,"enemies":"Looter","floor":14,"turns":2},{"damage":26,"enemies":"Hexaghost","floor":16,"turns":6},{"damage":2,"enemies":"3 Byrds","floor":18,"turns":3},{"damage":14,"enemies":"Shell Parasite","floor":22,"turns":3},{"damage":0,"enemies":"Snake Plant","floor":24,"turns":2},{"damage":25,"enemies":"Colosseum Slavers","floor":25,"turns":3},{"damage":22,"enemies":"Masked Bandits","floor":28,"turns":3},{"damage":8,"enemies":"Cultist and Chosen","floor":29,"turns":3},{"damage":18,"enemies":"Snecko","floor":30,"turns":4},{"damage":84,"enemies":"Automaton","floor":33,"turns":10}],"seed_played":"-8877230770844232558","potions_obtained":[{"floor":10,"key":"Strength Potion"},{"floor":13,"key":"SpeedPotion"},{"floor":14,"key":"FearPotion"},{"floor":16,"key":"Fire Potion"}],"is_trial":false,"path_per_floor":["M","?","T","M","T","E","R","$","T","M","?","R","E","M","R","B",null,"M","?","$","?","M","R","M","?","T","R","?","M","M","?","R","B"],"character_chosen":"IRONCLAD","items_purchased":["Bandage Up"],"campfire_rested":2,"item_purchase_floors":[20],"current_hp_per_floor":[71,76,76,82,82,53,53,53,53,58,41,41,22,28,53,33,72,76,76,76,76,72,72,78,65,65,65,55,59,53,53,78,0],"gold":153,"neow_bonus":"THREE_CARDS","is_prod":false,"is_daily":false,"chose_seed":false,"campfire_upgraded":4,"win_rate":0,"timestamp":1556428178,"path_taken":["M","?","?","?","?","E","R","$","T","M","?","R","E","M","R","BOSS","M","?","$","?","M","R","M","?","T","R","?","M","M","?","R","BOSS"],"build_version":"2019-01-23","purchased_purges":2,"victory":false,"max_hp_per_floor":[80,85,85,85,85,85,85,85,85,85,85,85,85,85,85,85,85,85,85,85,85,85,85,85,85,85,85,85,85,85,85,85,85],"card_choices":[{"not_picked":["True Grit","Wild Strike"],"picked":"Sword Boomerang","floor":0},{"not_picked":["Clash","Armaments"],"picked":"Iron Wave","floor":1},{"not_picked":["Warcry","Headbutt"],"picked":"Spot Weakness","floor":4},{"not_picked":["Flame Barrier","Armaments"],"picked":"Immolate","floor":6},{"not_picked":["Thunderclap","Sentinel"],"picked":"Rage","floor":10},{"not_picked":["Body Slam","Dual Wield"],"picked":"Headbutt","floor":13},{"not_picked":["Wild Strike","Thunderclap","Brutality"],"picked":"SKIP","floor":14},{"not_picked":["Brutality","Reaper"],"picked":"Fiend Fire","floor":16},{"not_picked":["Clothesline","Rampage","Warcry"],"picked":"SKIP","floor":18},{"not_picked":["Hemokinesis","True Grit"],"picked":"Pommel Strike","floor":22},{"not_picked":["True Grit","Seeing Red+1","Corruption"],"picked":"SKIP","floor":24},{"not_picked":["Corruption","True Grit"],"picked":"Whirlwind+1","floor":28},{"not_picked":["Thunderclap+1","Headbutt"],"picked":"True Grit+1","floor":29},{"not_picked":["Sentinel","Sever Soul","Headbutt"],"picked":"SKIP","floor":30}],"player_experience":145098,"relics_obtained":[{"floor":3,"key":"Paper Frog"},{"floor":5,"key":"Ancient Tea Set"},{"floor":6,"key":"Boot"},{"floor":9,"key":"Centennial Puzzle"},{"floor":13,"key":"Turnip"},{"floor":26,"key":"Whetstone"},{"floor":28,"key":"Red Mask"}],"event_choices":[{"damage_healed":0,"gold_gain":0,"player_choice":"Donut","damage_taken":0,"max_hp_gain":5,"max_hp_loss":0,"event_name":"Big Fish","floor":2,"gold_loss":0},{"damage_healed":0,"gold_gain":0,"player_choice":"Entered Light","damage_taken":17,"max_hp_gain":0,"max_hp_loss":0,"event_name":"Shining Light","floor":11,"gold_loss":0,"cards_upgraded":["Sword Boomerang","Strike_R"]},{"cards_removed":["Strike_R"],"damage_healed":0,"gold_gain":0,"player_choice":"Gave Gold","damage_taken":0,"max_hp_gain":0,"max_hp_loss":0,"event_name":"Beggar","floor":19,"gold_loss":75},{"damage_healed":0,"gold_gain":0,"player_choice":"Opened","damage_taken":0,"relics_obtained":["Champion Belt"],"max_hp_gain":0,"max_hp_loss":0,"event_name":"The Mausoleum","floor":21,"gold_loss":0,"cards_obtained":["Writhe"]},{"damage_healed":0,"gold_gain":0,"player_choice":"Fight","damage_taken":0,"max_hp_gain":0,"max_hp_loss":0,"event_name":"Colosseum","floor":25,"gold_loss":0},{"damage_healed":0,"gold_gain":0,"player_choice":"Fled From Nobs","damage_taken":0,"max_hp_gain":0,"max_hp_loss":0,"event_name":"Colosseum","floor":25,"gold_loss":0},{"damage_healed":0,"gold_gain":0,"player_choice":"Fought Bandits","damage_taken":0,"max_hp_gain":0,"max_hp_loss":0,"event_name":"Masked Bandits","floor":28,"gold_loss":0},{"damage_healed":0,"gold_gain":0,"player_choice":"Simplicity","damage_taken":0,"max_hp_gain":0,"max_hp_loss":0,"event_name":"Back to Basics","floor":31,"gold_loss":0,"cards_upgraded":["Strike_R","Defend_R","Defend_R","Defend_R","Defend_R"]}],"is_beta":false,"boss_relics":[{"not_picked":["Empty Cage","Runic Dome"],"picked":"Sozu"}],"items_purged_floors":[8,20],"is_endless":false,"potions_floor_spawned":[10,13,14,16,25,29,30],"killed_by":"Automaton","ascension_level":9}