{"gold_per_floor":[115,40,40,52,71,71,90,121,201,211,240,240,253,266,266,266],"floor_reached":16,"playtime":582,"items_purged":["Strike_R"],"score":151,"play_id":"8b47997c-2014-44f6-a278-7ac072870bd2","local_time":"20190429143310","is_ascension_mode":true,"campfire_choices":[{"data":"Rampage","floor":6,"key":"SMITH"},{"data":"Rampage","floor":12,"key":"SMITH"},{"floor":15,"key":"REST"}],"neow_cost":"NONE","seed_source_timestamp":2908352966700,"circlet_count":0,"master_deck":["Strike_R","Strike_R","Strike_R","Strike_R","Defend_R","Defend_R","Defend_R","Defend_R","Bash+1","Rampage+1","Headbutt","Rampage+1"],"relics":["Burning Blood","Bird Faced Urn","Mummified Hand","Odd Mushroom"],"potions_floor_usage":[8,8,11,11,14,16],"damage_taken":[{"damage":1,"enemies":"Cultist","floor":1,"turns":3},{"damage":11,"enemies":"2 Louse","floor":4,"turns":3},{"damage":8,"enemies":"Small Slimes","floor":5,"turns":3},{"damage":19,"enemies":"3 Louse","floor":7,"turns":4},{"damage":10,"enemies":"Lagavulin","floor":8,"turns":3},{"damage":12,"enemies":"2 Fungi Beasts","floor":10,"turns":3},{"damage":30,"enemies":"The Mushroom Lair","floor":11,"turns":4},{"damage":17,"enemies":"Looter","floor":13,"turns":3},{"damage":17,"enemies":"Blue Slaver","floor":14,"turns":4},{"damage":33,"enemies":"Hexaghost","floor":16,"turns":8}],"seed_played":"2215846140791639551","potions_obtained":[{"floor":3,"key":"Explosive Potion"},{"floor":3,"key":"SneckoOil"},{"floor":3,"key":"AttackPotion"},{"floor":8,"key":"FearPotion"},{"floor":10,"key":"BloodPotion"},{"floor":13,"key":"SkillPotion"}],"is_trial":false,"path_per_floor":["M","$","?","M","M","R","M","E","T","M","?","R","M","M","R","B"],"character_chosen":"IRONCLAD","items_purchased":[],"campfire_rested":1,"item_purchase_floors":[],"current_hp_per_floor":[77,77,77,72,70,70,57,53,53,47,31,31,20,9,33,0],"gold":266,"neow_bonus":"UPGRADE_CARD","is_prod":false,"is_daily":false,"chose_seed":false,"campfire_upgraded":2,"win_rate":0,"timestamp":1556562790,"path_taken":["M","?","?","?","M","R","M","E","T","M","?","R","M","M","R","BOSS"],"build_version":"2019-01-23","purchased_purges":1,"victory":false,"max_hp_per_floor":[80,80,80,80,80,80,80,80,80,80,80,80,80,80,80,80],"card_choices":[{"not_picked":["Cleave","Thunderclap"],"picked":"Rampage","floor":1},{"not_picked":["Rupture","Perfected Strike","Thunderclap"],"picked":"SKIP","floor":4},{"not_picked":["Heavy Blade","Clothesline"],"picked":"Headbutt","floor":5},{"not_picked":["Iron Wave","Evolve","Sentinel"],"picked":"SKIP","floor":7},{"not_picked":["Dropkick","Hemokinesis","Sentinel"],"picked":"SKIP","floor":8},{"not_picked":["Power Through","Perfected Strike","Havoc"],"picked":"SKIP","floor":10},{"not_picked":["Sword Boomerang","Double Tap"],"picked":"Rampage","floor":11},{"not_picked":["Havoc","Infernal Blade","Carnage"],"picked":"SKIP","floor":13},{"not_picked":["Perfected Strike","Carnage","Armaments"],"picked":"SKIP","floor":14}],"player_experience":161232,"relics_obtained":[{"floor":8,"key":"Bird Faced Urn"},{"floor":9,"key":"Mummified Hand"},{"floor":11,"key":"Odd Mushroom"}],"event_choices":[{"damage_healed":0,"gold_gain":0,"player_choice":"Got Potions","damage_taken":0,"max_hp_gain":0,"max_hp_loss":0,"event_name":"Lab","floor":3,"gold_loss":0},{"damage_healed":0,"gold_gain":0,"player_choice":"Fought Mushrooms","damage_taken":0,"max_hp_gain":0,"max_hp_loss":0,"event_name":"Mushrooms","floor":11,"gold_loss":0}],"is_beta":false,"boss_relics":[],"items_purged_floors":[2],"is_endless":false,"potions_floor_spawned":[8,10,13],"killed_by":"Hexaghost","ascension_level":9}