{"gold_per_floor":[111,127,146,219,219,219,246,246,246,258,258,270,281,293,293,392,392,410,436,436,197,197,197,228,228,228,153,153,164,181,193,193,193],"floor_reached":33,"playtime":1156,"items_purged":[],"score":491,"play_id":"508c64c5-5745-4b30-9149-358dfe4bfdd9","local_time":"20190510011006","is_ascension_mode":true,"campfire_choices":[{"data":"Iron Wave","floor":6,"key":"SMITH"},{"data":"Perfected Strike","floor":8,"key":"SMITH"},{"floor":11,"key":"REST"},{"data":"Pommel Strike","floor":15,"key":"SMITH"},{"data":"Twin Strike","floor":23,"key":"SMITH"},{"data":"Anger","floor":25,"key":"SMITH"},{"floor":32,"key":"REST"}],"neow_cost":"NONE","seed_source_timestamp":14217420968700,"circlet_count":0,"master_deck":["AscendersBane","Strike_R+1","Strike_R+1","Strike_R+1","Strike_R+1","Strike_R+1","Defend_R+1","Defend_R+1","Defend_R+1","Defend_R+1","Bash+1","Iron Wave+1","Inflame+1","Perfected Strike+1","Twin Strike+1","Pommel Strike+1","Headbutt","Anger+1","Rage","Metallicize"],"relics":["Burning Blood","Mercury Hourglass","Matryoshka","Runic Cube","Darkstone Periapt","PreservedInsect","Bottled Flame","Shuriken","Strawberry","Question Card"],"potions_floor_usage":[16,16,24],"damage_taken":[{"damage":1,"enemies":"Cultist","floor":1,"turns":4},{"damage":11,"enemies":"Small Slimes","floor":2,"turns":4},{"damage":2,"enemies":"2 Louse","floor":3,"turns":4},{"damage":41,"enemies":"3 Sentries","floor":7,"turns":10},{"damage":4,"enemies":"Red Slaver","floor":10,"turns":3},{"damage":6,"enemies":"Looter","floor":12,"turns":3},{"damage":2,"enemies":"3 Louse","floor":13,"turns":3},{"damage":0,"enemies":"Large Slime","floor":14,"turns":3},{"damage":0,"enemies":"Slime Boss","floor":16,"turns":5},{"damage":12,"enemies":"Chosen","floor":18,"turns":3},{"damage":9,"enemies":"Gremlin Leader","floor":24,"turns":3},{"damage":17,"enemies":"Shell Parasite","floor":29,"turns":3},{"damage":16,"enemies":"Snake Plant","floor":30,"turns":3},{"damage":17,"enemies":"Cultist and Chosen","floor":31,"turns":4},{"damage":68,"enemies":"Champ","floor":33,"turns":7}],"seed_played":"-8407187202627703026","potions_obtained":[{"floor":2,"key":"Energy Potion"},{"floor":14,"key":"SkillPotion"},{"floor":16,"key":"AttackPotion"},{"floor":24,"key":"Explosive Potion"}],"is_trial":false,"path_per_floor":["M","M","M","?","?","R","E","R","T","M","R","M","M","M","R","B",null,"M","T","?","$","?","R","E","R","T","?","$","M","M","M","R","B"],"character_chosen":"IRONCLAD","items_purchased":["Bottled Flame"],"campfire_rested":2,"item_purchase_floors":[21],"current_hp_per_floor":[77,72,76,76,76,76,41,41,41,43,67,67,71,77,77,80,80,74,74,59,59,59,59,56,56,63,63,63,52,42,31,58,0],"gold":193,"neow_bonus":"UPGRADE_CARD","is_prod":false,"is_daily":false,"chose_seed":false,"campfire_upgraded":5,"win_rate":0,"timestamp":1557465006,"path_taken":["M","?","M","?","?","R","E","R","T","M","R","M","M","M","R","BOSS","M","?","?","$","?","R","E","R","T","?","$","M","M","M","R","BOSS"],"build_version":"2019-01-23","purchased_purges":0,"victory":false,"max_hp_per_floor":[80,80,80,80,80,80,80,80,80,80,80,80,80,80,80,80,80,80,80,85,85,85,85,85,85,92,92,92,92,92,92,92,92],"card_choices":[{"not_picked":["Heavy Blade","Cleave"],"picked":"Iron Wave","floor":1},{"not_picked":["Armaments","Havoc"],"picked":"Inflame","floor":2},{"not_picked":["Rupture","Flex","Body Slam"],"picked":"SKIP","floor":3},{"not_picked":["Havoc","Feel No Pain"],"picked":"Perfected Strike","floor":7},{"not_picked":["Body Slam","Pommel Strike","Armaments"],"picked":"SKIP","floor":10},{"not_picked":["Body Slam","Pommel Strike","Armaments"],"picked":"SKIP","floor":10},{"not_picked":["Pommel Strike","Body Slam"],"picked":"Twin Strike","floor":12},{"not_picked":["Bloodletting","Iron Wave"],"picked":"Pommel Strike","floor":13},{"not_picked":["Intimidate","Flex","Body Slam"],"picked":"SKIP","floor":14},{"not_picked":["Demon Form","Bludgeon"],"picked":"Brutality","floor":16},{"not_picked":["Sentinel","Uppercut+1"],"picked":"Headbutt","floor":18},{"not_picked":["Perfected Strike","Body Slam"],"picked":"Anger","floor":24},{"not_picked":["Sword Boomerang","Anger","Clash"],"picked":"Rage","floor":29},{"not_picked":["Warcry","Fiend Fire","Wild Strike","Clothesline"],"picked":"SKIP","floor":30},{"not_picked":["Dual Wield","Heavy Blade","Rage"],"picked":"Metallicize","floor":31}],"player_experience":233514,"relics_obtained":[{"floor":7,"key":"Mercury Hourglass"},{"floor":9,"key":"Matryoshka"},{"floor":19,"key":"Darkstone Periapt"},{"floor":19,"key":"PreservedInsect"},{"floor":24,"key":"Shuriken"},{"floor":26,"key":"Strawberry"},{"floor":26,"key":"Question Card"}],"event_choices":[{"damage_healed":0,"gold_gain":73,"player_choice":"Gained Gold","damage_taken":0,"max_hp_gain":0,"max_hp_loss":0,"event_name":"Golden Wing","floor":4,"gold_loss":0},{"damage_healed":0,"gold_gain":0,"player_choice":"Forge","damage_taken":0,"max_hp_gain":0,"max_hp_loss":0,"event_name":"Accursed Blacksmith","floor":5,"gold_loss":0,"cards_upgraded":["Inflame"]},{"damage_healed":0,"gold_gain":0,"player_choice":"Shed Blood","damage_taken":20,"max_hp_gain":5,"max_hp_loss":0,"event_name":"Forgotten Altar","floor":20,"gold_loss":0},{"damage_healed":0,"gold_gain":0,"player_choice":"Simplicity","damage_taken":0,"max_hp_gain":0,"max_hp_loss":0,"event_name":"Back to Basics","floor":22,"gold_loss":0,"cards_upgraded":["Strike_R","Strike_R","Strike_R","Strike_R","Strike_R","Defend_R","Defend_R","Defend_R","Defend_R"]},{"cards_removed":["Brutality"],"damage_healed":0,"gold_gain":0,"player_choice":"Gave Gold","damage_taken":0,"max_hp_gain":0,"max_hp_loss":0,"event_name":"Beggar","floor":27,"gold_loss":75}],"is_beta":false,"boss_relics":[{"not_picked":["Astrolabe","Pandora\u0027s Box"],"picked":"Runic Cube"}],"items_purged_floors":[],"is_endless":false,"potions_floor_spawned":[2,14,16,24],"killed_by":"Champ","ascension_level":11}