{"gold_per_floor":[118,118,118,136,311,337,222,242,242,261,296,315,326,337,337,440,440,460,478,478,478,488,488,506,506,583,600,600,226,226,243,243,243],"floor_reached":33,"playtime":1391,"items_purged":["Doubt","Strike_R"],"score":443,"play_id":"ee1707d3-c6d0-4dc9-b2b7-d19842723ab2","local_time":"20190511180900","is_ascension_mode":true,"campfire_choices":[{"data":"Inflame","floor":15,"key":"SMITH"},{"data":"True Grit","floor":23,"key":"SMITH"},{"floor":28,"key":"REST"},{"data":"Anger","floor":32,"key":"SMITH"}],"neow_cost":"NONE","seed_source_timestamp":26757634371200,"circlet_count":0,"master_deck":["AscendersBane","Strike_R+1","Strike_R+1","Strike_R+1","Defend_R+1","Defend_R+1","Defend_R+1","Defend_R+1","Bash+1","Cleave","True Grit+1","Inflame+1","Flame Barrier","Inflame","Anger+1","Headbutt","Reaper","Battle Trance+1","Heavy Blade+1","Shrug It Off+1"],"relics":["Burning Blood","NeowsBlessing","Gremlin Horn","Orichalcum","Pear","Mark of Pain","Enchiridion","Bottled Tornado","Pen Nib","Tiny Chest"],"potions_floor_usage":[11,11,14,16,33,33],"damage_taken":[{"damage":0,"enemies":"Cultist","floor":1,"turns":1},{"damage":0,"enemies":"Jaw Worm","floor":4,"turns":1},{"damage":0,"enemies":"Lagavulin","floor":6,"turns":1},{"damage":0,"enemies":"Small Slimes","floor":8,"turns":3},{"damage":5,"enemies":"Exordium Wildlife","floor":10,"turns":4},{"damage":4,"enemies":"3 Sentries","floor":11,"turns":10},{"damage":5,"enemies":"2 Fungi Beasts","floor":12,"turns":3},{"damage":4,"enemies":"3 Louse","floor":13,"turns":4},{"damage":12,"enemies":"Lots of Slimes","floor":14,"turns":3},{"damage":33,"enemies":"Slime Boss","floor":16,"turns":8},{"damage":27,"enemies":"2 Thieves","floor":18,"turns":5},{"damage":0,"enemies":"Chosen","floor":19,"turns":4},{"damage":16,"enemies":"Shelled Parasite and Fungi","floor":22,"turns":4},{"damage":0,"enemies":"Snecko","floor":24,"turns":2},{"damage":17,"enemies":"Centurion and Healer","floor":27,"turns":3},{"damage":0,"enemies":"3 Cultists","floor":31,"turns":3},{"damage":83,"enemies":"Champ","floor":33,"turns":7}],"seed_played":"9077249565832715674","potions_obtained":[{"floor":4,"key":"Fire Potion"},{"floor":8,"key":"AttackPotion"},{"floor":12,"key":"LiquidBronze"},{"floor":14,"key":"AttackPotion"},{"floor":27,"key":"Swift Potion"},{"floor":31,"key":"GamblersBrew"}],"is_trial":false,"path_per_floor":["M","?","?","M","?","E","$","M","T","M","E","M","M","M","R","B",null,"M","M","?","?","M","R","M","?","T","M","R","$","?","M","R","B"],"character_chosen":"IRONCLAD","items_purchased":["Inflame","Pen Nib","Tiny Chest"],"campfire_rested":1,"item_purchase_floors":[7,29,29],"current_hp_per_floor":[78,71,71,77,77,80,80,80,80,80,90,90,90,84,84,57,82,61,67,51,51,41,41,47,47,47,36,63,63,63,78,78,0],"gold":243,"neow_bonus":"THREE_ENEMY_KILL","is_prod":false,"is_daily":false,"chose_seed":false,"campfire_upgraded":3,"win_rate":0,"timestamp":1557612540,"path_taken":["M","?","?","M","?","E","$","M","T","M","E","M","?","M","R","BOSS","M","M","?","?","?","R","M","?","T","M","R","$","?","M","R","BOSS"],"build_version":"2019-01-23","purchased_purges":2,"victory":false,"max_hp_per_floor":[80,80,80,80,80,80,80,80,80,80,90,90,90,90,90,90,90,90,90,90,90,90,90,90,90,90,90,90,90,90,90,90,90],"card_choices":[{"not_picked":["Clash","Armaments"],"picked":"Cleave","floor":1},{"not_picked":["Havoc","Cleave","Seeing Red"],"picked":"SKIP","floor":4},{"not_picked":["Body Slam","Clash"],"picked":"True Grit","floor":6},{"not_picked":["Bludgeon","Iron Wave"],"picked":"Flame Barrier","floor":8},{"not_picked":["Second Wind","Armaments"],"picked":"Inflame","floor":10},{"not_picked":["Pommel Strike","Iron Wave"],"picked":"Anger","floor":11},{"not_picked":["Twin Strike","Hemokinesis"],"picked":"Headbutt","floor":12},{"not_picked":["Perfected Strike","Rampage","Bloodletting"],"picked":"SKIP","floor":13},{"not_picked":["Clothesline","Cleave","Flex"],"picked":"SKIP","floor":14},{"not_picked":["Exhume","Offering"],"picked":"Reaper","floor":16},{"not_picked":["Searing Blow","Burning Pact","Anger"],"picked":"SKIP","floor":18},{"not_picked":["Searing Blow","Thunderclap+1"],"picked":"Battle Trance+1","floor":19},{"not_picked":["Seeing Red","Sentinel"],"picked":"Heavy Blade+1","floor":22},{"not_picked":["Burning Pact","Headbutt","Seeing Red"],"picked":"SKIP","floor":24},{"not_picked":["Wild Strike+1","Armaments"],"picked":"Shrug It Off+1","floor":27},{"not_picked":["Heavy Blade","Flex+1","Second Wind"],"picked":"SKIP","floor":31}],"player_experience":262055,"relics_obtained":[{"floor":6,"key":"Gremlin Horn"},{"floor":9,"key":"Orichalcum"},{"floor":11,"key":"Pear"},{"floor":20,"key":"Enchiridion"},{"floor":26,"key":"Bottled Tornado"}],"event_choices":[{"cards_removed":["Strike_R"],"damage_healed":0,"gold_gain":0,"player_choice":"Card Removal","damage_taken":7,"max_hp_gain":0,"max_hp_loss":0,"event_name":"Golden Wing","floor":2,"gold_loss":0},{"damage_healed":0,"gold_gain":0,"player_choice":"Grow","damage_taken":0,"max_hp_gain":0,"max_hp_loss":0,"event_name":"Living Wall","floor":3,"gold_loss":0,"cards_upgraded":["Bash"]},{"damage_healed":0,"gold_gain":175,"player_choice":"AGREE","damage_taken":0,"max_hp_gain":0,"max_hp_loss":0,"event_name":"Liars Game","floor":5,"gold_loss":0,"cards_obtained":["Doubt"]},{"damage_healed":0,"gold_gain":0,"player_choice":"Obtained Book","damage_taken":16,"max_hp_gain":0,"max_hp_loss":0,"event_name":"Cursed Tome","floor":20,"gold_loss":0},{"damage_healed":0,"gold_gain":0,"player_choice":"Ignored","damage_taken":0,"max_hp_gain":0,"max_hp_loss":0,"event_name":"Duplicator","floor":21,"gold_loss":0},{"damage_healed":0,"gold_gain":0,"player_choice":"Ignored","damage_taken":0,"max_hp_gain":0,"max_hp_loss":0,"event_name":"Vampires","floor":25,"gold_loss":0},{"damage_healed":0,"gold_gain":0,"player_choice":"Simplicity","damage_taken":0,"max_hp_gain":0,"max_hp_loss":0,"event_name":"Back to Basics","floor":30,"gold_loss":0,"cards_upgraded":["Strike_R","Strike_R","Strike_R","Defend_R","Defend_R","Defend_R","Defend_R"]}],"is_beta":false,"boss_relics":[{"not_picked":["Pandora\u0027s Box","Empty Cage"],"picked":"Mark of Pain"}],"items_purged_floors":[7,29],"is_endless":false,"potions_floor_spawned":[4,8,10,12,14,27,31],"killed_by":"Champ","ascension_level":11}