{"gold_per_floor":[117,130,130,146,96,127,127,144,144,161,161,186,210,227,227,327,327,341,351,5,5,5,5,39,49,74,74,74],"floor_reached":28,"playtime":2763,"items_purged":["Strike_B"],"score":300,"play_id":"103ffb29-0b16-4e95-bbbb-ae0455a69fa1","local_time":"20190707081516","is_ascension_mode":true,"campfire_choices":[{"data":"Defragment","floor":7,"key":"SMITH"},{"floor":11,"key":"REST"},{"data":"Zap","floor":15,"key":"SMITH"},{"data":"Fusion","floor":23,"key":"SMITH"},{"data":"Machine Learning","floor":27,"key":"SMITH"}],"neow_cost":"NONE","seed_source_timestamp":1275397843517030,"circlet_count":0,"master_deck":["Strike_B+1","Defend_B","Defend_B","Defend_B","Defend_B","Zap+1","Dualcast","Ball Lightning","FTL+1","Chill","Defragment+1","Coolheaded","Leap","Hologram","Self Repair","Machine Learning+1","Fusion+1","Redo","Force Field","Master of Strategy","RitualDagger","Seek","Coolheaded"],"relics":["Cracked Core","Unceasing Top","Ornamental Fan","Matryoshka","Odd Mushroom","Coffee Dripper","Whetstone","Bottled Lightning","Bag of Marbles"],"potions_floor_usage":[24,28,28,28],"damage_taken":[{"damage":0,"enemies":"Cultist","floor":1,"turns":3},{"damage":0,"enemies":"2 Louse","floor":2,"turns":2},{"damage":2,"enemies":"Jaw Worm","floor":4,"turns":2},{"damage":24,"enemies":"Gremlin Nob","floor":6,"turns":4},{"damage":2,"enemies":"2 Fungi Beasts","floor":8,"turns":3},{"damage":0,"enemies":"Large Slime","floor":10,"turns":4},{"damage":0,"enemies":"3 Sentries","floor":12,"turns":7},{"damage":1,"enemies":"The Mushroom Lair","floor":13,"turns":5},{"damage":0,"enemies":"3 Louse","floor":14,"turns":4},{"damage":21,"enemies":"The Guardian","floor":16,"turns":10},{"damage":8,"enemies":"2 Thieves","floor":18,"turns":4},{"damage":0,"enemies":"Spheric Guardian","floor":19,"turns":3},{"damage":32,"enemies":"Book of Stabbing","floor":24,"turns":8},{"damage":17,"enemies":"Snake Plant","floor":25,"turns":4},{"damage":26,"enemies":"Cultist and Chosen","floor":28,"turns":8}],"seed_played":"-2720757080123224759","potions_obtained":[{"floor":12,"key":"Fire Potion"},{"floor":13,"key":"LiquidBronze"},{"floor":14,"key":"Dexterity Potion"},{"floor":16,"key":"Block Potion"},{"floor":25,"key":"EssenceOfSteel"}],"is_trial":false,"path_per_floor":["M","M","?","M","?","E","R","M","T","M","R","E","?","M","R","B",null,"M","M","$","?","?","R","E","M","T","R","M"],"character_chosen":"DEFECT","items_purchased":["Force Field","Master of Strategy"],"campfire_rested":1,"item_purchase_floors":[20,20],"current_hp_per_floor":[82,82,75,73,73,49,49,47,47,47,71,71,70,70,70,56,82,81,82,82,76,60,60,35,25,25,25,0],"gold":74,"neow_bonus":"TEN_PERCENT_HP_BONUS","is_prod":false,"is_daily":false,"chose_seed":false,"campfire_upgraded":4,"win_rate":0,"timestamp":1562512516,"path_taken":["M","M","?","M","?","E","R","M","T","M","R","E","?","M","R","BOSS","M","M","$","?","?","R","E","M","T","R","M"],"build_version":"2019-07-05","purchased_purges":1,"victory":false,"max_hp_per_floor":[82,82,82,82,82,82,82,82,82,82,82,82,82,82,82,82,82,82,82,82,82,87,87,87,87,87,87,87],"card_choices":[{"not_picked":["Stack","Sweeping Beam"],"picked":"Ball Lightning","floor":1},{"not_picked":["Sunder","Beam Cell"],"picked":"FTL","floor":2},{"not_picked":["Steam","Compile Driver"],"picked":"Chill","floor":4},{"not_picked":["Hello World","Stack"],"picked":"Defragment","floor":6},{"not_picked":["Skim","Redo"],"picked":"Coolheaded","floor":8},{"not_picked":["Coolheaded","Aggregate"],"picked":"Leap","floor":10},{"not_picked":["Steam","Ball Lightning","Stack"],"picked":"SKIP","floor":12},{"not_picked":["Rainbow","Force Field"],"picked":"Hologram","floor":13},{"not_picked":["Turbo","Steam"],"picked":"Self Repair","floor":14},{"not_picked":["Biased Cognition","Reboot"],"picked":"Machine Learning","floor":16},{"not_picked":["Beam Cell","Cold Snap"],"picked":"Fusion","floor":18},{"not_picked":["Barrage","Heatsinks"],"picked":"Redo","floor":19},{"not_picked":["Chaos","Blizzard"],"picked":"Seek","floor":24},{"not_picked":["Aggregate","Steam"],"picked":"Coolheaded","floor":25}],"player_experience":90401,"relics_obtained":[{"floor":6,"key":"Unceasing Top"},{"floor":9,"key":"Ornamental Fan"},{"floor":12,"key":"Matryoshka"},{"floor":13,"key":"Odd Mushroom"},{"floor":24,"key":"Whetstone"},{"floor":26,"key":"Bottled Lightning"},{"floor":26,"key":"Bag of Marbles"}],"event_choices":[{"cards_removed":["Strike_B"],"damage_healed":0,"gold_gain":0,"player_choice":"Card Removal","damage_taken":7,"max_hp_gain":0,"max_hp_loss":0,"event_name":"Golden Wing","floor":3,"gold_loss":0},{"cards_removed":["Strike_B"],"damage_healed":0,"gold_gain":0,"player_choice":"Card Removal","damage_taken":0,"max_hp_gain":0,"max_hp_loss":0,"event_name":"The Cleric","floor":5,"gold_loss":50},{"damage_healed":0,"gold_gain":0,"player_choice":"Fought Mushrooms","damage_taken":0,"max_hp_gain":0,"max_hp_loss":0,"event_name":"Mushrooms","floor":13,"gold_loss":0},{"damage_healed":0,"gold_gain":0,"player_choice":"Joined the Cult","damage_taken":6,"max_hp_gain":0,"max_hp_loss":0,"event_name":"Nest","floor":21,"gold_loss":0,"cards_obtained":["RitualDagger"]},{"damage_healed":0,"gold_gain":0,"player_choice":"Shed Blood","damage_taken":21,"max_hp_gain":5,"max_hp_loss":0,"event_name":"Forgotten Altar","floor":22,"gold_loss":0}],"is_beta":false,"boss_relics":[{"not_picked":["Nuclear Battery","Lizard Tail"],"picked":"Coffee Dripper"}],"items_purged_floors":[20],"is_endless":false,"potions_floor_spawned":[12,13,14,16,18,25],"killed_by":"Cultist and Chosen","ascension_level":2}