{"gold_per_floor":[359,359,18,36,36,36,51,66,66,66,66,66,84,100,100,201,201,212,212,13,13,23,23,41,58,81,81,98,98,109,119,119,224,224,234,234,234,234,246,246,262,262,287,307,307,321,5,5,5,5],"floor_reached":51,"playtime":2009,"items_purged":["Strike_R","Shame"],"score":766,"play_id":"0bece027-ae93-4c46-a203-c3e8b835604b","local_time":"20190320224510","is_ascension_mode":false,"campfire_choices":[{"data":"Shockwave","floor":6.0,"key":"SMITH"},{"data":"Demon Form","floor":12.0,"key":"SMITH"},{"data":"Armaments","floor":15.0,"key":"SMITH"},{"data":"Bash","floor":23,"key":"SMITH"},{"data":"Battle Trance","floor":27,"key":"SMITH"},{"data":"Heavy Blade","floor":29,"key":"SMITH"},{"floor":32,"key":"REST"},{"data":"Heavy Blade","floor":40,"key":"SMITH"},{"data":"Heavy Blade","floor":42,"key":"SMITH"},{"data":"Corruption","floor":45,"key":"SMITH"},{"data":"Good Instincts","floor":49,"key":"SMITH"}],"neow_cost":"PERCENT_DAMAGE","seed_source_timestamp":47281619919942,"circlet_count":0,"master_deck":["Strike_R","Strike_R+1","Defend_R","Defend_R","Defend_R","Bash+1","Spot Weakness","Shockwave+1","Thunderclap","Madness","Demon Form+1","Bash","Armaments+1","Headbutt","Limit Break","Corruption+1","Ghostly Armor","Battle Trance+1","Heavy Blade+1","Havoc+1","Limit Break","Heavy Blade+1","Offering","Shrug It Off","Heavy Blade+1","Shrug It Off+1","Double Tap","Limit Break","Good Instincts+1"],"special_seed":0,"relics":["Burning Blood","Membership Card","Oddly Smooth Stone","Art of War","Runic Dome","Ornamental Fan","Dead Branch","Nloth\u0027s Gift","Happy Flower","Coffee Dripper","Orichalcum","Lee\u0027s Waffle","Bag of Preparation"],"potions_floor_usage":[31,46,50,50],"damage_taken":[{"damage":7.0,"enemies":"Jaw Worm","floor":1.0,"turns":6.0},{"damage":0.0,"enemies":"Cultist","floor":4.0,"turns":4.0},{"damage":0.0,"enemies":"2 Louse","floor":7.0,"turns":2.0},{"damage":14.0,"enemies":"Large Slime","floor":8.0,"turns":5.0},{"damage":7.0,"enemies":"Red Slaver","floor":13.0,"turns":4.0},{"damage":4.0,"enemies":"Blue Slaver","floor":14.0,"turns":5.0},{"damage":30.0,"enemies":"Hexaghost","floor":16.0,"turns":8.0},{"damage":13,"enemies":"3 Byrds","floor":18,"turns":6},{"damage":29,"enemies":"2 Thieves","floor":22,"turns":4},{"damage":0,"enemies":"Cultist and Chosen","floor":24,"turns":4},{"damage":25,"enemies":"Centurion and Healer","floor":25,"turns":5},{"damage":0,"enemies":"Snecko","floor":28,"turns":3},{"damage":30,"enemies":"Snake Plant","floor":30,"turns":5},{"damage":0,"enemies":"Cultist and Chosen","floor":31,"turns":4},{"damage":3,"enemies":"Collector","floor":33,"turns":6},{"damage":0,"enemies":"3 Shapes","floor":35,"turns":1},{"damage":15,"enemies":"3 Darklings","floor":39,"turns":5},{"damage":27,"enemies":"Writhing Mass","floor":41,"turns":4},{"damage":8,"enemies":"4 Shapes","floor":44,"turns":3},{"damage":21,"enemies":"Transient","floor":46,"turns":5},{"damage":9,"enemies":"Donu and Deca","floor":50,"turns":2}],"seed_played":"-4617074844818984510","potions_obtained":[{"floor":1.0,"key":"Regen Potion"},{"floor":4.0,"key":"SteroidPotion"},{"floor":16.0,"key":"SpeedPotion"},{"floor":24,"key":"LiquidBronze"},{"floor":44,"key":"FearPotion"},{"floor":46,"key":"Fruit Juice"}],"is_trial":false,"path_per_floor":["M","?","$","M","?","R","M","M","T","?","?","R","M","M","R","B",null,"M","?","$","?","M","R","M","M","T","R","M","R","M","M","R","B",null,"M","?","?","?","M","R","M","R","T","M","R","M","$","?","R","B",null],"character_chosen":"IRONCLAD","items_purchased":["Membership Card","Oddly Smooth Stone","Shockwave","Dead Branch","Corruption","Ghostly Armor","Lee\u0027s Waffle","Limit Break","Good Instincts","Bag of Preparation"],"campfire_rested":1,"item_purchase_floors":[3,3,3,20,20,20,47,47,47,47],"current_hp_per_floor":[55,39,39,45,45,45,51,43,43,40,40,40,39,41,41,17,80,73,79,79,79,56,56,62,43,43,43,49,49,25,43,68,71,86,86,86,86,86,77,77,56,56,56,54,54,44,98,93,93,90],"gold":5,"neow_bonus":"TWO_FIFTY_GOLD","is_prod":false,"is_daily":false,"chose_seed":false,"campfire_upgraded":10,"win_rate":0,"timestamp":1553143510,"path_taken":["M","?","$","M","?","R","?","M","T","?","?","R","?","M","R","BOSS","M","?","$","?","M","R","?","?","T","R","M","R","M","?","R","BOSS","M","?","?","?","M","R","M","R","T","?","R","M","$","?","R","BOSS"],"build_version":"2019-01-23","purchased_purges":2,"victory":true,"max_hp_per_floor":[80,80,80,80,80,80,80,80,80,80,80,80,80,80,80,80,80,80,86,86,86,86,86,86,86,86,86,86,86,86,86,86,86,86,86,86,86,86,86,86,86,86,86,86,86,91,98,93,93,93],"card_choices":[{"not_picked":["Rage","Thunderclap"],"picked":"Spot Weakness","floor":1.0},{"not_picked":["Wild Strike","Anger"],"picked":"Thunderclap","floor":4.0},{"not_picked":["Iron Wave","Combust","Ghostly Armor"],"picked":"SKIP","floor":7.0},{"not_picked":["Clash","Blood for Blood","Pommel Strike"],"picked":"SKIP","floor":8.0},{"not_picked":["Clash","Twin Strike"],"picked":"Armaments","floor":13.0},{"not_picked":["Burning Pact","Hemokinesis"],"picked":"Headbutt","floor":14.0},{"not_picked":["Barricade","Fiend Fire"],"picked":"Limit Break","floor":16.0},{"not_picked":["Headbutt","Rampage","Warcry"],"picked":"SKIP","floor":18},{"not_picked":["Berserk","Anger"],"picked":"Battle Trance","floor":22},{"not_picked":["Pommel Strike","Perfected Strike"],"picked":"Heavy Blade","floor":24},{"not_picked":["Searing Blow","Body Slam"],"picked":"Havoc+1","floor":25},{"not_picked":["Headbutt","Rampage"],"picked":"Limit Break","floor":28},{"not_picked":["Thunderclap","Twin Strike"],"picked":"Heavy Blade","floor":30},{"not_picked":["Clothesline","Clash","Headbutt"],"picked":"SKIP","floor":31},{"not_picked":["Demon Form","Berserk"],"picked":"Offering","floor":33},{"not_picked":["Thunderclap+1","Heavy Blade"],"picked":"Shrug It Off","floor":35},{"not_picked":["Rampage+1","Twin Strike+1","Power Through"],"picked":"SKIP","floor":39},{"not_picked":["Heavy Blade","Warcry+1","Cleave"],"picked":"SKIP","floor":41},{"not_picked":["Clash+1","Disarm+1"],"picked":"Shrug It Off+1","floor":44},{"not_picked":["Havoc","Warcry"],"picked":"Double Tap","floor":46}],"player_experience":1087623,"relics_obtained":[{"floor":9.0,"key":"Art of War"},{"floor":26,"key":"Happy Flower"},{"floor":43,"key":"Orichalcum"}],"event_choices":[{"damage_healed":0.0,"max_hp_gain":0.0,"max_hp_loss":0.0,"gold_gain":0.0,"event_name":"Shining Light","player_choice":"Entered Light","floor":2.0,"gold_loss":0.0,"damage_taken":16.0,"cards_upgraded":["Defend_R","Strike_R"]},{"damage_healed":0.0,"max_hp_gain":0.0,"max_hp_loss":0.0,"gold_gain":0.0,"event_name":"Match and Keep!","player_choice":"3 cards matched","floor":5.0,"gold_loss":0.0,"damage_taken":0.0,"cards_obtained":["Madness","Demon Form","Bash"]},{"damage_healed":0.0,"max_hp_gain":0.0,"max_hp_loss":0.0,"gold_gain":0.0,"event_name":"Scrap Ooze","player_choice":"Success","floor":10.0,"gold_loss":0.0,"damage_taken":3.0,"relics_obtained":["Darkstone Periapt"]},{"cards_removed":["Strike_R"],"damage_healed":0.0,"max_hp_gain":0.0,"max_hp_loss":0.0,"gold_gain":0.0,"event_name":"Bonfire Elementals","player_choice":"Offered Basic","floor":11.0,"gold_loss":0.0,"damage_taken":0.0},{"damage_healed":0,"gold_gain":0,"player_choice":"Stole Relic","damage_taken":0,"relics_obtained":["Ornamental Fan"],"max_hp_gain":0,"max_hp_loss":0,"event_name":"Addict","floor":19,"gold_loss":0,"cards_obtained":["Shame"]},{"damage_healed":0,"gold_gain":0,"player_choice":"Traded Relic","damage_taken":0,"relics_obtained":["Nloth\u0027s Gift"],"max_hp_gain":0,"max_hp_loss":0,"event_name":"N\u0027loth","floor":21,"relics_lost":["Darkstone Periapt"],"gold_loss":0},{"damage_healed":0,"gold_gain":0,"player_choice":"Ignored","damage_taken":0,"max_hp_gain":0,"max_hp_loss":0,"event_name":"Tomb of Lord Red Mask","floor":36,"gold_loss":0},{"cards_removed":["Defend_R"],"damage_healed":0,"gold_gain":0,"player_choice":"Removed Skill","damage_taken":0,"max_hp_gain":0,"max_hp_loss":0,"event_name":"Falling","floor":37,"gold_loss":0},{"damage_healed":0,"gold_gain":0,"cards_transformed":["Strike_R"],"player_choice":"Transformed","damage_taken":0,"max_hp_gain":0,"max_hp_loss":0,"event_name":"Transmorgrifier","floor":38,"gold_loss":0,"cards_obtained":["Heavy Blade"]},{"damage_healed":0,"gold_gain":0,"player_choice":"Max HP","damage_taken":0,"max_hp_gain":0,"max_hp_loss":5,"event_name":"Winding Halls","floor":48,"gold_loss":0}],"is_beta":false,"boss_relics":[{"not_picked":["Empty Cage","Tiny House"],"picked":"Runic Dome"},{"not_picked":["Orrery","Fusion Hammer"],"picked":"Coffee Dripper"}],"items_purged_floors":[3,47],"is_endless":false,"potions_floor_spawned":[1,4,16,22,24,28,44,46],"ascension_level":0}