{"gold_per_floor":[217,233,233,309,326,338,351,86,113,113,131,131,24,40,40,140,140,162,7,21,40,40,40,52,52,52,52],"floor_reached":27,"playtime":708,"items_purged":["Strike_R","Strike_R","Pain"],"score":232,"play_id":"1c1f4aa6-5705-4cf6-bae5-a56857b47663","local_time":"20190320225733","is_ascension_mode":false,"campfire_choices":[{"data":"Flex","floor":10.0,"key":"SMITH"},{"data":"Heavy Blade","floor":12.0,"key":"SMITH"},{"data":"Inflame","floor":15.0,"key":"SMITH"},{"floor":23,"key":"REST"},{"floor":25,"key":"REST"}],"neow_cost":"NONE","seed_source_timestamp":49405116689721,"circlet_count":0,"master_deck":["Strike_R","Strike_R","Strike_R","Defend_R","Defend_R","Defend_R+1","Defend_R","Bash+1","Heavy Blade+1","Headbutt","Flex+1","Headbutt","Headbutt","Flex+1","Cleave","Inflame+1","Rage","Spot Weakness","Fiend Fire","Writhe","Regret","Flex+1","Offering","Disarm"],"special_seed":0,"relics":["Burning Blood","Membership Card","War Paint","Calling Bell","MawBank","The Courier","Mango","Paper Frog","Nilry\u0027s Codex","Dream Catcher"],"potions_floor_usage":[27],"damage_taken":[{"damage":1.0,"enemies":"Cultist","floor":1.0,"turns":4.0},{"damage":0.0,"enemies":"2 Louse","floor":2.0,"turns":3.0},{"damage":0.0,"enemies":"Small Slimes","floor":5.0,"turns":2.0},{"damage":12.0,"enemies":"Exordium Wildlife","floor":6.0,"turns":3.0},{"damage":13.0,"enemies":"Lots of Slimes","floor":7.0,"turns":3.0},{"damage":8.0,"enemies":"Red Slaver","floor":11.0,"turns":2.0},{"damage":2.0,"enemies":"2 Fungi Beasts","floor":14.0,"turns":3.0},{"damage":41.0,"enemies":"The Guardian","floor":16.0,"turns":6.0},{"damage":26,"enemies":"Spheric Guardian","floor":18,"turns":5},{"damage":27,"enemies":"2 Thieves","floor":20,"turns":3},{"damage":40,"enemies":"3 Cultists","floor":21,"turns":5},{"damage":27,"enemies":"Snake Plant","floor":24,"turns":5},{"damage":39,"enemies":"Chosen and Byrds","floor":27,"turns":4}],"seed_played":"-3619775042256013705","potions_obtained":[{"floor":2.0,"key":"Energy Potion"},{"floor":6.0,"key":"FearPotion"},{"floor":11.0,"key":"Dexterity Potion"},{"floor":24,"key":"PowerPotion"}],"is_trial":false,"path_per_floor":["M","M","?","?","M","M","M","$","T","R","M","R","$","M","R","B",null,"M","$","M","M","?","R","M","R","T","M"],"character_chosen":"IRONCLAD","items_purchased":["Membership Card","Flex","Inflame","Rage","Paper Frog"],"campfire_rested":2,"item_purchase_floors":[8,8,13,13,19],"current_hp_per_floor":[80,80,80,80,80,74,67,67,67,67,65,65,65,69,69,34,94,74,74,53,19,3,31,10,38,38,0],"gold":52,"neow_bonus":"HUNDRED_GOLD","is_prod":false,"is_daily":false,"chose_seed":false,"campfire_upgraded":3,"win_rate":0,"timestamp":1553144253,"path_taken":["M","?","?","?","M","M","M","?","T","R","?","R","$","M","R","BOSS","M","?","M","M","?","R","M","R","T","M"],"build_version":"2019-01-23","purchased_purges":3,"victory":false,"max_hp_per_floor":[80,80,80,80,80,80,80,80,80,80,80,80,80,80,80,80,94,94,94,94,94,94,94,94,94,94,94],"card_choices":[{"not_picked":["Havoc","Headbutt"],"picked":"Heavy Blade","floor":1.0},{"not_picked":["Warcry","Anger"],"picked":"Headbutt","floor":2.0},{"not_picked":["Heavy Blade","Dark Embrace"],"picked":"Flex","floor":5.0},{"not_picked":["Clothesline","Corruption"],"picked":"Headbutt","floor":6.0},{"not_picked":["Anger","Searing Blow"],"picked":"Headbutt","floor":7.0},{"not_picked":["Feel No Pain","Wild Strike"],"picked":"Cleave","floor":11.0},{"not_picked":["Carnage","Thunderclap"],"picked":"Spot Weakness","floor":14.0},{"not_picked":["Impervious","Exhume"],"picked":"Fiend Fire","floor":16.0},{"not_picked":["Iron Wave","Rupture"],"picked":"Flex+1","floor":18},{"not_picked":["Clash","Corruption"],"picked":"Offering","floor":20},{"not_picked":["Burning Pact","Havoc"],"picked":"Disarm","floor":21},{"not_picked":["Sentinel+1","Ghostly Armor","Clothesline"],"picked":"SKIP","floor":24}],"player_experience":1089632,"relics_obtained":[{"floor":9.0,"key":"War Paint"},{"floor":17,"key":"MawBank"},{"floor":17,"key":"The Courier"},{"floor":17,"key":"Mango"},{"floor":22,"key":"Nilry\u0027s Codex"},{"floor":26,"key":"Dream Catcher"}],"event_choices":[{"damage_healed":0.0,"max_hp_gain":0.0,"max_hp_loss":0.0,"gold_gain":0.0,"event_name":"Living Wall","player_choice":"Grow","floor":3.0,"gold_loss":0.0,"damage_taken":0.0,"cards_upgraded":["Bash"]},{"damage_healed":0.0,"max_hp_gain":0.0,"max_hp_loss":0.0,"gold_gain":76.0,"event_name":"Golden Wing","player_choice":"Gained Gold","floor":4.0,"gold_loss":0.0,"damage_taken":0.0},{"damage_healed":0,"gold_gain":0,"player_choice":"Obtained Book","damage_taken":16,"max_hp_gain":0,"max_hp_loss":0,"event_name":"Cursed Tome","floor":22,"gold_loss":0}],"is_beta":false,"boss_relics":[{"not_picked":["Eternal Feather","Tiny House"],"picked":"Calling Bell"}],"items_purged_floors":[8,13,19],"is_endless":false,"potions_floor_spawned":[2,6,11,24],"killed_by":"Chosen and Byrds","ascension_level":0}