{"gold_per_floor":[114,189,77,95,106,106,56,56,56,56,56,56,82,99,99,99],"floor_reached":16,"playtime":985,"items_purged":["Strike_B"],"score":103,"play_id":"9a309b3e-6580-4f50-ae06-caa0bc5b1fc9","local_time":"20180903172837","is_ascension_mode":true,"campfire_choices":[{"data":"Zap","floor":6,"key":"SMITH"},{"data":"Coolheaded","floor":8,"key":"SMITH"},{"data":"FTL","floor":12,"key":"SMITH"},{"floor":15,"key":"REST"}],"neow_cost":"","seed_source_timestamp":25198134261732,"circlet_count":0,"master_deck":["Strike_B","Strike_B","Defend_B","Defend_B","Defend_B","Defend_B","Zap+1","Dualcast","Doom and Gloom","Undo","Coolheaded+1","FTL+1","Reprogram+1","Genetic Algorithm+1"],"relics":["Cracked Core","Molten Egg 2","Toxic Egg 2","Darkstone Periapt"],"potions_floor_usage":[13,16,16,16,16,16],"damage_taken":[{"damage":0,"enemies":"2 Louse","floor":1,"turns":2},{"damage":5,"enemies":"Small Slimes","floor":4,"turns":4},{"damage":0,"enemies":"Jaw Worm","floor":5,"turns":5},{"damage":27,"enemies":"Gremlin Nob","floor":13,"turns":4},{"damage":7,"enemies":"Gremlin Gang","floor":14,"turns":3},{"damage":58,"enemies":"The Guardian","floor":16,"turns":12}],"seed_played":"-6986855775361927061","potions_obtained":[{"floor":1,"key":"SkillPotion"},{"floor":13,"key":"Strength Potion"},{"floor":14,"key":"EntropicBrew"}],"is_trial":false,"path_per_floor":["M","?","$","M","M","R","?","R","T","?","T","R","E","M","R"],"character_chosen":"DEFECT","items_purchased":["Undo"],"campfire_rested":1,"item_purchase_floors":[3],"current_hp_per_floor":[75,64,64,59,59,59,59,59,59,64,64,64,37,30,54,0],"gold":99,"neow_bonus":"","is_prod":false,"is_daily":false,"chose_seed":false,"campfire_upgraded":3,"win_rate":0,"timestamp":1536020917,"path_taken":["M","?","$","?","M","R","?","R","T","?","?","R","E","M","R","BOSS"],"build_version":"2018-08-30","purchased_purges":1,"victory":false,"max_hp_per_floor":[75,75,75,75,75,75,75,75,75,80,80,80,80,80,80,80],"card_choices":[{"not_picked":["Blizzard","Turbo"],"picked":"Doom and Gloom","floor":1},{"not_picked":["Force Field","Leap"],"picked":"Coolheaded","floor":4},{"not_picked":["Go for the Eyes","Redo"],"picked":"FTL","floor":5},{"not_picked":["Force Field+1","Sunder+1"],"picked":"Reprogram+1","floor":13},{"not_picked":["Turbo+1","Ball Lightning+1"],"picked":"Genetic Algorithm+1","floor":14}],"player_experience":112762,"relics_obtained":[{"floor":9,"key":"Molten Egg 2"},{"floor":11,"key":"Toxic Egg 2"},{"floor":13,"key":"Darkstone Periapt"}],"event_choices":[{"event_name":"World of Goop","player_choice":"Gather Gold","floor":2,"damage_taken":0},{"event_name":"The Cleric","player_choice":"Card Removal","floor":7,"damage_taken":0},{"event_name":"Big Fish","player_choice":"Donut","floor":10,"damage_taken":0}],"is_beta":false,"boss_relics":[],"items_purged_floors":[3],"is_endless":false,"potions_floor_spawned":[1,13,14],"killed_by":"The Guardian","ascension_level":1}