{"gold_per_floor":[116,116,134,36,54,81,93,105,140,152,164,192,204,250,262,370,382,407,419,445,557,583,595,633,645,706,395,395,408,424,435,435,538,538,558,572,587,587,587,616,616,629,629,643,659,91,125,139,139,139],"floor_reached":51,"playtime":4945,"items_purged":["Strike_G","Defend_G","Defend_G"],"score":838,"play_id":"802641d7-bd30-4fbb-a19e-650015297bea","local_time":"20180901171907","is_ascension_mode":true,"campfire_choices":[{"data":"Infinite Blades","floor":7,"key":"SMITH"},{"data":"Neutralize","floor":10,"key":"SMITH"},{"data":"Deadly Poison","floor":13,"key":"SMITH"},{"floor":15,"key":"REST"},{"data":"Cloak And Dagger","floor":23,"key":"SMITH"},{"floor":25,"key":"REST"},{"data":"After Image","floor":28,"key":"SMITH"},{"floor":32,"key":"REST"},{"data":"Madness","floor":41,"key":"SMITH"},{"data":"Madness","floor":49,"key":"SMITH"}],"neow_cost":"NONE","seed_source_timestamp":1374617337724011,"circlet_count":0,"master_deck":["Defend_G","Survivor","Neutralize+1","Catalyst","Slice","Poisoned Stab","Infinite Blades+1","Deadly Poison+1","Quick Slash","After Image+1","Accuracy+1","Tools of the Trade+1","Reflex+1","Noxious Fumes","Cloak And Dagger+1","Blade Dance+1","Flying Knee","Adrenaline","Endless Agony","Adrenaline","Slice+1","Corpse Explosion","Infinite Blades","Slice+1","Madness+1","Madness+1","Finisher+1","Blade Dance","Prepared+1","Blade Dance+1"],"relics":["Ring of the Snake","MawBank","Bag of Marbles","Unceasing Top","Astrolabe","Lantern","Regal Pillow","Vajra","Cursed Key","Anchor","Lee\u0027s Waffle","Happy Flower","Nunchaku"],"potions_floor_usage":[14,20,22,22,33,40,40,44,44,47,50],"damage_taken":[{"damage":0,"enemies":"Jaw Worm","floor":1,"turns":5},{"damage":0,"enemies":"2 Louse","floor":3,"turns":4},{"damage":4,"enemies":"Cultist","floor":5,"turns":3},{"damage":18,"enemies":"Lagavulin","floor":6,"turns":6},{"damage":5,"enemies":"2 Fungi Beasts","floor":12,"turns":3},{"damage":0,"enemies":"Gremlin Nob","floor":14,"turns":3},{"damage":20,"enemies":"The Guardian","floor":16,"turns":8},{"damage":8,"enemies":"Chosen","floor":18,"turns":4},{"damage":5,"enemies":"2 Thieves","floor":20,"turns":4},{"damage":34,"enemies":"Snecko","floor":22,"turns":7},{"damage":25,"enemies":"Gremlin Leader","floor":24,"turns":4},{"damage":7,"enemies":"Snake Plant","floor":29,"turns":4},{"damage":2,"enemies":"3 Cultists","floor":30,"turns":4},{"damage":0,"enemies":"Cultist and Chosen","floor":31,"turns":5},{"damage":10,"enemies":"Champ","floor":33,"turns":6},{"damage":0,"enemies":"3 Shapes","floor":35,"turns":1},{"damage":0,"enemies":"Orb Walker","floor":36,"turns":2},{"damage":1,"enemies":"4 Shapes","floor":37,"turns":2},{"damage":9,"enemies":"Nemesis","floor":40,"turns":5},{"damage":33,"enemies":"3 Darklings","floor":42,"turns":3},{"damage":0,"enemies":"Reptomancer","floor":44,"turns":3},{"damage":0,"enemies":"Maw","floor":45,"turns":5},{"damage":12,"enemies":"2 Orb Walkers","floor":47,"turns":3},{"damage":3,"enemies":"Transient","floor":48,"turns":5},{"damage":57,"enemies":"Time Eater","floor":50,"turns":7}],"seed_played":"-6553004771888957757","potions_obtained":[{"floor":3,"key":"Fire Potion"},{"floor":6,"key":"Weak Potion"},{"floor":14,"key":"Regen Potion"},{"floor":16,"key":"GhostInAJar"},{"floor":24,"key":"Strength Potion"},{"floor":29,"key":"Poison Potion"},{"floor":31,"key":"SpeedPotion"},{"floor":35,"key":"Swift Potion"},{"floor":40,"key":"GamblersBrew"},{"floor":42,"key":"FairyPotion"}],"is_trial":false,"path_per_floor":["M","?","M","$","M","E","R","?","T","R","$","M","R","E","R","B",null,"M","?","M","?","M","R","E","R","T","$","R","M","M","M","R","B",null,"M","M","M","?","?","E","R","M","T","M","M","$","E","M","R","B"],"character_chosen":"THE_SILENT","items_purchased":["Poisoned Stab","Vajra","Adrenaline","Lee\u0027s Waffle","Happy Flower","AttackPotion","Dexterity Potion"],"campfire_rested":3,"item_purchase_floors":[4,27,27,46,46,46,46],"current_hp_per_floor":[70,63,63,63,59,41,41,41,41,41,41,36,36,36,57,37,70,62,62,57,57,35,35,10,31,31,31,31,24,22,22,58,48,70,70,70,69,60,60,51,51,18,18,18,18,77,65,62,62,5],"gold":139,"neow_bonus":"REMOVE_CARD","is_prod":false,"is_daily":false,"chose_seed":false,"campfire_upgraded":7,"win_rate":0,"timestamp":1535847547,"path_taken":["M","?","?","$","M","E","R","?","T","R","$","M","R","E","R","BOSS","M","?","M","?","M","R","E","R","T","$","R","M","M","M","R","BOSS","M","M","M","?","?","E","R","M","T","?","M","$","E","M","R","BOSS"],"build_version":"2018-08-30","purchased_purges":3,"victory":true,"max_hp_per_floor":[70,70,70,70,70,70,70,70,70,70,70,70,70,70,70,70,70,70,70,70,70,70,70,70,70,70,70,70,70,70,70,70,70,70,70,70,70,70,70,70,70,70,70,70,70,77,77,77,77,77],"card_choices":[{"not_picked":["Outmaneuver","Well Laid Plans"],"picked":"Catalyst","floor":1},{"not_picked":["Dodge and Roll","Cloak And Dagger"],"picked":"Slice","floor":3},{"not_picked":["Quick Slash","Dagger Throw"],"picked":"Infinite Blades","floor":5},{"not_picked":["Caltrops","Dodge and Roll"],"picked":"Deadly Poison","floor":6},{"not_picked":["Distraction","Deflect"],"picked":"Quick Slash","floor":12},{"not_picked":["Backflip","Riddle With Holes"],"picked":"Quick Slash","floor":14},{"not_picked":["Burst","A Thousand Cuts"],"picked":"After Image","floor":16},{"not_picked":["PiercingWail","Bouncing Flask"],"picked":"Noxious Fumes","floor":18},{"not_picked":["Skewer","Calculated Gamble"],"picked":"Cloak And Dagger","floor":20},{"not_picked":["Dagger Spray","Slice"],"picked":"Blade Dance+1","floor":22},{"not_picked":["Catalyst","Caltrops"],"picked":"Flying Knee","floor":24},{"not_picked":["Backflip","Deflect"],"picked":"Endless Agony","floor":29},{"not_picked":["Masterful Stab","Skewer"],"picked":"Adrenaline","floor":30},{"not_picked":["Acrobatics","Dagger Spray"],"picked":"Slice+1","floor":31},{"not_picked":["Phantasmal Killer","A Thousand Cuts"],"picked":"Corpse Explosion","floor":33},{"not_picked":["Dagger Throw","Concentrate"],"picked":"Infinite Blades","floor":35},{"not_picked":["Flying Knee+1","Riddle With Holes+1"],"picked":"Slice+1","floor":36},{"not_picked":["PiercingWail+1","Dash+1","Leg Sweep+1"],"picked":"SKIP","floor":37},{"not_picked":["Footwork+1","Noxious Fumes+1"],"picked":"Finisher+1","floor":40},{"not_picked":["Backflip","Dagger Spray+1"],"picked":"Blade Dance","floor":42},{"not_picked":["Acrobatics","Flechettes"],"picked":"Prepared+1","floor":44},{"not_picked":["Deflect+1","Dodge and Roll","Acrobatics"],"picked":"SKIP","floor":45},{"not_picked":["Masterful Stab+1","Dodge and Roll","Malaise"],"picked":"SKIP","floor":47},{"not_picked":["Eviscerate","Predator+1"],"picked":"Blade Dance+1","floor":48}],"player_experience":107817,"relics_obtained":[{"floor":6,"key":"MawBank"},{"floor":9,"key":"Bag of Marbles"},{"floor":14,"key":"Unceasing Top"},{"floor":24,"key":"Lantern"},{"floor":26,"key":"Regal Pillow"},{"floor":40,"key":"Anchor"},{"floor":47,"key":"Nunchaku"}],"event_choices":[{"event_name":"Golden Wing","player_choice":"Card Removal","floor":2,"damage_taken":0},{"event_name":"Purifier","player_choice":"One Purge","floor":8,"damage_taken":0},{"event_name":"Ghosts","player_choice":"Ignored","floor":19,"damage_taken":0},{"event_name":"Golden Shrine","player_choice":"Pray","floor":21,"damage_taken":0},{"event_name":"Winding Halls","player_choice":"Embrace Madness","floor":38,"damage_taken":0},{"event_name":"Falling","player_choice":"Removed Attack","floor":39,"damage_taken":0}],"is_beta":false,"boss_relics":[{"not_picked":["Calling Bell","Ectoplasm"],"picked":"Astrolabe"},{"not_picked":["Lizard Tail","HoveringKite"],"picked":"Cursed Key"}],"items_purged_floors":[4,27,46],"is_endless":false,"potions_floor_spawned":[3,6,14,16,18,24,29,31,35,40,42],"ascension_level":2}