{"gold_per_floor":[109,34,209,223,240,240,274,349,349,349,382,397,397,413,413,516,516,530,542,469,469,469,469,220,247,247,247],"floor_reached":27,"playtime":1348,"items_purged":["Doubt"],"score":336,"play_id":"410ae2c4-1ea1-41ba-9e2f-950c70ae1a5c","local_time":"20190221191115","is_ascension_mode":true,"campfire_choices":[{"data":"Neutralize","floor":6,"key":"SMITH"},{"floor":10,"key":"REST"},{"data":"Doubt","floor":13,"key":"PURGE"},{"floor":15,"key":"REST"},{"data":"After Image","floor":23,"key":"SMITH"}],"neow_cost":"CURSE","seed_source_timestamp":521395111545213,"circlet_count":0,"master_deck":["Defend_G","Defend_G","Defend_G","Defend_G","Defend_G","Strike_G","Strike_G","Strike_G","Strike_G","Strike_G","Survivor","Neutralize+1","Deadly Poison","Dagger Spray","Poisoned Stab","Poisoned Stab","Tools of the Trade","Reflex","Footwork","After Image+1","Underhanded Strike+1","Reflex","Poisoned Stab","Bane","Bandage Up","Dagger Throw+1","Injury"],"relics":["Ring of the Snake","Peace Pipe","Bird Faced Urn","Question Card","Cursed Key","Strawberry","Incense Burner","The Courier"],"potions_floor_usage":[16,25,25,27],"damage_taken":[{"damage":2,"enemies":"Small Slimes","floor":1,"turns":5},{"damage":0,"enemies":"2 Louse","floor":4,"turns":3},{"damage":2,"enemies":"Jaw Worm","floor":5,"turns":4},{"damage":33,"enemies":"Gremlin Nob","floor":7,"turns":5},{"damage":16,"enemies":"Lagavulin","floor":11,"turns":7},{"damage":0,"enemies":"3 Louse","floor":12,"turns":3},{"damage":11,"enemies":"Exordium Wildlife","floor":14,"turns":4},{"damage":48,"enemies":"Slime Boss","floor":16,"turns":14},{"damage":22,"enemies":"Spheric Guardian","floor":18,"turns":6},{"damage":13,"enemies":"Chosen","floor":19,"turns":5},{"damage":47,"enemies":"Gremlin Leader","floor":25,"turns":6},{"damage":36,"enemies":"3 Cultists","floor":27,"turns":5}],"seed_played":"-6888378769172775518","potions_obtained":[{"floor":7,"key":"GhostInAJar"},{"floor":12,"key":"FearPotion"},{"floor":14,"key":"SteroidPotion"},{"floor":18,"key":"Poison Potion"},{"floor":25,"key":"Fire Potion"}],"is_trial":false,"path_per_floor":["M","$","?","M","M","R","E","?","T","R","E","M","R","M","R","B",null,"M","M","$","?","?","R","$","E","T","M"],"character_chosen":"THE_SILENT","items_purchased":["Poisoned Stab","Bane","Strawberry","Bandage Up"],"campfire_rested":2,"item_purchase_floors":[20,20,24,24],"current_hp_per_floor":[75,75,75,75,73,73,40,29,29,54,38,38,38,29,54,10,66,50,43,43,27,56,56,63,26,26,0],"gold":247,"neow_bonus":"TWENTY_PERCENT_HP_BONUS","is_prod":false,"is_daily":false,"chose_seed":false,"campfire_upgraded":2,"win_rate":0,"timestamp":1550805075,"path_taken":["M","$","?","M","M","R","E","?","T","R","E","M","R","M","R","BOSS","M","M","$","?","?","R","?","E","T","M"],"build_version":"2019-01-23","purchased_purges":1,"victory":false,"max_hp_per_floor":[84,84,84,84,84,84,84,84,84,84,84,84,84,84,84,84,84,84,84,84,89,89,89,96,96,96,96],"card_choices":[{"not_picked":["Dagger Throw","Choke"],"picked":"Deadly Poison","floor":1},{"not_picked":["Underhanded Strike","Finisher"],"picked":"Dagger Spray","floor":4},{"not_picked":["Dagger Spray","Flying Knee"],"picked":"Poisoned Stab","floor":5},{"not_picked":["Flying Knee","Predator"],"picked":"Poisoned Stab","floor":7},{"not_picked":["Choke","Dodge and Roll"],"picked":"Tools of the Trade","floor":11},{"not_picked":["Outmaneuver","Setup","Predator"],"picked":"Reflex","floor":12},{"not_picked":["Terror","Deflect","Dagger Spray"],"picked":"Footwork","floor":14},{"not_picked":["Unload","Wraith Form v2","Glass Knife"],"picked":"After Image","floor":16},{"not_picked":["Sucker Punch","Prepared","Flying Knee"],"picked":"Underhanded Strike+1","floor":18},{"not_picked":["Terror","Leg Sweep","Concentrate"],"picked":"Reflex","floor":19},{"not_picked":["Dodge and Roll+1","PiercingWail+1","Dagger Spray"],"picked":"Dagger Throw+1","floor":25}],"player_experience":314772,"relics_obtained":[{"floor":7,"key":"Peace Pipe"},{"floor":9,"key":"Bird Faced Urn"},{"floor":11,"key":"Question Card"},{"floor":25,"key":"Incense Burner"},{"floor":26,"key":"The Courier"}],"event_choices":[{"damage_healed":0,"gold_gain":175,"player_choice":"AGREE","damage_taken":0,"max_hp_gain":0,"max_hp_loss":0,"event_name":"Liars Game","floor":3,"gold_loss":0,"cards_obtained":["Doubt"]},{"damage_healed":0,"gold_gain":75,"player_choice":"Gather Gold","damage_taken":11,"max_hp_gain":0,"max_hp_loss":0,"event_name":"World of Goop","floor":8,"gold_loss":0},{"damage_healed":0,"gold_gain":0,"player_choice":"Shed Blood","damage_taken":21,"max_hp_gain":5,"max_hp_loss":0,"event_name":"Forgotten Altar","floor":21,"gold_loss":0},{"damage_healed":29,"gold_gain":0,"player_choice":"Heal","damage_taken":0,"max_hp_gain":0,"max_hp_loss":0,"event_name":"The Library","floor":22,"gold_loss":0}],"is_beta":false,"boss_relics":[{"not_picked":["Ectoplasm","Runic Dome"],"picked":"Cursed Key"}],"items_purged_floors":[2],"is_endless":false,"potions_floor_spawned":[7,12,14,18,25],"killed_by":"3 Cultists","ascension_level":6}