{"gold_per_floor":[112,112,132,59,78,113,113,288,338,338,119,19,34,48,48,151,151,168,168,168,168,179,179],"floor_reached":23,"playtime":542,"items_purged":["Doubt","Strike_R"],"score":239,"play_id":"1dbb8217-5253-4ee6-b0db-e0996f824767","local_time":"20190321002637","is_ascension_mode":false,"campfire_choices":[{"data":"Armaments","floor":7,"key":"SMITH"},{"floor":10,"key":"REST"},{"data":"Limit Break","floor":15,"key":"SMITH"}],"neow_cost":"PERCENT_DAMAGE","seed_source_timestamp":54933385722516,"circlet_count":0,"master_deck":["Strike_R","Defend_R","Defend_R","Bash","Headbutt","Armaments+1","Limit Break+1","Spot Weakness","Inflame","Limit Break","Shame"],"relics":["Burning Blood","Lantern","Potion Belt","Bag of Preparation","Empty Cage","Peace Pipe"],"potions_floor_usage":[16,16,22],"damage_taken":[{"damage":0,"enemies":"2 Louse","floor":1,"turns":2},{"damage":1,"enemies":"Jaw Worm","floor":3,"turns":3},{"damage":5,"enemies":"Small Slimes","floor":5,"turns":4},{"damage":47,"enemies":"Lagavulin","floor":6,"turns":9},{"damage":0,"enemies":"Exordium Wildlife","floor":13,"turns":4},{"damage":5,"enemies":"Looter","floor":14,"turns":3},{"damage":0,"enemies":"Slime Boss","floor":16,"turns":5},{"damage":5,"enemies":"Shell Parasite","floor":18,"turns":4},{"damage":30,"enemies":"Spheric Guardian","floor":22,"turns":6},{"damage":49,"enemies":"Book of Stabbing","floor":23,"turns":4}],"seed_played":"4777380779110200787","potions_obtained":[{"floor":3,"key":"GamblersBrew"},{"floor":13,"key":"Swift Potion"},{"floor":14,"key":"BloodPotion"}],"is_trial":false,"path_per_floor":["M","?","M","$","M","E","R","?","T","R","$","$","M","M","R","B",null,"M","?","?","?","M","E"],"character_chosen":"IRONCLAD","items_purchased":["Limit Break","Bag of Preparation"],"campfire_rested":1,"item_purchase_floors":[4,11],"current_hp_per_floor":[62,55,60,60,61,20,20,20,20,44,44,44,50,51,51,57,80,80,80,65,65,49,0],"gold":179,"neow_bonus":"REMOVE_TWO","is_prod":false,"is_daily":false,"chose_seed":false,"campfire_upgraded":2,"win_rate":0,"timestamp":1553149597,"path_taken":["M","?","M","$","M","E","R","?","T","R","?","$","M","M","R","BOSS","M","?","?","?","M","E"],"build_version":"2019-01-23","purchased_purges":2,"victory":false,"max_hp_per_floor":[80,80,80,80,80,80,80,80,80,80,80,80,80,80,80,80,80,80,80,85,85,85,85],"card_choices":[{"not_picked":["Body Slam","Pommel Strike"],"picked":"Headbutt","floor":1},{"not_picked":["Entrench","Sword Boomerang"],"picked":"Armaments","floor":3},{"not_picked":["Clash","Burning Pact","True Grit"],"picked":"SKIP","floor":5},{"not_picked":["Havoc","Armaments"],"picked":"Spot Weakness","floor":6},{"not_picked":["Wild Strike","Warcry"],"picked":"Inflame","floor":13},{"not_picked":["Sword Boomerang","Power Through","Carnage"],"picked":"SKIP","floor":14},{"not_picked":["Demon Form","Reaper"],"picked":"Limit Break","floor":16},{"not_picked":["Clash","Sever Soul","Havoc"],"picked":"SKIP","floor":18},{"not_picked":["Headbutt","Thunderclap+1","Bloodletting"],"picked":"SKIP","floor":22}],"player_experience":1093328,"relics_obtained":[{"floor":6,"key":"Lantern"},{"floor":9,"key":"Potion Belt"}],"event_choices":[{"cards_removed":["Strike_R"],"damage_healed":0,"gold_gain":0,"player_choice":"Card Removal","damage_taken":7,"max_hp_gain":0,"max_hp_loss":0,"event_name":"Golden Wing","floor":2,"gold_loss":0},{"damage_healed":0,"gold_gain":175,"player_choice":"AGREE","damage_taken":0,"max_hp_gain":0,"max_hp_loss":0,"event_name":"Liars Game","floor":8,"gold_loss":0,"cards_obtained":["Doubt"]},{"damage_healed":0,"gold_gain":0,"player_choice":"Stole Relic","damage_taken":0,"relics_obtained":["Peace Pipe"],"max_hp_gain":0,"max_hp_loss":0,"event_name":"Addict","floor":19,"gold_loss":0,"cards_obtained":["Shame"]},{"damage_healed":0,"gold_gain":0,"player_choice":"Shed Blood","damage_taken":20,"max_hp_gain":5,"max_hp_loss":0,"event_name":"Forgotten Altar","floor":20,"gold_loss":0},{"damage_healed":0,"gold_gain":0,"player_choice":"Ignored","damage_taken":0,"max_hp_gain":0,"max_hp_loss":0,"event_name":"Ghosts","floor":21,"gold_loss":0}],"is_beta":false,"boss_relics":[{"not_picked":["Coffee Dripper","White Beast Statue"],"picked":"Empty Cage"}],"items_purged_floors":[11,12],"is_endless":false,"potions_floor_spawned":[3,13,14],"killed_by":"Book of Stabbing","ascension_level":0}