{"gold_per_floor":[109,120,7,7,21,21,52,52,52,52,64,64,139,159,159,256,256,268,118,138,13,13,13,46,46,73,73,125,143,143,155,155,251,251,263,263,263,363,161,192,192,205,205,205,220,239,251,51,51,51],"floor_reached":50,"playtime":2696,"items_purged":["Normality","Regret","Strike_B","Shame","Doubt"],"score":512,"play_id":"a5993755-d075-4a65-b7cb-9400dc1c60c8","local_time":"20180919233311","is_ascension_mode":true,"campfire_choices":[{"data":"Beam Cell","floor":6,"key":"SMITH"},{"data":"Sunder","floor":8,"key":"SMITH"},{"data":"Sweeping Beam","floor":10,"key":"SMITH"},{"floor":15,"key":"REST"},{"data":"Zap","floor":23,"key":"SMITH"},{"data":"Conserve Battery","floor":27,"key":"SMITH"},{"data":"Storm","floor":30,"key":"SMITH"},{"floor":32,"key":"REST"},{"floor":41,"key":"REST"},{"data":"Defragment","floor":44,"key":"SMITH"},{"floor":49,"key":"REST"}],"neow_cost":"CURSE","seed_source_timestamp":565400568880637,"circlet_count":0,"master_deck":["Strike_B","Defend_B","Defend_B+1","Defend_B","Defend_B","Zap+1","Dualcast+1","Hyperbeam","Storm+1","Darkness","Sweeping Beam+1","Self Repair","Beam Cell+1","Sunder+1","Gash+1","Defragment+1","All For One+1","Defragment+1","Go for the Eyes+1","Conserve Battery+1","Go for the Eyes+1","Pain","Recycle+1","Beam Cell+1","Meteor Strike+1","Ball Lightning+1","Sweeping Beam+1","Gash+1","Fusion+1","Beam Cell+1","Redo+1","Reprogram+1","Scrape+1","BootSequence"],"relics":["Cracked Core","Thread and Needle","Happy Flower","Molten Egg 2","Cursed Key","Shuriken","CultistMask","Art of War","Orichalcum","Sozu","Incense Burner","Shovel","Smiling Mask"],"potions_floor_usage":[24,24,29,33],"damage_taken":[{"damage":6,"enemies":"Cultist","floor":1,"turns":3},{"damage":0,"enemies":"2 Louse","floor":2,"turns":1},{"damage":9,"enemies":"Jaw Worm","floor":5,"turns":3},{"damage":32,"enemies":"Gremlin Nob","floor":7,"turns":4},{"damage":3,"enemies":"Looter","floor":11,"turns":2},{"damage":0,"enemies":"Large Slime","floor":14,"turns":2},{"damage":16,"enemies":"Hexaghost","floor":16,"turns":8},{"damage":3,"enemies":"2 Thieves","floor":18,"turns":2},{"damage":1,"enemies":"Spheric Guardian","floor":20,"turns":3},{"damage":30,"enemies":"Slavers","floor":24,"turns":4},{"damage":10,"enemies":"Snecko","floor":29,"turns":5},{"damage":5,"enemies":"Shelled Parasite and Fungi","floor":31,"turns":5},{"damage":34,"enemies":"Collector","floor":33,"turns":9},{"damage":0,"enemies":"Orb Walker","floor":35,"turns":3},{"damage":4,"enemies":"Mind Bloom Boss Battle","floor":37,"turns":4},{"damage":61,"enemies":"Giant Head","floor":40,"turns":8},{"damage":13,"enemies":"3 Darklings","floor":42,"turns":3},{"damage":7,"enemies":"Transient","floor":45,"turns":5},{"damage":25,"enemies":"Reptomancer","floor":46,"turns":3},{"damage":14,"enemies":"3 Darklings","floor":47,"turns":4},{"damage":36,"enemies":"Donu and Deca","floor":50,"turns":4}],"seed_played":"4838570908202526558","potions_obtained":[{"floor":2,"key":"Swift Potion"},{"floor":5,"key":"GamblersBrew"},{"floor":16,"key":"SneckoOil"},{"floor":20,"key":"Regen Potion"},{"floor":29,"key":"SkillPotion"}],"is_trial":false,"path_per_floor":["M","M","$","?","M","R","E","R","T","R","M","?","?","M","R","B",null,"M","$","M","$","?","R","E","?","T","R","T","M","R","M","R","B",null,"M","T","?","?","$","E","R","M","T","R","M","M","M","$","R"],"character_chosen":"DEFECT","items_purchased":["Self Repair","Go for the Eyes+1","Gash+1","Scrape+1","BootSequence"],"campfire_rested":4,"item_purchase_floors":[3,19,39,48,48],"current_hp_per_floor":[69,69,69,69,67,67,42,42,42,42,39,24,13,13,35,26,75,75,75,74,74,60,60,42,42,42,42,42,32,32,34,58,24,80,80,80,80,80,80,26,50,44,44,44,44,26,12,12,36,0],"gold":51,"neow_bonus":"TRANSFORM_TWO_CARDS","is_prod":false,"is_daily":false,"chose_seed":false,"campfire_upgraded":7,"win_rate":0,"timestamp":1537425191,"path_taken":["M","M","$","?","M","R","E","R","T","R","M","?","?","?","R","BOSS","M","$","M","?","?","R","E","?","T","R","?","M","R","M","R","BOSS","M","?","?","?","$","E","R","?","T","R","?","M","M","$","R","BOSS"],"build_version":"2018-09-06","purchased_purges":5,"victory":false,"max_hp_per_floor":[75,75,75,75,75,75,75,75,75,75,75,75,75,75,75,75,75,75,75,75,75,80,80,80,80,80,80,80,80,80,80,80,80,80,80,80,80,80,80,80,80,80,80,80,80,80,80,80,80,80],"card_choices":[{"not_picked":["Steam","Rip and Tear"],"picked":"Darkness","floor":1},{"not_picked":["Lockon","Glacier"],"picked":"Sweeping Beam","floor":2},{"not_picked":["Turbo","Coolheaded"],"picked":"Beam Cell","floor":5},{"not_picked":["Stack","Reboot"],"picked":"Sunder","floor":7},{"not_picked":["Redo","Leap"],"picked":"Gash+1","floor":11},{"not_picked":["Go for the Eyes+1","Glacier"],"picked":"Defragment","floor":14},{"not_picked":["Electrodynamics","Fission"],"picked":"All For One+1","floor":16},{"not_picked":["Reprogram","Compile Driver+1"],"picked":"Defragment+1","floor":18},{"not_picked":["Coolheaded+1","Turbo"],"picked":"Conserve Battery","floor":20},{"not_picked":["Loop","Coolheaded"],"picked":"Go for the Eyes+1","floor":24},{"not_picked":["Sweeping Beam+1","Redo"],"picked":"Recycle+1","floor":29},{"not_picked":["Auto Shields","Rip and Tear+1"],"picked":"Beam Cell+1","floor":31},{"not_picked":["Machine Learning","Thunder Strike+1"],"picked":"Meteor Strike+1","floor":33},{"not_picked":["Barrage+1","Stack"],"picked":"Ball Lightning+1","floor":35},{"not_picked":["Barrage+1","Skim+1"],"picked":"Sweeping Beam+1","floor":37},{"not_picked":["Steam+1","Stack"],"picked":"Fusion+1","floor":40},{"not_picked":["Cold Snap+1","Conserve Battery"],"picked":"Beam Cell+1","floor":42},{"not_picked":["Compile Driver+1","Skim"],"picked":"Redo+1","floor":45},{"not_picked":["Rip and Tear+1","Chaos","Coolheaded"],"picked":"SKIP","floor":46},{"not_picked":["Cold Snap+1","Fusion"],"picked":"Reprogram+1","floor":47}],"player_experience":125502,"relics_obtained":[{"floor":7,"key":"Happy Flower"},{"floor":9,"key":"Molten Egg 2"},{"floor":24,"key":"Shuriken"},{"floor":26,"key":"Art of War"},{"floor":28,"key":"Orichalcum"},{"floor":36,"key":"Incense Burner"},{"floor":37,"key":"Shovel"},{"floor":40,"key":"Smiling Mask"}],"event_choices":[{"event_name":"Big Fish","player_choice":"Box","floor":4,"damage_taken":0},{"event_name":"Shining Light","player_choice":"Entered Light","floor":12,"damage_taken":0},{"event_name":"World of Goop","player_choice":"Gather Gold","floor":13,"damage_taken":0},{"event_name":"Forgotten Altar","player_choice":"Shed Blood","floor":22,"damage_taken":0},{"event_name":"FaceTrader","player_choice":"Trade","floor":25,"damage_taken":0},{"event_name":"MindBloom","player_choice":"Fight","floor":37,"damage_taken":0},{"event_name":"Golden Shrine","player_choice":"Pray","floor":38,"damage_taken":0}],"is_beta":false,"boss_relics":[{"not_picked":["Snecko Eye","Fusion Hammer"],"picked":"Cursed Key"},{"not_picked":["Lizard Tail","Runic Dome"],"picked":"Sozu"}],"items_purged_floors":[3,19,21,39,48],"is_endless":false,"potions_floor_spawned":[2,5,16,20,29,42,45,46,47],"killed_by":"Donu and Deca","ascension_level":1}