{"gold_per_floor":[367,367,442,460,311,311,311,311,393,417,417,431,431,449,449,578,578,598,598,598,611,611,645,645,670,670,397,415,430,184,209,209,340,340,363,363,432,188,521,521,540,540,566,586,602,635,34,0,0,0],"floor_reached":51,"playtime":1481,"items_purged":["Strike_R","Doubt","Doubt"],"score":735,"play_id":"ca4d4131-d675-4cb1-8958-51afa9c6ee8d","local_time":"20190320220452","is_ascension_mode":false,"campfire_choices":[{"data":"Armaments","floor":6.0,"key":"SMITH"},{"data":"Intimidate","floor":8.0,"key":"SMITH"},{"data":"Bash","floor":11.0,"key":"SMITH"},{"data":"Metallicize","floor":15.0,"key":"SMITH"},{"data":"Limit Break","floor":24.0,"key":"SMITH"},{"data":"Uppercut","floor":32.0,"key":"SMITH"},{"floor":40,"key":"REST"},{"data":"Demon Form","floor":42,"key":"SMITH"},{"data":"Heavy Blade","floor":49,"key":"SMITH"}],"neow_cost":"PERCENT_DAMAGE","seed_source_timestamp":45420151131458,"circlet_count":0,"master_deck":["Strike_R+1","Strike_R+1","Defend_R+1","Defend_R+1","Defend_R+1","Defend_R+1","Bash+1","Cleave","Armaments+1","Intimidate+1","Thunderclap","Metallicize+1","Uppercut+1","Clothesline","Heavy Blade+1","Twin Strike","Limit Break+1","Flex+1","Shockwave+1","Twin Strike+1","Flex","Discovery","Demon Form+1","Parasite","Pommel Strike+1","Discovery","Battle Trance","Limit Break","Heavy Blade","Battle Trance","Metallicize","Headbutt"],"special_seed":0,"relics":["Burning Blood","Ancient Tea Set","Pear","Centennial Puzzle","Velvet Choker","Regal Pillow","Mummified Hand","Strange Spoon","War Paint","Calling Bell","Bronze Scales","Self Forming Clay","Champion Belt","Ice Cream","Vajra","Anchor","Thread and Needle","Brimstone","Red Mask"],"potions_floor_usage":[50,50],"damage_taken":[{"damage":5.0,"enemies":"Small Slimes","floor":1.0,"turns":3.0},{"damage":1.0,"enemies":"Jaw Worm","floor":4.0,"turns":3.0},{"damage":0.0,"enemies":"2 Louse","floor":10.0,"turns":3.0},{"damage":2.0,"enemies":"Large Slime","floor":12.0,"turns":7.0},{"damage":2.0,"enemies":"Looter","floor":14.0,"turns":3.0},{"damage":19.0,"enemies":"The Guardian","floor":16.0,"turns":14.0},{"damage":2.0,"enemies":"3 Byrds","floor":18.0,"turns":3.0},{"damage":0.0,"enemies":"2 Thieves","floor":21.0,"turns":4.0},{"damage":16.0,"enemies":"Gremlin Leader","floor":23.0,"turns":7.0},{"damage":0.0,"enemies":"Cultist and Chosen","floor":25.0,"turns":4.0},{"damage":10.0,"enemies":"Snecko","floor":28.0,"turns":4.0},{"damage":0.0,"enemies":"3 Cultists","floor":29.0,"turns":5.0},{"damage":9.0,"enemies":"Snake Plant","floor":31.0,"turns":3.0},{"damage":58.0,"enemies":"Champ","floor":33.0,"turns":10.0},{"damage":12.0,"enemies":"3 Shapes","floor":35.0,"turns":7.0},{"damage":45,"enemies":"2 Orb Walkers","floor":37,"turns":6},{"damage":4,"enemies":"3 Darklings","floor":41,"turns":4},{"damage":0,"enemies":"Transient","floor":44,"turns":5},{"damage":12,"enemies":"Maw","floor":45,"turns":4},{"damage":20,"enemies":"Giant Head","floor":46,"turns":5},{"damage":5,"enemies":"Time Eater","floor":50,"turns":4}],"seed_played":"8167096585304805496","potions_obtained":[{"floor":4.0,"key":"Weak Potion"},{"floor":14.0,"key":"EssenceOfSteel"},{"floor":18.0,"key":"SkillPotion"},{"floor":21.0,"key":"Fire Potion"},{"floor":25.0,"key":"Energy Potion"},{"floor":31.0,"key":"FairyPotion"},{"floor":41,"key":"FairyPotion"}],"is_trial":false,"path_per_floor":["M","?","?","M","$","R","T","R","T","M","R","M","?","M","R","B",null,"M","?","?","M","?","E","R","M","T","$","M","M","$","M","R","B",null,"M","?","?","$","?","R","M","R","T","M","M","E","$","?","R","B",null],"character_chosen":"IRONCLAD","items_purchased":["Intimidate","Shockwave","Strange Spoon","War Paint","Discovery","Vajra","Brimstone","EssenceOfSteel","Battle Trance","Metallicize","Headbutt"],"campfire_rested":1,"item_purchase_floors":[5,27,27,30,30,38,47,47,47,47,47],"current_hp_per_floor":[57,37,26,31,31,31,31,31,41,47,47,51,39,43,43,30,90,90,90,90,90,90,80,80,86,86,86,82,88,88,85,85,33,90,84,84,45,45,45,87,89,89,89,90,84,70,70,70,70,71],"gold":0,"neow_bonus":"TWO_FIFTY_GOLD","is_prod":false,"is_daily":false,"chose_seed":false,"campfire_upgraded":8,"win_rate":0,"timestamp":1553141092,"path_taken":["M","?","?","M","$","R","?","R","T","M","R","?","?","M","R","BOSS","M","?","?","M","?","E","R","M","T","$","?","M","$","M","R","BOSS","M","?","?","$","?","R","M","R","T","M","M","E","$","?","R","BOSS"],"build_version":"2019-01-23","purchased_purges":3,"victory":true,"max_hp_per_floor":[80,80,80,80,80,80,80,80,90,90,90,90,90,90,90,90,90,90,90,90,90,90,90,90,90,90,90,90,90,90,90,90,90,90,90,90,90,90,90,90,90,90,90,90,90,90,90,90,90,90],"card_choices":[{"not_picked":["Clash","Sever Soul"],"picked":"Cleave","floor":1.0},{"not_picked":["True Grit","Pummel"],"picked":"Armaments","floor":4.0},{"not_picked":["Clash","Entrench"],"picked":"Thunderclap","floor":10.0},{"not_picked":["Seeing Red","Combust"],"picked":"Metallicize","floor":12.0},{"not_picked":["Bloodletting","Sentinel","Perfected Strike"],"picked":"SKIP","floor":14.0},{"not_picked":["Cleave","Pommel Strike"],"picked":"Uppercut","floor":18.0},{"not_picked":["Havoc+1","True Grit"],"picked":"Clothesline","floor":21.0},{"not_picked":["Sentinel+1","Heavy Blade"],"picked":"Limit Break","floor":23.0},{"not_picked":["Second Wind","Rampage+1"],"picked":"Flex","floor":25.0},{"not_picked":["Iron Wave","Havoc"],"picked":"Twin Strike+1","floor":28.0},{"not_picked":["Sword Boomerang","Ghostly Armor"],"picked":"Flex","floor":29.0},{"not_picked":["Body Slam","Perfected Strike","Heavy Blade"],"picked":"SKIP","floor":31.0},{"not_picked":["Feed","Fiend Fire"],"picked":"Demon Form","floor":33.0},{"not_picked":["Clothesline","Sentinel"],"picked":"Pommel Strike+1","floor":35.0},{"not_picked":["HandOfGreed","Purity"],"picked":"Discovery","floor":36.0},{"not_picked":["True Grit","Thunderclap+1"],"picked":"Battle Trance","floor":37},{"not_picked":["Body Slam+1","Havoc+1","Evolve+1"],"picked":"SKIP","floor":41},{"not_picked":["Headbutt","Inflame"],"picked":"Limit Break","floor":44},{"not_picked":["Pommel Strike+1","True Grit","Twin Strike"],"picked":"SKIP","floor":45},{"not_picked":["Seeing Red+1","Headbutt"],"picked":"Heavy Blade","floor":46}],"player_experience":1086142,"relics_obtained":[{"floor":7.0,"key":"Ancient Tea Set"},{"floor":9.0,"key":"Pear"},{"floor":23.0,"key":"Regal Pillow"},{"floor":26.0,"key":"Mummified Hand"},{"floor":34.0,"key":"Bronze Scales"},{"floor":34.0,"key":"Self Forming Clay"},{"floor":34.0,"key":"Champion Belt"},{"floor":37,"key":"Ice Cream"},{"floor":43,"key":"Anchor"},{"floor":46,"key":"Thread and Needle"}],"event_choices":[{"damage_healed":0.0,"max_hp_gain":0.0,"max_hp_loss":0.0,"gold_gain":0.0,"event_name":"Golden Idol","player_choice":"Take Damage","floor":2.0,"gold_loss":0.0,"damage_taken":20.0,"relics_obtained":["Golden Idol"]},{"damage_healed":0.0,"max_hp_gain":0.0,"max_hp_loss":0.0,"gold_gain":75.0,"event_name":"World of Goop","player_choice":"Gather Gold","floor":3.0,"gold_loss":0.0,"damage_taken":11.0},{"damage_healed":0.0,"max_hp_gain":0.0,"max_hp_loss":0.0,"gold_gain":0.0,"event_name":"Scrap Ooze","player_choice":"Success","floor":13.0,"gold_loss":0.0,"damage_taken":12.0,"relics_obtained":["Centennial Puzzle"]},{"damage_healed":0.0,"max_hp_gain":0.0,"max_hp_loss":0.0,"gold_gain":0.0,"event_name":"Ghosts","player_choice":"Ignored","floor":19.0,"gold_loss":0.0,"damage_taken":0.0},{"damage_healed":0.0,"max_hp_gain":0.0,"max_hp_loss":0.0,"gold_gain":0.0,"event_name":"Back to Basics","player_choice":"Simplicity","floor":20.0,"gold_loss":0.0,"damage_taken":0.0,"cards_upgraded":["Strike_R","Strike_R","Strike_R","Strike_R","Defend_R","Defend_R","Defend_R","Defend_R"]},{"damage_healed":0.0,"max_hp_gain":0.0,"max_hp_loss":0.0,"gold_gain":0.0,"cards_transformed":["Strike_R","Strike_R"],"event_name":"Drug Dealer","player_choice":"Became Test Subject","floor":22.0,"gold_loss":0.0,"damage_taken":0.0,"cards_obtained":["Heavy Blade","Twin Strike"]},{"damage_healed":0.0,"max_hp_gain":0.0,"max_hp_loss":0.0,"gold_gain":0.0,"event_name":"SensoryStone","player_choice":"Memory 1","floor":36.0,"gold_loss":0.0,"damage_taken":0.0},{"damage_healed":0,"gold_gain":0,"player_choice":"Fight","damage_taken":0,"max_hp_gain":0,"max_hp_loss":0,"event_name":"Mysterious Sphere","floor":37,"gold_loss":0},{"damage_healed":0,"gold_gain":333,"player_choice":"Gave Idol","damage_taken":0,"max_hp_gain":0,"max_hp_loss":0,"event_name":"The Moai Head","floor":39,"relics_lost":["Golden Idol"],"gold_loss":0},{"damage_healed":0,"gold_gain":0,"player_choice":"Paid","damage_taken":0,"relics_obtained":["Red Mask"],"max_hp_gain":0,"max_hp_loss":0,"event_name":"Tomb of Lord Red Mask","floor":48,"gold_loss":34}],"is_beta":false,"boss_relics":[{"not_picked":["Eternal Feather","Black Blood"],"picked":"Velvet Choker"},{"not_picked":["Runic Cube","Orrery"],"picked":"Calling Bell"}],"items_purged_floors":[5,38,47],"is_endless":false,"potions_floor_spawned":[4,14,18,21,25,31,41,45,46],"ascension_level":0}