{"gold_per_floor":[113,181,181,181,37,37,37,37,62,74,107,134,146,177,189,329,341,378,405,417,429,441,453,501,534,546,558,570,601,652,678,690,821,833,866,878,914,926,938,950,980,992,1054,1066,1092,1104,1241,558,558,558],"floor_reached":51,"playtime":1023,"items_purged":["Strike_R","Strike_R+1"],"score":676,"play_id":"87d67257-0281-4f45-a46f-9be667f0532f","local_time":"20190320231451","is_ascension_mode":false,"campfire_choices":[{"data":"Inflame","floor":6,"key":"SMITH"},{"data":"Bash","floor":8,"key":"SMITH"},{"data":"Carnage","floor":13,"key":"SMITH"},{"data":"Clothesline","floor":15,"key":"SMITH"},{"data":"Whirlwind","floor":23,"key":"SMITH"},{"data":"Metallicize","floor":27,"key":"SMITH"},{"data":"Sword Boomerang","floor":32,"key":"SMITH"},{"floor":40,"key":"REST"},{"floor":42,"key":"REST"},{"floor":46,"key":"REST"},{"floor":49,"key":"REST"}],"neow_cost":"NONE","seed_source_timestamp":50140521272837,"circlet_count":0,"master_deck":["Strike_R+1","Strike_R+1","Strike_R+1","Defend_R+1","Defend_R+1","Defend_R+1","Defend_R+1","Bash+1","Carnage+1","Inflame+1","Clothesline+1","Metallicize+1","Pummel","Fiend Fire","Headbutt+1","Reckless Charge","Whirlwind+1","Whirlwind+1","Sword Boomerang+1","Disarm","Shrug It Off+1","Corruption","Bludgeon","Shockwave+1","Madness","Madness","Clothesline+1","Spot Weakness+1"],"relics":["Burning Blood","NeowsBlessing","Golden Idol","Pantograph","MawBank","Sozu","Anchor","Shuriken","Red Mask","Fusion Hammer","Vajra","Gambling Chip","Chemical X","Bottled Lightning","Ancient Tea Set"],"potions_floor_usage":[],"damage_taken":[{"damage":0,"enemies":"Cultist","floor":1,"turns":1},{"damage":0,"enemies":"Small Slimes","floor":11,"turns":1},{"damage":0,"enemies":"2 Louse","floor":12,"turns":1},{"damage":0,"enemies":"Blue Slaver","floor":14,"turns":3},{"damage":52,"enemies":"Slime Boss","floor":16,"turns":12},{"damage":9,"enemies":"Shell Parasite","floor":18,"turns":3},{"damage":11,"enemies":"3 Byrds","floor":19,"turns":5},{"damage":22,"enemies":"Book of Stabbing","floor":24,"turns":4},{"damage":5,"enemies":"Centurion and Healer","floor":25,"turns":3},{"damage":14,"enemies":"3 Cultists","floor":29,"turns":4},{"damage":0,"enemies":"Masked Bandits","floor":30,"turns":2},{"damage":5,"enemies":"Snecko","floor":31,"turns":3},{"damage":57,"enemies":"Automaton","floor":33,"turns":8},{"damage":10,"enemies":"3 Darklings","floor":35,"turns":4},{"damage":0,"enemies":"3 Shapes","floor":37,"turns":3},{"damage":0,"enemies":"Transient","floor":41,"turns":5},{"damage":8,"enemies":"4 Shapes","floor":45,"turns":5},{"damage":3,"enemies":"Mind Bloom Boss Battle","floor":47,"turns":7},{"damage":62,"enemies":"Time Eater","floor":50,"turns":7}],"seed_played":"4583045955780012489","potions_obtained":[{"floor":16,"key":"FairyPotion"}],"is_trial":false,"path_per_floor":["M","?","?","?","$","R","$","R","T","$","M","M","R","M","R","B",null,"M","M","$","$","?","R","E","M","T","R","?","M","?","M","R","B",null,"M","$","M","?","$","R","M","R","T","?","M","R","?","$","R","B",null],"character_chosen":"IRONCLAD","items_purchased":["Inflame","Chemical X","Bottled Lightning","Ancient Tea Set"],"campfire_rested":4,"item_purchase_floors":[5,48,48,48],"current_hp_per_floor":[80,80,60,57,57,57,57,57,57,57,63,69,69,75,75,34,80,77,72,72,72,72,72,56,57,57,57,57,49,55,56,56,29,80,76,76,80,80,80,80,80,80,80,70,68,80,80,80,80,24],"gold":558,"neow_bonus":"THREE_ENEMY_KILL","is_prod":false,"is_daily":false,"chose_seed":false,"campfire_upgraded":7,"win_rate":0,"timestamp":1553145291,"path_taken":["M","?","?","?","$","R","$","R","T","?","M","?","R","M","R","BOSS","M","M","?","$","?","R","E","M","T","R","?","M","?","M","R","BOSS","M","$","M","?","$","R","M","R","T","?","M","R","?","$","R","BOSS"],"build_version":"2019-01-23","purchased_purges":2,"victory":true,"max_hp_per_floor":[80,80,80,80,80,80,80,80,80,80,80,80,80,80,80,80,80,80,80,80,80,80,80,80,80,80,80,80,80,80,80,80,80,80,80,80,80,80,80,80,80,80,80,80,80,80,80,80,80,80],"card_choices":[{"not_picked":["Perfected Strike","Pummel"],"picked":"Carnage","floor":1},{"not_picked":["Anger","Havoc"],"picked":"Clothesline","floor":11},{"not_picked":["Sword Boomerang","Wild Strike"],"picked":"Metallicize","floor":12},{"not_picked":["Sword Boomerang","Perfected Strike"],"picked":"Pummel","floor":14},{"not_picked":["Berserk","Dark Embrace"],"picked":"Fiend Fire","floor":16},{"not_picked":["Shrug It Off","Sentinel"],"picked":"Headbutt+1","floor":18},{"not_picked":["Second Wind+1","Clothesline"],"picked":"Reckless Charge","floor":19},{"not_picked":["Feel No Pain","Heavy Blade"],"picked":"Whirlwind+1","floor":24},{"not_picked":["Thunderclap","Metallicize"],"picked":"Sword Boomerang","floor":25},{"not_picked":["Sword Boomerang","Burning Pact"],"picked":"Disarm","floor":29},{"not_picked":["Cleave+1","Wild Strike"],"picked":"Shrug It Off+1","floor":30},{"not_picked":["Clash+1","Flex"],"picked":"Corruption","floor":31},{"not_picked":["Exhume","Juggernaut"],"picked":"Bludgeon","floor":33},{"not_picked":["Perfected Strike","Corruption"],"picked":"Shockwave+1","floor":35},{"not_picked":["Cleave+1","Wild Strike","Body Slam"],"picked":"SKIP","floor":37},{"not_picked":["Pommel Strike","Ghostly Armor","Blood for Blood+1"],"picked":"SKIP","floor":41},{"not_picked":["Wild Strike+1","Cleave+1"],"picked":"Clothesline+1","floor":45},{"not_picked":["Rampage+1","Sword Boomerang+1"],"picked":"Spot Weakness+1","floor":47}],"player_experience":1090340,"relics_obtained":[{"floor":9,"key":"MawBank"},{"floor":24,"key":"Anchor"},{"floor":26,"key":"Shuriken"},{"floor":30,"key":"Red Mask"},{"floor":43,"key":"Vajra"},{"floor":47,"key":"Gambling Chip"}],"event_choices":[{"damage_healed":0,"gold_gain":68,"player_choice":"Gained Gold","damage_taken":0,"max_hp_gain":0,"max_hp_loss":0,"event_name":"Golden Wing","floor":2,"gold_loss":0},{"damage_healed":0,"gold_gain":0,"player_choice":"Take Damage","damage_taken":20,"relics_obtained":["Golden Idol"],"max_hp_gain":0,"max_hp_loss":0,"event_name":"Golden Idol","floor":3,"gold_loss":0},{"damage_healed":0,"gold_gain":0,"player_choice":"Success","damage_taken":3,"relics_obtained":["Pantograph"],"max_hp_gain":0,"max_hp_loss":0,"event_name":"Scrap Ooze","floor":4,"gold_loss":0},{"damage_healed":0,"gold_gain":0,"player_choice":"Read","damage_taken":0,"max_hp_gain":0,"max_hp_loss":0,"event_name":"The Library","floor":22,"gold_loss":0,"cards_obtained":["Whirlwind"]},{"damage_healed":0,"gold_gain":0,"player_choice":"Simplicity","damage_taken":0,"max_hp_gain":0,"max_hp_loss":0,"event_name":"Back to Basics","floor":28,"gold_loss":0,"cards_upgraded":["Strike_R","Strike_R","Strike_R","Strike_R","Defend_R","Defend_R","Defend_R","Defend_R"]},{"damage_healed":0,"gold_gain":0,"player_choice":"Fought Bandits","damage_taken":0,"max_hp_gain":0,"max_hp_loss":0,"event_name":"Masked Bandits","floor":30,"gold_loss":0},{"damage_healed":0,"gold_gain":0,"player_choice":"Ignored","damage_taken":0,"max_hp_gain":0,"max_hp_loss":0,"event_name":"Mysterious Sphere","floor":38,"gold_loss":0},{"damage_healed":0,"gold_gain":0,"player_choice":"Embrace Madness","damage_taken":10,"max_hp_gain":0,"max_hp_loss":0,"event_name":"Winding Halls","floor":44,"gold_loss":0,"cards_obtained":["Madness","Madness"]},{"damage_healed":0,"gold_gain":0,"player_choice":"Fight","damage_taken":0,"max_hp_gain":0,"max_hp_loss":0,"event_name":"MindBloom","floor":47,"gold_loss":0}],"is_beta":false,"boss_relics":[{"not_picked":["Mark of Pain","Pandora\u0027s Box"],"picked":"Sozu"},{"not_picked":["Velvet Choker","Runic Pyramid"],"picked":"Fusion Hammer"}],"items_purged_floors":[5,48],"is_endless":false,"potions_floor_spawned":[16,18,24,25,30,37,45],"ascension_level":0}