{"gold_per_floor":[119,44,119,69,88,88,121,134,160,160,180,180,241,258,258,354,354,374,374],"floor_reached":19,"playtime":919,"items_purged":["Strike_B"],"score":230,"play_id":"5a737a22-e945-4280-8b23-244cba2ac871","local_time":"20190303103801","is_ascension_mode":true,"campfire_choices":[{"data":"Chaos","floor":6,"key":"SMITH"},{"floor":10,"key":"REST"},{"floor":15,"key":"REST"}],"neow_cost":"TEN_PERCENT_HP_LOSS","seed_source_timestamp":79101242913031,"circlet_count":0,"master_deck":["Strike_B","Strike_B","Defend_B","Defend_B","Defend_B","Defend_B","Zap","Dualcast","PanicButton","Purity","Chaos+1","Gash","Conserve Battery","Hologram","Conserve Battery","Sunder","Gash","Meteor Strike","Gash"],"relics":["Cracked Core","PreservedInsect","Lantern","DataDisk","Tiny Chest","Sozu"],"potions_floor_usage":[16],"damage_taken":[{"damage":2,"enemies":"Jaw Worm","floor":1,"turns":3},{"damage":1,"enemies":"2 Louse","floor":5,"turns":3},{"damage":43,"enemies":"Gremlin Nob","floor":7,"turns":5},{"damage":0,"enemies":"Small Slimes","floor":8,"turns":4},{"damage":7,"enemies":"Exordium Wildlife","floor":11,"turns":4},{"damage":8,"enemies":"Lagavulin","floor":13,"turns":8},{"damage":0,"enemies":"Looter","floor":14,"turns":2},{"damage":30,"enemies":"Slime Boss","floor":16,"turns":7},{"damage":38,"enemies":"3 Byrds","floor":18,"turns":6},{"damage":18,"enemies":"Chosen","floor":19,"turns":4}],"seed_played":"-3873295579486475918","potions_obtained":[{"floor":7,"key":"EssenceOfSteel"},{"floor":8,"key":"Strength Potion"},{"floor":16,"key":"Dexterity Potion"}],"is_trial":false,"path_per_floor":["M","$","?","?","M","R","E","M","T","R","M","?","E","M","R","B",null,"M","M"],"character_chosen":"DEFECT","items_purchased":[],"campfire_rested":2,"item_purchase_floors":[],"current_hp_per_floor":[66,66,55,55,54,54,11,11,11,31,24,24,16,16,36,6,53,15,0],"gold":374,"neow_bonus":"RANDOM_COLORLESS_2","is_prod":false,"is_daily":false,"chose_seed":false,"campfire_upgraded":1,"win_rate":0,"timestamp":1551638281,"path_taken":["M","$","?","?","M","R","E","M","T","R","?","?","E","M","R","BOSS","M","M"],"build_version":"2019-01-23","purchased_purges":1,"victory":false,"max_hp_per_floor":[68,68,68,68,68,68,68,68,68,68,68,68,68,68,68,68,68,68,68],"card_choices":[{"not_picked":["Force Field","Streamline"],"picked":"Chaos","floor":1},{"not_picked":["Lockon","Force Field"],"picked":"Gash","floor":5},{"not_picked":["Aggregate","Force Field"],"picked":"Conserve Battery","floor":7},{"not_picked":["Stack","Chill"],"picked":"Hologram","floor":8},{"not_picked":["Auto Shields","Storm"],"picked":"Conserve Battery","floor":11},{"not_picked":["Buffer","Glacier"],"picked":"Sunder","floor":13},{"not_picked":["Lockon","Barrage"],"picked":"Gash","floor":14},{"not_picked":["Multi-Cast","Hyperbeam"],"picked":"Meteor Strike","floor":16},{"not_picked":["Coolheaded","Self Repair"],"picked":"Gash","floor":18}],"player_experience":384472,"relics_obtained":[{"floor":7,"key":"PreservedInsect"},{"floor":9,"key":"Lantern"},{"floor":13,"key":"Tiny Chest"}],"event_choices":[{"damage_healed":0,"gold_gain":75,"player_choice":"Gather Gold","damage_taken":11,"max_hp_gain":0,"max_hp_loss":0,"event_name":"World of Goop","floor":3,"gold_loss":0},{"cards_removed":["Strike_B"],"damage_healed":0,"gold_gain":0,"player_choice":"Card Removal","damage_taken":0,"max_hp_gain":0,"max_hp_loss":0,"event_name":"The Cleric","floor":4,"gold_loss":50},{"damage_healed":0,"gold_gain":0,"player_choice":"Gave Potion","damage_taken":0,"relics_obtained":["DataDisk"],"max_hp_gain":0,"max_hp_loss":0,"event_name":"WeMeetAgain","floor":12,"gold_loss":0}],"is_beta":false,"boss_relics":[{"not_picked":["FrozenCore","Inserter"],"picked":"Sozu"}],"items_purged_floors":[2],"is_endless":false,"potions_floor_spawned":[7,8,16],"killed_by":"Chosen","ascension_level":6}