{"gold_per_floor":[18,36,49,49,59,59,71,102,129,158,158,177,177,202,202,301,301,314,314,314],"floor_reached":20,"playtime":1400,"items_purged":[],"score":204,"play_id":"8a131d58-7891-49ee-8fae-ff3c2e97658d","local_time":"20180919224800","is_ascension_mode":true,"campfire_choices":[{"data":"Go for the Eyes","floor":6,"key":"SMITH"},{"data":"Beam Cell","floor":11,"key":"SMITH"},{"data":"Fusion","floor":15,"key":"SMITH"}],"neow_cost":"NO_GOLD","seed_source_timestamp":563984222606839,"circlet_count":0,"master_deck":["Strike_B","Strike_B","Strike_B","Defend_B","Defend_B","Defend_B","Defend_B","Zap","Dualcast","Core Surge","Self Repair","Coolheaded","FTL","Skim","Go for the Eyes+1","Cold Snap","Darkness","Beam Cell+1","Rebound","Fusion+1","Core Surge","Conserve Battery"],"relics":["Cracked Core","Bottled Tornado","Smiling Mask","Juzu Bracelet","Potion Belt","Eternal Feather","Enchiridion"],"potions_floor_usage":[8,16],"damage_taken":[{"damage":7,"enemies":"Jaw Worm","floor":1,"turns":5},{"damage":5,"enemies":"Small Slimes","floor":2,"turns":3},{"damage":0,"enemies":"2 Louse","floor":3,"turns":2},{"damage":4,"enemies":"2 Fungi Beasts","floor":5,"turns":3},{"damage":10,"enemies":"Looter","floor":7,"turns":3},{"damage":18,"enemies":"3 Sentries","floor":8,"turns":6},{"damage":10,"enemies":"Lagavulin","floor":10,"turns":7},{"damage":9,"enemies":"Large Slime","floor":12,"turns":4},{"damage":16,"enemies":"3 Sentries","floor":14,"turns":7},{"damage":35,"enemies":"The Guardian","floor":16,"turns":10},{"damage":36,"enemies":"2 Thieves","floor":18,"turns":4},{"damage":42,"enemies":"Masked Bandits","floor":20,"turns":3}],"seed_played":"-707798850964875647","potions_obtained":[{"floor":3,"key":"FearPotion"},{"floor":7,"key":"Explosive Potion"},{"floor":12,"key":"Fire Potion"},{"floor":14,"key":"Ancient Potion"}],"is_trial":false,"path_per_floor":["M","M","M","?","M","R","M","E","T","E","R","M","?","E","R","B",null,"M","?"],"character_chosen":"DEFECT","items_purchased":[],"campfire_rested":0,"item_purchase_floors":[],"current_hp_per_floor":[68,70,75,75,75,75,72,61,61,58,58,56,61,52,52,24,80,51,35,0],"gold":314,"neow_bonus":"THREE_RARE_CARDS","is_prod":false,"is_daily":false,"chose_seed":false,"campfire_upgraded":3,"win_rate":0,"timestamp":1537422480,"path_taken":["M","M","M","?","M","R","M","E","T","E","R","M","?","E","R","BOSS","M","?","?"],"build_version":"2018-09-06","purchased_purges":0,"victory":false,"max_hp_per_floor":[75,75,75,75,75,75,75,75,75,75,75,75,80,80,80,80,80,80,80,80],"card_choices":[{"not_picked":["Fission","Buffer"],"picked":"Core Surge","floor":0},{"not_picked":["Leap","Streamline"],"picked":"Self Repair","floor":1},{"not_picked":["Blizzard","Turbo"],"picked":"Coolheaded","floor":2},{"not_picked":["Recycle","Compile Driver"],"picked":"FTL","floor":3},{"not_picked":["Beam Cell","Steam Power"],"picked":"Go for the Eyes","floor":5},{"not_picked":["Capacitor","Barrage"],"picked":"Cold Snap","floor":7},{"not_picked":["Tempest","Hologram"],"picked":"Darkness","floor":8},{"not_picked":["Glacier","Consume"],"picked":"Beam Cell","floor":10},{"not_picked":["Hologram","Sweeping Beam"],"picked":"Rebound","floor":12},{"not_picked":["Lockon","Machine Learning"],"picked":"Fusion","floor":14},{"not_picked":["Hyperbeam","Biased Cognition"],"picked":"Core Surge","floor":16},{"not_picked":["Rebound","Consume"],"picked":"Conserve Battery","floor":18}],"player_experience":124102,"relics_obtained":[{"floor":8,"key":"Bottled Tornado"},{"floor":9,"key":"Smiling Mask"},{"floor":10,"key":"Juzu Bracelet"},{"floor":14,"key":"Potion Belt"},{"floor":19,"key":"Enchiridion"}],"event_choices":[{"event_name":"Living Wall","player_choice":"Change","floor":4,"damage_taken":0},{"event_name":"Big Fish","player_choice":"Donut","floor":13,"damage_taken":0},{"event_name":"Cursed Tome","player_choice":"Obtained Book","floor":19,"damage_taken":0},{"event_name":"Masked Bandits","player_choice":"Fought Bandits","floor":20,"damage_taken":0}],"is_beta":false,"boss_relics":[{"not_picked":["Coffee Dripper","Philosopher\u0027s Stone"],"picked":"Eternal Feather"}],"items_purged_floors":[],"is_endless":false,"potions_floor_spawned":[3,7,12,14],"killed_by":"Masked Bandits","ascension_level":1}