{"gold_per_floor":[109,109,384,403,70,70,81,111,191,191,226,376,391,391,391,465,465,417,431,431,158,158,33,67,67,67,67,82,107,126,137,137,214,214,224,239,89,137,137,172,172,201,224,252,77,77,89,104,104,104],"floor_reached":51,"playtime":5099,"items_purged":["Regret","Doubt","Writhe","Injury","Strike_R"],"score":1632,"play_id":"f8f80593-4800-4e54-be92-add2987df4f1","local_time":"20190322114732","is_ascension_mode":true,"campfire_choices":[{"data":"Armaments","floor":6.0,"key":"SMITH"},{"data":"Feel No Pain","floor":10.0,"key":"SMITH"},{"data":"Entrench","floor":15.0,"key":"SMITH"},{"data":"Body Slam","floor":27.0,"key":"SMITH"},{"floor":32,"key":"REST"},{"data":"Evolve","floor":46,"key":"SMITH"},{"floor":49,"key":"REST"}],"neow_cost":"CURSE","seed_source_timestamp":86441428198886,"circlet_count":0,"master_deck":["AscendersBane","Strike_R+1","Strike_R","Defend_R","Defend_R+1","Defend_R","Defend_R","Bash","Second Wind","Rampage","Shrug It Off","Armaments+1","Body Slam+1","Entrench+1","Power Through","Feel No Pain+1","Flame Barrier","Shrug It Off+1","Ghostly Armor+1","Exhume+1","Shrug It Off+1","Evolve+1","Uppercut","Armaments+1","Ghostly Armor+1","Impervious+1","Madness+1","Madness+1","Entrench+1"],"special_seed":0,"relics":["Burning Blood","Calipers","Tiny Chest","Toxic Egg 2","Pear","Mark of Pain","Dodecahedron","Bronze Scales","Kunai","Bag of Preparation","Darkstone Periapt","Black Star","Oddly Smooth Stone","Pantograph","FossilizedHelix","Centennial Puzzle","Blood Vial","Bag of Marbles","Omamori","Singing Bowl","Ornamental Fan"],"potions_floor_usage":[29,29,31,40],"damage_taken":[{"damage":5.0,"enemies":"2 Louse","floor":1.0,"turns":3.0},{"damage":10.0,"enemies":"Jaw Worm","floor":4.0,"turns":4.0},{"damage":1.0,"enemies":"Cultist","floor":7.0,"turns":6.0},{"damage":14.0,"enemies":"3 Sentries","floor":11.0,"turns":23.0},{"damage":12.0,"enemies":"3 Louse","floor":13.0,"turns":4.0},{"damage":13.0,"enemies":"The Guardian","floor":16.0,"turns":16.0},{"damage":18.0,"enemies":"2 Thieves","floor":18.0,"turns":5.0},{"damage":13.0,"enemies":"3 Byrds","floor":19.0,"turns":12.0},{"damage":14.0,"enemies":"Gremlin Leader","floor":24.0,"turns":10.0},{"damage":12.0,"enemies":"Snecko","floor":28.0,"turns":6.0},{"damage":34,"enemies":"Slavers","floor":29,"turns":9},{"damage":7,"enemies":"Snake Plant","floor":30,"turns":5},{"damage":12,"enemies":"Centurion and Healer","floor":31,"turns":10},{"damage":32,"enemies":"Champ","floor":33,"turns":19},{"damage":1,"enemies":"3 Darklings","floor":35,"turns":8},{"damage":19,"enemies":"Orb Walker","floor":36,"turns":6},{"damage":51,"enemies":"Reptomancer","floor":40,"turns":10},{"damage":0,"enemies":"Nemesis","floor":42,"turns":13},{"damage":0,"enemies":"Giant Head","floor":44,"turns":11},{"damage":0,"enemies":"Jaw Worm Horde","floor":47,"turns":7},{"damage":0,"enemies":"Writhing Mass","floor":48,"turns":5},{"damage":0,"enemies":"Awakened One","floor":50,"turns":8}],"seed_played":"-5473052561152229473","potions_obtained":[{"floor":4.0,"key":"SteroidPotion"},{"floor":11.0,"key":"SteroidPotion"},{"floor":16.0,"key":"Regen Potion"},{"floor":18.0,"key":"Energy Potion"},{"floor":28.0,"key":"Poison Potion"},{"floor":29,"key":"Weak Potion"},{"floor":36,"key":"BloodPotion"},{"floor":42,"key":"Block Potion"},{"floor":47,"key":"Block Potion"}],"is_trial":false,"path_per_floor":["M","?","?","M","$","R","M","?","T","R","E","?","M","T","R","B",null,"M","M","?","$","?","$","E","$","T","R","M","E","M","M","R","B",null,"M","M","$","T","?","E","T","E","T","E","$","R","M","M","R","B",null],"character_chosen":"IRONCLAD","items_purchased":["Body Slam","Entrench","Power Through","Feel No Pain","Bronze Scales"],"campfire_rested":2,"item_purchase_floors":[5,5,5,5,21],"current_hp_per_floor":[69,46,46,42,42,42,47,47,47,47,39,39,33,43,43,36,73,61,54,54,54,54,54,46,46,46,46,40,27,26,20,45,19,69,74,61,61,61,46,9,9,15,15,23,23,23,33,43,69,89],"gold":104,"neow_bonus":"TRANSFORM_TWO_CARDS","is_prod":false,"is_daily":false,"chose_seed":false,"campfire_upgraded":5,"win_rate":0,"timestamp":1553222852,"path_taken":["M","?","?","?","$","R","M","?","T","R","E","?","M","?","R","BOSS","M","?","?","$","?","$","E","?","T","R","M","E","M","M","R","BOSS","M","M","$","?","?","E","?","E","T","E","$","R","M","M","R","BOSS"],"build_version":"2019-01-23","purchased_purges":5,"victory":true,"max_hp_per_floor":[75,75,75,75,75,75,75,75,75,75,75,75,75,85,85,85,85,85,85,85,85,85,85,85,85,85,85,85,85,85,85,85,85,85,85,85,85,85,85,85,85,85,85,85,85,85,87,89,89,89],"card_choices":[{"not_picked":["Searing Blow","Thunderclap"],"picked":"Shrug It Off","floor":1.0},{"not_picked":["Twin Strike","Anger"],"picked":"Armaments","floor":4.0},{"not_picked":["Uppercut","Twin Strike"],"picked":"Flame Barrier","floor":7.0},{"not_picked":["Flex","Shockwave"],"picked":"Shrug It Off","floor":11.0},{"not_picked":["Sever Soul","Brutality"],"picked":"Ghostly Armor+1","floor":13.0},{"not_picked":["Offering+1","Immolate"],"picked":"Exhume+1","floor":16.0},{"not_picked":["Rage+1","Thunderclap","Heavy Blade"],"picked":"SKIP","floor":18.0},{"not_picked":["Hemokinesis","Anger"],"picked":"Shrug It Off+1","floor":19.0},{"not_picked":["Disarm+1","Body Slam"],"picked":"Evolve","floor":24.0},{"not_picked":["Iron Wave","Cleave+1"],"picked":"Uppercut","floor":28.0},{"not_picked":["Bloodletting+1","Sever Soul","Spot Weakness+1"],"picked":"SKIP","floor":29},{"not_picked":["Clothesline","Flex+1"],"picked":"Armaments+1","floor":30},{"not_picked":["Clash","Battle Trance+1"],"picked":"Ghostly Armor+1","floor":31},{"not_picked":["Juggernaut","Dark Embrace"],"picked":"Impervious+1","floor":33},{"not_picked":["Flex+1","Ghostly Armor+1","Twin Strike+1"],"picked":"SKIP","floor":35},{"not_picked":["Whirlwind","Anger","Intimidate+1"],"picked":"SKIP","floor":36},{"not_picked":["Havoc+1","Anger","Hemokinesis+1"],"picked":"SKIP","floor":40},{"not_picked":["Cleave","Burning Pact+1","Shrug It Off+1"],"picked":"SKIP","floor":42},{"not_picked":["Havoc+1","Shrug It Off+1"],"picked":"Entrench+1","floor":44},{"not_picked":["Combust","Ghostly Armor+1","Fiend Fire"],"picked":"Singing Bowl","floor":47},{"not_picked":["Iron Wave+1","Dropkick+1","Searing Blow"],"picked":"Singing Bowl","floor":48}],"player_experience":501124,"relics_obtained":[{"floor":9.0,"key":"Tiny Chest"},{"floor":11.0,"key":"Toxic Egg 2"},{"floor":14.0,"key":"Pear"},{"floor":24.0,"key":"Kunai"},{"floor":26.0,"key":"Bag of Preparation"},{"floor":29,"key":"Darkstone Periapt"},{"floor":38,"key":"Oddly Smooth Stone"},{"floor":40,"key":"Pantograph"},{"floor":40,"key":"FossilizedHelix"},{"floor":41,"key":"Centennial Puzzle"},{"floor":42,"key":"Blood Vial"},{"floor":42,"key":"Bag of Marbles"},{"floor":43,"key":"Omamori"},{"floor":44,"key":"Singing Bowl"},{"floor":44,"key":"Ornamental Fan"}],"event_choices":[{"damage_healed":0.0,"max_hp_gain":0.0,"max_hp_loss":0.0,"gold_gain":0.0,"event_name":"Shining Light","player_choice":"Entered Light","floor":2.0,"gold_loss":0.0,"damage_taken":23.0,"cards_upgraded":["Defend_R","Strike_R"]},{"damage_healed":0.0,"max_hp_gain":0.0,"max_hp_loss":0.0,"gold_gain":275.0,"event_name":"Golden Shrine","player_choice":"Desecrate","floor":3.0,"gold_loss":0.0,"damage_taken":0.0,"cards_obtained":["Regret"]},{"damage_healed":0.0,"max_hp_gain":0.0,"max_hp_loss":0.0,"gold_gain":30.0,"event_name":"Dead Adventurer","player_choice":"Searched \u00273\u0027 times","floor":8.0,"gold_loss":0.0,"damage_taken":0.0,"relics_obtained":["Calipers"]},{"damage_healed":0.0,"max_hp_gain":0.0,"max_hp_loss":0.0,"gold_gain":150.0,"event_name":"Liars Game","player_choice":"AGREE","floor":12.0,"gold_loss":0.0,"damage_taken":0.0,"cards_obtained":["Doubt"]},{"damage_healed":0.0,"max_hp_gain":0.0,"max_hp_loss":0.0,"gold_gain":0.0,"event_name":"The Mausoleum","player_choice":"Opened","floor":20.0,"gold_loss":0.0,"damage_taken":0.0,"relics_obtained":["Dodecahedron"],"cards_obtained":["Writhe"]},{"damage_healed":0.0,"max_hp_gain":0.0,"max_hp_loss":0.0,"gold_gain":0.0,"event_name":"Ghosts","player_choice":"Ignored","floor":22.0,"gold_loss":0.0,"damage_taken":0.0},{"damage_healed":0,"gold_gain":0,"player_choice":"Embrace Madness","damage_taken":15,"max_hp_gain":0,"max_hp_loss":0,"event_name":"Winding Halls","floor":39,"gold_loss":0,"cards_obtained":["Madness","Madness"]}],"is_beta":false,"boss_relics":[{"not_picked":["Calling Bell","Sozu"],"picked":"Mark of Pain"},{"not_picked":["Black Blood","Runic Dome"],"picked":"Black Star"}],"items_purged_floors":[5,21,23,37,45],"is_endless":false,"potions_floor_spawned":[4,11,16,18,24,28,29,36,42,47,48],"ascension_level":18}