{"gold_per_floor":[17,17,17,37,37,37,53,83,83,95,20,20,51,67,67,162,162,176,189,224,139,89,89,107,107,107,107,118,118,153,164,164,260,260,273,273,273],"floor_reached":37,"playtime":1645,"items_purged":["Strike_B","Strike_B"],"score":541,"play_id":"2a2f671c-bfe6-40b0-a0cd-9daf1311a132","local_time":"20190303140958","is_ascension_mode":true,"campfire_choices":[{"data":"Rip and Tear","floor":6.0,"key":"SMITH"},{"floor":12.0,"key":"REST"},{"floor":15.0,"key":"REST"},{"data":"Chaos","floor":23.0,"key":"SMITH"},{"floor":25.0,"key":"REST"},{"data":"Hologram","floor":27.0,"key":"SMITH"},{"data":"Buffer","floor":29.0,"key":"SMITH"},{"floor":32.0,"key":"REST"}],"neow_cost":"NO_GOLD","seed_source_timestamp":1331035930927,"circlet_count":0,"master_deck":["Strike_B","Defend_B","Defend_B","Defend_B+1","Defend_B","Zap+1","Dualcast","Flash of Steel","Panacea","Gash","Rip and Tear+1","Double Energy","Streamline","Electrodynamics","Gash","Buffer+1","Gash","Core Surge","Chaos+1","Rebound","Hologram+1","Gash+1","Gash","Conserve Battery+1","Storm+1","Electrodynamics"],"special_seed":0,"relics":["Cracked Core","Mummified Hand","Bottled Lightning","Smiling Mask","Eternal Feather","Red Mask","DataDisk","Question Card","Happy Flower","Sozu"],"potions_floor_usage":[],"damage_taken":[{"damage":0.0,"enemies":"2 Louse","floor":1.0,"turns":2.0},{"damage":3.0,"enemies":"Small Slimes","floor":4.0,"turns":3.0},{"damage":2.0,"enemies":"Jaw Worm","floor":7.0,"turns":2.0},{"damage":24.0,"enemies":"3 Sentries","floor":8.0,"turns":6.0},{"damage":3.0,"enemies":"Blue Slaver","floor":10.0,"turns":2.0},{"damage":8.0,"enemies":"Gremlin Nob","floor":13.0,"turns":3.0},{"damage":1.0,"enemies":"Exordium Wildlife","floor":14.0,"turns":2.0},{"damage":34.0,"enemies":"Hexaghost","floor":16.0,"turns":9.0},{"damage":39.0,"enemies":"2 Thieves","floor":18.0,"turns":4.0},{"damage":2.0,"enemies":"Chosen","floor":19.0,"turns":3.0},{"damage":7.0,"enemies":"Masked Bandits","floor":20.0,"turns":2.0},{"damage":21.0,"enemies":"Snake Plant","floor":24.0,"turns":4.0},{"damage":8.0,"enemies":"Cultist and Chosen","floor":28.0,"turns":5.0},{"damage":30.0,"enemies":"Slavers","floor":30.0,"turns":4.0},{"damage":0.0,"enemies":"Shelled Parasite and Fungi","floor":31.0,"turns":4.0},{"damage":59.0,"enemies":"Automaton","floor":33.0,"turns":7.0},{"damage":44.0,"enemies":"3 Darklings","floor":35.0,"turns":4.0},{"damage":16,"enemies":"3 Shapes","floor":37,"turns":1}],"seed_played":"-7317691252744633536","potions_obtained":[{"floor":1.0,"key":"Weak Potion"},{"floor":10.0,"key":"Strength Potion"},{"floor":13.0,"key":"FocusPotion"},{"floor":16.0,"key":"SpeedPotion"},{"floor":20.0,"key":"Strength Potion"},{"floor":24.0,"key":"Weak Potion"},{"floor":30.0,"key":"Strength Potion"},{"floor":33.0,"key":"SpeedPotion"}],"is_trial":false,"path_per_floor":["M","?","?","M","?","R","M","E","T","M","$","R","E","M","R","B",null,"M","M","?","?","$","R","M","R","T","R","M","R","E","M","R","B",null,"M","?","M"],"character_chosen":"DEFECT","items_purchased":[],"campfire_rested":4,"item_purchase_floors":[],"current_hp_per_floor":[68,68,53,50,50,50,48,24,24,21,21,43,35,34,56,22,62,23,21,14,14,14,26,5,39,39,51,43,55,25,25,62,3,57,13,13,0],"gold":273,"neow_bonus":"RANDOM_COLORLESS_2","is_prod":false,"is_daily":false,"chose_seed":false,"campfire_upgraded":4,"win_rate":0,"timestamp":1551650998,"path_taken":["M","?","?","M","?","R","M","E","T","M","$","R","E","?","R","BOSS","M","M","?","?","?","R","?","R","T","R","M","R","E","M","R","BOSS","M","?","M"],"build_version":"2019-01-23","purchased_purges":2,"victory":false,"max_hp_per_floor":[75,75,75,75,75,75,75,75,75,75,75,75,75,75,75,75,75,75,75,75,75,75,75,75,75,75,75,75,75,75,75,75,75,75,75,75,75],"card_choices":[{"not_picked":["Double Energy","Aggregate"],"picked":"Gash","floor":1.0},{"not_picked":["Barrage","Compile Driver"],"picked":"Rip and Tear","floor":4.0},{"not_picked":["Cold Snap","Aggregate"],"picked":"Streamline","floor":7.0},{"not_picked":["Rebound","Cold Snap"],"picked":"Electrodynamics","floor":8.0},{"not_picked":["Consume","Steam"],"picked":"Gash","floor":10.0},{"not_picked":["Undo","Aggregate"],"picked":"Buffer","floor":13.0},{"not_picked":["Sweeping Beam","Hologram"],"picked":"Gash","floor":14.0},{"not_picked":["Reboot","Meteor Strike"],"picked":"Core Surge","floor":16.0},{"not_picked":["Steam","Turbo"],"picked":"Chaos","floor":18.0},{"not_picked":["Capacitor","Ball Lightning"],"picked":"Rebound","floor":19.0},{"not_picked":["Compile Driver","Leap"],"picked":"Hologram","floor":20.0},{"not_picked":["Glacier+1","Darkness"],"picked":"Gash+1","floor":24.0},{"not_picked":["BootSequence+1","Lockon+1","Steam"],"picked":"Gash","floor":28.0},{"not_picked":["Sweeping Beam","Heatsinks+1","Hyperbeam"],"picked":"Conserve Battery+1","floor":30.0},{"not_picked":["Beam Cell","Hologram","Coolheaded+1"],"picked":"Storm+1","floor":31.0},{"not_picked":["Biased Cognition","Seek","Rainbow"],"picked":"Electrodynamics","floor":33.0},{"not_picked":["Redo","Recycle","Barrage","Aggregate+1"],"picked":"SKIP","floor":35.0}],"player_experience":389524,"relics_obtained":[{"floor":8.0,"key":"Mummified Hand"},{"floor":9.0,"key":"Bottled Lightning"},{"floor":13.0,"key":"Smiling Mask"},{"floor":20.0,"key":"Red Mask"},{"floor":26.0,"key":"Question Card"},{"floor":30.0,"key":"Happy Flower"}],"event_choices":[{"damage_healed":0.0,"max_hp_gain":0.0,"max_hp_loss":0.0,"gold_gain":0.0,"event_name":"The Cleric","player_choice":"Leave","floor":2.0,"gold_loss":0.0,"damage_taken":0.0},{"damage_healed":0.0,"max_hp_gain":0.0,"max_hp_loss":0.0,"gold_gain":0.0,"event_name":"Shining Light","player_choice":"Entered Light","floor":3.0,"gold_loss":0.0,"damage_taken":15.0,"cards_upgraded":["Defend_B","Zap"]},{"damage_healed":0.0,"max_hp_gain":0.0,"max_hp_loss":0.0,"gold_gain":0.0,"cards_transformed":["Strike_B"],"event_name":"Living Wall","player_choice":"Change","floor":5.0,"gold_loss":0.0,"damage_taken":0.0,"cards_obtained":["Double Energy"]},{"damage_healed":0.0,"max_hp_gain":0.0,"max_hp_loss":0.0,"gold_gain":0.0,"event_name":"Masked Bandits","player_choice":"Fought Bandits","floor":20.0,"gold_loss":0.0,"damage_taken":0.0},{"damage_healed":0.0,"max_hp_gain":0.0,"max_hp_loss":0.0,"gold_gain":0.0,"event_name":"Addict","player_choice":"Obtained Relic","floor":21.0,"gold_loss":85.0,"damage_taken":0.0,"relics_obtained":["DataDisk"]},{"damage_healed":0.0,"max_hp_gain":0.0,"max_hp_loss":0.0,"gold_gain":0.0,"event_name":"Mysterious Sphere","player_choice":"Ignored","floor":36.0,"gold_loss":0.0,"damage_taken":0.0}],"is_beta":false,"boss_relics":[{"not_picked":["Philosopher\u0027s Stone","FrozenCore"],"picked":"Eternal Feather"},{"not_picked":["Lizard Tail","Tiny House"],"picked":"Sozu"}],"items_purged_floors":[11,22],"is_endless":false,"potions_floor_spawned":[1,10,13,16,20,24,30,33],"killed_by":"3 Shapes","ascension_level":6}