{"gold_per_floor":[117,137,23,23,37,69,69,95,121,140,140,160,160,179,179,277,277,292,292],"floor_reached":19,"playtime":1612,"items_purged":["Strike_G"],"score":224,"play_id":"55741924-0557-459d-856d-400f958609bb","local_time":"20190210130323","is_ascension_mode":true,"campfire_choices":[{"floor":7,"key":"REST"},{"data":"Neutralize","floor":11,"key":"SMITH"},{"data":"Footwork","floor":13,"key":"SMITH"},{"floor":15,"key":"REST"}],"neow_cost":"PERCENT_DAMAGE","seed_source_timestamp":695497161823278,"circlet_count":0,"master_deck":["Defend_G","Defend_G","Strike_G","Strike_G","Survivor","Neutralize+1","Terror","Endless Agony","Footwork+1","Backstab","All Out Attack","Well Laid Plans","Deflect","Blade Dance","Heel Hook","After Image","Poisoned Stab"],"relics":["Ring of the Snake","Strawberry","Centennial Puzzle","Omamori","Empty Cage"],"potions_floor_usage":[16,16,19],"damage_taken":[{"damage":1,"enemies":"Small Slimes","floor":1,"turns":4},{"damage":2,"enemies":"Jaw Worm","floor":2,"turns":4},{"damage":1,"enemies":"2 Louse","floor":5,"turns":3},{"damage":20,"enemies":"3 Sentries","floor":6,"turns":17},{"damage":11,"enemies":"Gremlin Nob","floor":8,"turns":3},{"damage":6,"enemies":"Large Slime","floor":10,"turns":6},{"damage":2,"enemies":"Blue Slaver","floor":12,"turns":4},{"damage":3,"enemies":"Red Slaver","floor":14,"turns":2},{"damage":22,"enemies":"Slime Boss","floor":16,"turns":9},{"damage":5,"enemies":"Chosen","floor":18,"turns":4},{"damage":19,"enemies":"Colosseum Slavers","floor":19,"turns":3},{"damage":42,"enemies":"Colosseum Nobs","floor":19,"turns":4}],"seed_played":"655993904077136985","potions_obtained":[{"floor":1,"key":"Energy Potion"},{"floor":5,"key":"Poison Potion"},{"floor":6,"key":"LiquidBronze"}],"is_trial":false,"path_per_floor":["M","M","$","?","M","E","R","E","T","M","R","M","R","M","R","B",null,"M","?"],"character_chosen":"THE_SILENT","items_purchased":["Footwork"],"campfire_rested":2,"item_purchase_floors":[3],"current_hp_per_floor":[48,46,46,39,38,25,48,37,37,31,31,29,29,26,49,27,65,60,0],"gold":292,"neow_bonus":"REMOVE_TWO","is_prod":false,"is_daily":false,"chose_seed":false,"campfire_upgraded":2,"win_rate":0,"timestamp":1549832603,"path_taken":["M","M","$","?","M","E","R","E","T","M","R","M","R","M","R","BOSS","M","?"],"build_version":"2019-01-23","purchased_purges":1,"victory":false,"max_hp_per_floor":[70,70,70,70,70,77,77,77,77,77,77,77,77,77,77,77,77,77,77],"card_choices":[{"not_picked":["Eviscerate","Dodge and Roll"],"picked":"Terror","floor":1},{"not_picked":["Flechettes","Finisher"],"picked":"Endless Agony","floor":2},{"not_picked":["Outmaneuver","Backflip"],"picked":"Backstab","floor":5},{"not_picked":["Heel Hook","Finisher"],"picked":"All Out Attack","floor":6},{"not_picked":["Dagger Throw","Bane"],"picked":"Well Laid Plans","floor":8},{"not_picked":["Bane","Acrobatics"],"picked":"Deflect","floor":10},{"not_picked":["Underhanded Strike","Eviscerate"],"picked":"Blade Dance","floor":12},{"not_picked":["Terror","PiercingWail"],"picked":"Heel Hook","floor":14},{"not_picked":["Glass Knife","Adrenaline"],"picked":"After Image","floor":16},{"not_picked":["Reflex","Concentrate"],"picked":"Poisoned Stab","floor":18}],"player_experience":232401,"relics_obtained":[{"floor":6,"key":"Strawberry"},{"floor":8,"key":"Centennial Puzzle"},{"floor":9,"key":"Omamori"}],"event_choices":[{"cards_removed":["Strike_G"],"damage_healed":0,"gold_gain":0,"player_choice":"Card Removal","damage_taken":7,"max_hp_gain":0,"max_hp_loss":0,"event_name":"Golden Wing","floor":4,"gold_loss":0},{"damage_healed":0,"gold_gain":0,"player_choice":"Fight","damage_taken":0,"max_hp_gain":0,"max_hp_loss":0,"event_name":"Colosseum","floor":19,"gold_loss":0},{"damage_healed":0,"gold_gain":0,"player_choice":"Fought Nobs","damage_taken":0,"max_hp_gain":0,"max_hp_loss":0,"event_name":"Colosseum","floor":19,"gold_loss":0}],"is_beta":false,"boss_relics":[{"not_picked":["Coffee Dripper","Ring of the Serpent"],"picked":"Empty Cage"}],"items_purged_floors":[3],"is_endless":false,"potions_floor_spawned":[1,5,6,8,19],"killed_by":"Colosseum Nobs","ascension_level":5}