{"gold_per_floor":[118,118,193,83,95,95,108,121,145,163,197,207,207,107,107,202,202,213,233,213,230,247,247,263,292,365,365,365,391,391,391,391,486,486,497,516,201,201,279,279,311,311,311,311,322,322],"floor_reached":46,"playtime":5528,"items_purged":["Regret","Strike_B","Strike_B"],"score":659,"play_id":"b7d97e7c-07f4-41ff-9428-5eee83373300","local_time":"20190225225145","is_ascension_mode":true,"campfire_choices":[{"data":"Zap","floor":6,"key":"SMITH"},{"data":"Chaos","floor":13,"key":"SMITH"},{"floor":15,"key":"REST"},{"data":"Defragment","floor":23,"key":"SMITH"},{"floor":28,"key":"REST"},{"data":"Electrodynamics","floor":30,"key":"SMITH"},{"floor":32,"key":"REST"},{"data":"Rainbow","floor":40,"key":"SMITH"},{"data":"Apotheosis","floor":42,"key":"SMITH"}],"neow_cost":"NONE","seed_source_timestamp":876096738240737,"circlet_count":0,"master_deck":["Strike_B","Strike_B","Defend_B+1","Defend_B","Defend_B","Defend_B","Zap+1","Dualcast+1","BootSequence","Defragment+1","Coolheaded","Chaos+1","Undo","Melter","Electrodynamics+1","Rainbow+1","Rebound+1","Reinforced Body+1","Thunder Strike","Conserve Battery+1","Apotheosis+1","Capacitor+1","Jack Of All Trades","Self Repair+1"],"relics":["Cracked Core","Orichalcum","Bag of Preparation","War Paint","Singing Bowl","Busted Crown","Letter Opener","Mummified Hand","Cables","Thread and Needle","Black Star","Mercury Hourglass","The Courier","Ancient Tea Set","Bottled Flame"],"potions_floor_usage":[11,16,22,25,29,45],"damage_taken":[{"damage":0,"enemies":"Small Slimes","floor":1,"turns":2},{"damage":0,"enemies":"2 Louse","floor":5,"turns":2},{"damage":2,"enemies":"Jaw Worm","floor":7,"turns":2},{"damage":4,"enemies":"Exordium Thugs","floor":8,"turns":4},{"damage":2,"enemies":"Exordium Wildlife","floor":10,"turns":3},{"damage":12,"enemies":"Lagavulin","floor":11,"turns":7},{"damage":0,"enemies":"Gremlin Gang","floor":12,"turns":3},{"damage":14,"enemies":"Slime Boss","floor":16,"turns":9},{"damage":2,"enemies":"Shell Parasite","floor":18,"turns":4},{"damage":0,"enemies":"Chosen","floor":19,"turns":4},{"damage":0,"enemies":"Sentry and Sphere","floor":21,"turns":3},{"damage":11,"enemies":"Centurion and Healer","floor":22,"turns":5},{"damage":10,"enemies":"Shelled Parasite and Fungi","floor":24,"turns":3},{"damage":9,"enemies":"Book of Stabbing","floor":25,"turns":4},{"damage":2,"enemies":"Slavers","floor":29,"turns":4},{"damage":56,"enemies":"Champ","floor":33,"turns":11},{"damage":0,"enemies":"3 Shapes","floor":35,"turns":4},{"damage":3,"enemies":"3 Darklings","floor":36,"turns":3},{"damage":7,"enemies":"Nemesis","floor":41,"turns":7},{"damage":0,"enemies":"Spire Growth","floor":45,"turns":4},{"damage":68,"enemies":"Giant Head","floor":46,"turns":10}],"seed_played":"-3442597394794394589","potions_obtained":[{"floor":1,"key":"Energy Potion"},{"floor":7,"key":"Poison Potion"},{"floor":10,"key":"PowerPotion"},{"floor":19,"key":"Block Potion"},{"floor":20,"key":"PowerPotion"},{"floor":21,"key":"Ancient Potion"},{"floor":25,"key":"Energy Potion"},{"floor":29,"key":"LiquidBronze"},{"floor":45,"key":"SneckoOil"}],"is_trial":false,"path_per_floor":["M","?","?","$","M","R","M","M","T","M","E","M","R","$","R","B",null,"M","M","?","M","M","R","M","E","T","?","R","E","R","?","R","B",null,"M","M","$","?","T","R","E","R","T","?","M","E"],"character_chosen":"DEFECT","items_purchased":["Defragment","Apotheosis"],"campfire_rested":3,"item_purchase_floors":[4,37],"current_hp_per_floor":[68,68,57,57,57,57,55,51,51,49,37,39,39,39,62,48,70,70,72,72,72,63,63,55,46,46,30,57,57,57,57,84,28,76,78,75,75,75,75,75,68,68,68,68,68,0],"gold":322,"neow_bonus":"RANDOM_COMMON_RELIC","is_prod":false,"is_daily":false,"chose_seed":false,"campfire_upgraded":6,"win_rate":0,"timestamp":1551163905,"path_taken":["M","?","?","?","M","R","M","?","T","M","E","M","R","$","R","BOSS","M","M","?","?","M","R","M","E","T","?","R","E","R","?","R","BOSS","M","M","$","?","?","R","E","R","T","?","M","E"],"build_version":"2019-01-23","purchased_purges":3,"victory":false,"max_hp_per_floor":[75,75,75,75,75,75,75,75,75,75,75,77,77,77,77,77,77,79,81,81,81,83,83,85,85,85,90,90,92,92,92,92,92,92,94,94,94,94,94,94,94,94,94,94,94,94],"card_choices":[{"not_picked":["Turbo","Reprogram"],"picked":"BootSequence","floor":1},{"not_picked":["Beam Cell","Hello World"],"picked":"Coolheaded","floor":5},{"not_picked":["Compile Driver","Auto Shields"],"picked":"Chaos","floor":7},{"not_picked":["Capacitor","Heatsinks"],"picked":"Undo","floor":8},{"not_picked":["Redo","Force Field"],"picked":"Melter","floor":10},{"not_picked":["Fusion","Barrage"],"picked":"Electrodynamics","floor":11},{"not_picked":["Chill","Steam Power","Self Repair"],"picked":"Singing Bowl","floor":12},{"not_picked":["Fission","Amplify"],"picked":"Rainbow","floor":16},{"not_picked":["Streamline"],"picked":"Singing Bowl","floor":18},{"not_picked":["Storm"],"picked":"Singing Bowl","floor":19},{"not_picked":[],"picked":"Rebound+1","floor":21},{"not_picked":["Cold Snap"],"picked":"Singing Bowl","floor":22},{"not_picked":["Compile Driver"],"picked":"Singing Bowl","floor":24},{"not_picked":[],"picked":"Reinforced Body+1","floor":25},{"not_picked":["Hologram"],"picked":"Singing Bowl","floor":29},{"not_picked":[],"picked":"Thunder Strike","floor":33},{"not_picked":["Leap"],"picked":"Singing Bowl","floor":35},{"not_picked":[],"picked":"Conserve Battery+1","floor":36},{"not_picked":[],"picked":"Capacitor+1","floor":41},{"not_picked":[],"picked":"Jack Of All Trades","floor":44},{"not_picked":[],"picked":"Self Repair+1","floor":45}],"player_experience":356433,"relics_obtained":[{"floor":9,"key":"War Paint"},{"floor":11,"key":"Singing Bowl"},{"floor":25,"key":"Letter Opener"},{"floor":26,"key":"Mummified Hand"},{"floor":29,"key":"Cables"},{"floor":39,"key":"Mercury Hourglass"},{"floor":41,"key":"The Courier"},{"floor":41,"key":"Ancient Tea Set"},{"floor":43,"key":"Bottled Flame"}],"event_choices":[{"damage_healed":0,"gold_gain":0,"player_choice":"Box","damage_taken":0,"relics_obtained":["Bag of Preparation"],"max_hp_gain":0,"max_hp_loss":0,"event_name":"Big Fish","floor":2,"gold_loss":0,"cards_obtained":["Regret"]},{"damage_healed":0,"gold_gain":75,"player_choice":"Gather Gold","damage_taken":11,"max_hp_gain":0,"max_hp_loss":0,"event_name":"World of Goop","floor":3,"gold_loss":0},{"damage_healed":0,"gold_gain":0,"player_choice":"Bought 1 Potion","damage_taken":0,"max_hp_gain":0,"max_hp_loss":0,"event_name":"The Woman in Blue","floor":20,"gold_loss":0},{"damage_healed":0,"gold_gain":0,"player_choice":"Shed Blood","damage_taken":21,"max_hp_gain":5,"max_hp_loss":0,"event_name":"Forgotten Altar","floor":27,"gold_loss":0},{"damage_healed":0,"gold_gain":0,"player_choice":"Gave Potion","damage_taken":0,"relics_obtained":["Thread and Needle"],"max_hp_gain":0,"max_hp_loss":0,"event_name":"WeMeetAgain","floor":31,"gold_loss":0},{"damage_healed":0,"gold_gain":0,"player_choice":"Ignored","damage_taken":0,"max_hp_gain":0,"max_hp_loss":0,"event_name":"Tomb of Lord Red Mask","floor":38,"gold_loss":0},{"damage_healed":0,"gold_gain":0,"player_choice":"Memory 1","damage_taken":0,"max_hp_gain":0,"max_hp_loss":0,"event_name":"SensoryStone","floor":44,"gold_loss":0}],"is_beta":false,"boss_relics":[{"not_picked":["White Beast Statue","Snecko Eye"],"picked":"Busted Crown"},{"not_picked":["Philosopher\u0027s Stone","Calling Bell"],"picked":"Black Star"}],"items_purged_floors":[4,14,37],"is_endless":false,"potions_floor_spawned":[1,7,10,19,21,25,29,45],"killed_by":"Giant Head","ascension_level":6}