{"gold_per_floor":[13,28,28,104,104,104,129,139,162,197,197,24,38,56,56,158,208,227,152,152,162,178,178,210,210,236,268,281,40,57,156,156,257,257,270,51,62,72,72,72,89,89,89,120,134,134,147,161,161,161],"floor_reached":51,"playtime":3619,"items_purged":["Strike_B"],"score":1102,"play_id":"d20954a1-7a41-4eb1-a2e1-12ee39fddc35","local_time":"20190321202042","is_ascension_mode":true,"campfire_choices":[{"data":"Zap","floor":6.0,"key":"SMITH"},{"floor":11.0,"key":"REST"},{"floor":15.0,"key":"REST"},{"floor":23.0,"key":"REST"},{"floor":25.0,"key":"REST"},{"floor":32.0,"key":"REST"},{"data":"Chaos","floor":40.0,"key":"SMITH"},{"data":"Machine Learning","floor":42.0,"key":"SMITH"},{"data":"Go for the Eyes","floor":46.0,"key":"SMITH"},{"floor":49.0,"key":"REST"}],"neow_cost":"NO_GOLD","seed_source_timestamp":2984808270071,"circlet_count":0,"master_deck":["AscendersBane","Strike_B+1","Defend_B+1","Defend_B","Defend_B","Defend_B+1","Zap+1","Dualcast+1","Swift Strike+1","Finesse","Beam Cell","Go for the Eyes","Genetic Algorithm","Core Surge","Core Surge","Electrodynamics","Flash of Steel","Ball Lightning","Machine Learning+1","Chaos+1","Go for the Eyes+1","Redo+1","Go for the Eyes","Leap","Conserve Battery+1","Electrodynamics","Beam Cell+1","Rebound+1"],"special_seed":0,"relics":["Cracked Core","Singing Bowl","Thread and Needle","Art of War","Ornamental Fan","Tiny House","Whetstone","Vajra","Lantern","Kunai","Busted Crown","War Paint","Cables","Symbiotic Virus"],"potions_floor_usage":[50,50],"damage_taken":[{"damage":0.0,"enemies":"2 Louse","floor":1.0,"turns":2.0},{"damage":9.0,"enemies":"Jaw Worm","floor":2.0,"turns":3.0},{"damage":18.0,"enemies":"Lagavulin","floor":7.0,"turns":6.0},{"damage":3.0,"enemies":"Small Slimes","floor":8.0,"turns":2.0},{"damage":30.0,"enemies":"3 Sentries","floor":10.0,"turns":8.0},{"damage":0.0,"enemies":"3 Louse","floor":13.0,"turns":1.0},{"damage":2.0,"enemies":"Looter","floor":14.0,"turns":2.0},{"damage":30.0,"enemies":"The Guardian","floor":16.0,"turns":10.0},{"damage":8.0,"enemies":"3 Byrds","floor":18.0,"turns":3.0},{"damage":4.0,"enemies":"Chosen","floor":21.0,"turns":4.0},{"damage":7.0,"enemies":"Snecko","floor":22.0,"turns":5.0},{"damage":54.0,"enemies":"Book of Stabbing","floor":24.0,"turns":6.0},{"damage":35.0,"enemies":"Slavers","floor":27.0,"turns":4.0},{"damage":1.0,"enemies":"Cultist and Chosen","floor":28.0,"turns":4.0},{"damage":2.0,"enemies":"Centurion and Healer","floor":30.0,"turns":5.0},{"damage":40.0,"enemies":"Automaton","floor":33.0,"turns":12.0},{"damage":10.0,"enemies":"3 Darklings","floor":35.0,"turns":3.0},{"damage":0.0,"enemies":"3 Shapes","floor":37.0,"turns":4.0},{"damage":0.0,"enemies":"Spire Growth","floor":38.0,"turns":5.0},{"damage":15.0,"enemies":"Jaw Worm Horde","floor":41.0,"turns":3.0},{"damage":13.0,"enemies":"Reptomancer","floor":44.0,"turns":6.0},{"damage":8.0,"enemies":"Sphere and 2 Shapes","floor":45.0,"turns":3.0},{"damage":1.0,"enemies":"Maw","floor":47.0,"turns":8.0},{"damage":7.0,"enemies":"Transient","floor":48.0,"turns":5.0},{"damage":26,"enemies":"Awakened One","floor":50,"turns":14}],"seed_played":"-7163821612558249893","potions_obtained":[{"floor":2.0,"key":"SneckoOil"},{"floor":13.0,"key":"FearPotion"},{"floor":14.0,"key":"Poison Potion"},{"floor":16.0,"key":"Swift Potion"},{"floor":17.0,"key":"SkillPotion"},{"floor":18.0,"key":"Ancient Potion"},{"floor":22.0,"key":"Regen Potion"},{"floor":28.0,"key":"SkillPotion"},{"floor":33.0,"key":"Poison Potion"},{"floor":37.0,"key":"AttackPotion"},{"floor":38.0,"key":"Dexterity Potion"},{"floor":39.0,"key":"FocusPotion"},{"floor":41.0,"key":"SkillPotion"}],"is_trial":false,"path_per_floor":["M","M","?","T","?","R","E","M","T","E","R","$","M","M","R","B",null,"M","?","?","M","M","R","E","R","T","E","M","$","M","?","R","B",null,"M","$","M","M","?","R","M","R","T","E","M","R","M","M","R","B",null],"character_chosen":"DEFECT","items_purchased":["Electrodynamics","Flash of Steel","Kunai","War Paint"],"campfire_rested":6,"item_purchase_floors":[12,12,29,36],"current_hp_per_floor":[68,59,64,64,57,57,39,36,36,6,30,30,32,30,54,24,73,65,65,48,44,39,67,28,56,56,21,20,20,20,20,48,8,74,66,66,68,68,68,68,55,55,55,44,38,38,39,32,64,38],"gold":161,"neow_bonus":"RANDOM_COLORLESS_2","is_prod":false,"is_daily":false,"chose_seed":false,"campfire_upgraded":4,"win_rate":0,"timestamp":1553224842,"path_taken":["M","M","?","?","?","R","E","M","T","E","R","$","M","M","R","BOSS","M","?","?","M","M","R","E","R","T","E","M","$","M","?","R","BOSS","M","$","M","M","?","R","M","R","T","E","?","R","?","M","R","BOSS"],"build_version":"2019-01-23","purchased_purges":1,"victory":true,"max_hp_per_floor":[75,75,80,80,80,80,80,80,80,80,80,80,82,82,82,82,87,87,87,92,92,94,94,94,94,94,94,94,94,96,96,96,96,96,98,98,100,100,100,100,102,102,102,104,106,106,108,108,108,108],"card_choices":[{"not_picked":["Sweeping Beam","Streamline"],"picked":"Beam Cell","floor":1.0},{"not_picked":["White Noise","Undo"],"picked":"Go for the Eyes","floor":2.0},{"not_picked":["Coolheaded","Beam Cell"],"picked":"Genetic Algorithm","floor":7.0},{"not_picked":["Conserve Battery","Recycle"],"picked":"Core Surge","floor":8.0},{"not_picked":["Ball Lightning","Reinforced Body"],"picked":"Core Surge","floor":10.0},{"not_picked":["Turbo","Redo","Sweeping Beam"],"picked":"Singing Bowl","floor":13.0},{"not_picked":["Cold Snap","Fission"],"picked":"Ball Lightning","floor":14.0},{"not_picked":["Reboot","Creative AI"],"picked":"Machine Learning","floor":16.0},{"not_picked":["Skim","Redo"],"picked":"Chaos","floor":17.0},{"not_picked":["Leap","Compile Driver"],"picked":"Go for the Eyes","floor":18.0},{"not_picked":["Lockon","Sweeping Beam"],"picked":"Redo+1","floor":21.0},{"not_picked":["Meteor Strike","Coolheaded+1","Chaos"],"picked":"Singing Bowl","floor":22.0},{"not_picked":["Blizzard+1","Recycle+1"],"picked":"Go for the Eyes","floor":24.0},{"not_picked":["Chaos","Creative AI"],"picked":"Leap","floor":27.0},{"not_picked":["Gash","Steam"],"picked":"Conserve Battery+1","floor":28.0},{"not_picked":["Go for the Eyes","White Noise","Turbo"],"picked":"Singing Bowl","floor":30.0},{"not_picked":["Meteor Strike","Hyperbeam"],"picked":"Electrodynamics","floor":33.0},{"not_picked":["Genetic Algorithm"],"picked":"Singing Bowl","floor":35.0},{"not_picked":["Hello World+1"],"picked":"Singing Bowl","floor":37.0},{"not_picked":[],"picked":"Beam Cell+1","floor":38.0},{"not_picked":["Cold Snap"],"picked":"Singing Bowl","floor":41.0},{"not_picked":["Storm"],"picked":"Singing Bowl","floor":44.0},{"not_picked":["Steam"],"picked":"Singing Bowl","floor":45.0},{"not_picked":["Gash"],"picked":"Singing Bowl","floor":47.0},{"not_picked":[],"picked":"Rebound+1","floor":48.0}],"player_experience":513192,"relics_obtained":[{"floor":4.0,"key":"Singing Bowl"},{"floor":7.0,"key":"Thread and Needle"},{"floor":9.0,"key":"Art of War"},{"floor":10.0,"key":"Ornamental Fan"},{"floor":24.0,"key":"Whetstone"},{"floor":26.0,"key":"Vajra"},{"floor":27.0,"key":"Lantern"},{"floor":43.0,"key":"Cables"},{"floor":44.0,"key":"Symbiotic Virus"}],"event_choices":[{"damage_healed":0.0,"max_hp_gain":5.0,"max_hp_loss":0.0,"gold_gain":0.0,"event_name":"Big Fish","player_choice":"Donut","floor":3.0,"gold_loss":0.0,"damage_taken":0.0},{"cards_removed":["Strike_B"],"damage_healed":0.0,"max_hp_gain":0.0,"max_hp_loss":0.0,"gold_gain":0.0,"event_name":"Golden Wing","player_choice":"Card Removal","floor":5.0,"gold_loss":0.0,"damage_taken":7.0},{"cards_removed":["Strike_B"],"damage_healed":0.0,"max_hp_gain":0.0,"max_hp_loss":0.0,"gold_gain":0.0,"event_name":"Beggar","player_choice":"Gave Gold","floor":19.0,"gold_loss":75.0,"damage_taken":0.0},{"damage_healed":0.0,"max_hp_gain":5.0,"max_hp_loss":0.0,"gold_gain":0.0,"event_name":"Forgotten Altar","player_choice":"Shed Blood","floor":20.0,"gold_loss":0.0,"damage_taken":22.0},{"damage_healed":0.0,"max_hp_gain":0.0,"max_hp_loss":0.0,"gold_gain":99.0,"event_name":"Nest","player_choice":"Stole From Cult","floor":31.0,"gold_loss":0.0,"damage_taken":0.0},{"damage_healed":0.0,"max_hp_gain":0.0,"max_hp_loss":0.0,"gold_gain":0.0,"event_name":"Lab","player_choice":"Got Potions","floor":39.0,"gold_loss":0.0,"damage_taken":0.0}],"is_beta":false,"boss_relics":[{"not_picked":["Orrery","Ectoplasm"],"picked":"Tiny House"},{"not_picked":["Astrolabe","Black Star"],"picked":"Busted Crown"}],"items_purged_floors":[36],"is_endless":false,"potions_floor_spawned":[2,13,14,16,18,22,28,33,37,38,41,47],"ascension_level":11}