{"gold_per_floor":[110,121,173,185,196,196,64,95,120,120,140,151,180,199,199,300,300,312,312,331,331],"floor_reached":21,"playtime":1720,"items_purged":[],"score":251,"play_id":"10c056af-1f73-471b-8455-65112e470d78","local_time":"20190223143813","is_ascension_mode":true,"campfire_choices":[{"data":"Noxious Fumes","floor":6,"key":"SMITH"},{"floor":10,"key":"REST"},{"data":"Backflip","floor":15,"key":"SMITH"}],"neow_cost":"NONE","seed_source_timestamp":677465909446774,"circlet_count":0,"master_deck":["Defend_G","Defend_G","Defend_G","Defend_G","Defend_G","Strike_G","Strike_G","Strike_G","Strike_G","Strike_G","Survivor","Neutralize","Blade Dance","Noxious Fumes+1","Dagger Spray","Cloak And Dagger","Infinite Blades","Backflip+1","Well Laid Plans","Predator","RitualDagger","Backstab"],"relics":["Busted Crown","Regal Pillow","Orichalcum","Bag of Preparation","PreservedInsect","Black Star"],"potions_floor_usage":[8,16,16,16,16,20,21],"damage_taken":[{"damage":1,"enemies":"Cultist","floor":1,"turns":4},{"damage":0,"enemies":"Jaw Worm","floor":2,"turns":4},{"damage":1,"enemies":"Small Slimes","floor":4,"turns":3},{"damage":22,"enemies":"Exordium Thugs","floor":5,"turns":5},{"damage":4,"enemies":"Lagavulin","floor":8,"turns":5},{"damage":0,"enemies":"2 Fungi Beasts","floor":11,"turns":3},{"damage":1,"enemies":"3 Louse","floor":12,"turns":4},{"damage":21,"enemies":"Gremlin Nob","floor":13,"turns":5},{"damage":0,"enemies":"Red Slaver","floor":14,"turns":3},{"damage":6,"enemies":"The Guardian","floor":16,"turns":7},{"damage":23,"enemies":"Shell Parasite","floor":18,"turns":5},{"damage":19,"enemies":"2 Thieves","floor":20,"turns":5},{"damage":19,"enemies":"Shelled Parasite and Fungi","floor":21,"turns":3}],"seed_played":"4170241257769375749","potions_obtained":[{"floor":2,"key":"Poison Potion"},{"floor":11,"key":"Ancient Potion"},{"floor":14,"key":"EntropicBrew"},{"floor":20,"key":"Strength Potion"}],"is_trial":false,"path_per_floor":["M","M","T","M","M","R","$","E","T","R","M","M","E","M","R","B",null,"M","?","M","M"],"character_chosen":"THE_SILENT","items_purchased":["Cloak And Dagger","Infinite Blades"],"campfire_rested":1,"item_purchase_floors":[7,7],"current_hp_per_floor":[62,62,62,61,39,39,39,35,35,70,70,69,48,48,48,42,63,40,34,15,0],"gold":331,"neow_bonus":"BOSS_RELIC","is_prod":false,"is_daily":false,"chose_seed":false,"campfire_upgraded":2,"win_rate":0,"timestamp":1550961493,"path_taken":["M","?","?","M","M","R","$","E","T","R","M","M","E","M","R","BOSS","M","?","M","M"],"build_version":"2019-01-23","purchased_purges":0,"victory":false,"max_hp_per_floor":[70,70,70,70,70,70,70,70,70,70,70,70,70,70,70,70,70,70,70,70,70],"card_choices":[{"not_picked":[],"picked":"Blade Dance","floor":1},{"not_picked":[],"picked":"Noxious Fumes","floor":2},{"not_picked":[],"picked":"Dagger Spray","floor":4},{"not_picked":["Tactician"],"picked":"SKIP","floor":5},{"not_picked":[],"picked":"Backflip","floor":8},{"not_picked":[],"picked":"Well Laid Plans","floor":11},{"not_picked":["Tactician"],"picked":"SKIP","floor":12},{"not_picked":[],"picked":"Predator","floor":13},{"not_picked":["Endless Agony"],"picked":"SKIP","floor":14},{"not_picked":["Outmaneuver+1"],"picked":"SKIP","floor":18},{"not_picked":[],"picked":"Backstab","floor":20}],"player_experience":322659,"relics_obtained":[{"floor":3,"key":"Regal Pillow"},{"floor":8,"key":"Orichalcum"},{"floor":9,"key":"Bag of Preparation"},{"floor":13,"key":"PreservedInsect"}],"event_choices":[{"damage_healed":0,"gold_gain":0,"player_choice":"Joined the Cult","damage_taken":6,"max_hp_gain":0,"max_hp_loss":0,"event_name":"Nest","floor":19,"gold_loss":0,"cards_obtained":["RitualDagger"]}],"is_beta":false,"boss_relics":[{"not_picked":["Velvet Choker","Ectoplasm"],"picked":"Black Star"}],"items_purged_floors":[],"is_endless":false,"potions_floor_spawned":[2,11,14,20],"killed_by":"Shelled Parasite and Fungi","ascension_level":6}