{"gold_per_floor":[114,129,144,158,333,333,333,333,333,333,359,371,402,448,460,567,579,579,579,579,579,579,579,579,579,579,579,579,579,579,579,579,579],"floor_reached":33,"playtime":2097,"items_purged":[],"score":351,"play_id":"550a16ef-42e1-4612-a234-1ed9b17b6ac0","local_time":"20190210141837","is_ascension_mode":true,"campfire_choices":[{"data":"Neutralize","floor":6,"key":"SMITH"},{"data":"All Out Attack","floor":10,"key":"SMITH"},{"floor":12,"key":"REST"},{"floor":15,"key":"REST"},{"floor":23,"key":"REST"},{"floor":28,"key":"REST"},{"floor":32,"key":"REST"}],"neow_cost":"PERCENT_DAMAGE","seed_source_timestamp":699527175325793,"circlet_count":0,"master_deck":["Defend_G","Defend_G","Defend_G","Defend_G","Defend_G","Strike_G","Strike_G","Strike_G","Strike_G","Survivor","Neutralize+1","Terror","All Out Attack+1","Well Laid Plans","Dagger Throw","Doubt","Pain","Backstab+1","Poisoned Stab+1","Tools of the Trade","Glass Knife+1","Underhanded Strike+1","Flying Knee+1","Noxious Fumes","Predator+1","Riddle With Holes+1","Riddle With Holes+1","Glass Knife+1","Backflip"],"relics":["Ring of the Snake","Mercury Hourglass","WarpedTongs","Molten Egg 2","MawBank","Bag of Marbles","Ectoplasm","Blue Candle","Letter Opener","Sundial"],"potions_floor_usage":[22,24,24,27,33],"damage_taken":[{"damage":2,"enemies":"Jaw Worm","floor":1,"turns":7},{"damage":0,"enemies":"Cultist","floor":2,"turns":3},{"damage":2,"enemies":"2 Louse","floor":3,"turns":4},{"damage":0,"enemies":"Red Slaver","floor":4,"turns":4},{"damage":28,"enemies":"Gremlin Nob","floor":11,"turns":4},{"damage":4,"enemies":"2 Fungi Beasts","floor":13,"turns":2},{"damage":20,"enemies":"3 Sentries","floor":14,"turns":7},{"damage":20,"enemies":"The Guardian","floor":16,"turns":10},{"damage":8,"enemies":"Shell Parasite","floor":18,"turns":4},{"damage":11,"enemies":"Spheric Guardian","floor":19,"turns":3},{"damage":12,"enemies":"Shelled Parasite and Fungi","floor":21,"turns":3},{"damage":24,"enemies":"Snake Plant","floor":22,"turns":2},{"damage":19,"enemies":"Book of Stabbing","floor":24,"turns":3},{"damage":21,"enemies":"Centurion and Healer","floor":25,"turns":3},{"damage":0,"enemies":"Snecko","floor":27,"turns":2},{"damage":0,"enemies":"Snake Plant","floor":29,"turns":2},{"damage":18,"enemies":"Centurion and Healer","floor":31,"turns":3},{"damage":42,"enemies":"Champ","floor":33,"turns":7}],"seed_played":"-3322877090951660685","potions_obtained":[{"floor":1,"key":"Ancient Potion"},{"floor":4,"key":"GamblersBrew"},{"floor":13,"key":"Energy Potion"},{"floor":21,"key":"Poison Potion"},{"floor":25,"key":"Fire Potion"},{"floor":31,"key":"Ancient Potion"}],"is_trial":false,"path_per_floor":["M","M","M","M","?","R","T","?","T","R","E","R","M","E","R","B",null,"M","M","?","M","M","R","E","M","T","M","R","M","T","M","R","B"],"character_chosen":"THE_SILENT","items_purchased":[],"campfire_rested":5,"item_purchase_floors":[],"current_hp_per_floor":[61,61,59,59,59,59,59,59,59,59,31,56,52,32,57,37,72,64,53,53,41,17,42,23,2,2,2,27,27,27,9,34,0],"gold":579,"neow_bonus":"TWENTY_PERCENT_HP_BONUS","is_prod":false,"is_daily":false,"chose_seed":false,"campfire_upgraded":2,"win_rate":0,"timestamp":1549837117,"path_taken":["M","M","M","M","?","R","?","?","T","R","E","R","M","E","R","BOSS","M","M","?","?","M","R","E","M","T","M","R","M","?","M","R","BOSS"],"build_version":"2019-01-23","purchased_purges":0,"victory":false,"max_hp_per_floor":[84,84,84,84,84,84,84,84,84,84,84,84,84,84,84,84,84,84,84,84,84,84,84,84,84,84,84,84,84,84,84,84,84],"card_choices":[{"not_picked":["Flechettes","Acrobatics"],"picked":"Terror","floor":1},{"not_picked":["Poisoned Stab","Catalyst"],"picked":"All Out Attack","floor":2},{"not_picked":["Acrobatics","Backflip"],"picked":"Well Laid Plans","floor":3},{"not_picked":["Calculated Gamble","Well Laid Plans"],"picked":"Dagger Throw","floor":4},{"not_picked":["Bouncing Flask","Deflect"],"picked":"Backstab+1","floor":11},{"not_picked":["Outmaneuver","Dodge and Roll"],"picked":"Poisoned Stab+1","floor":13},{"not_picked":["Slice+1","Blur"],"picked":"Tools of the Trade","floor":14},{"not_picked":["Wraith Form v2","Venomology"],"picked":"Glass Knife+1","floor":16},{"not_picked":["Accuracy+1","Bane+1"],"picked":"Underhanded Strike+1","floor":18},{"not_picked":["Dash+1","Sucker Punch+1"],"picked":"Flying Knee+1","floor":19},{"not_picked":["Acrobatics","Outmaneuver"],"picked":"Predator+1","floor":21},{"not_picked":["Crippling Poison","Quick Slash+1"],"picked":"Riddle With Holes+1","floor":22},{"not_picked":["Acrobatics","Skewer+1","PiercingWail"],"picked":"SKIP","floor":24},{"not_picked":["Skewer+1","Heel Hook+1"],"picked":"Riddle With Holes+1","floor":25},{"not_picked":["Skewer+1","Terror","Outmaneuver"],"picked":"SKIP","floor":27},{"not_picked":["Slice+1","Finisher+1"],"picked":"Glass Knife+1","floor":29},{"not_picked":["Concentrate","Acrobatics"],"picked":"Backflip","floor":31}],"player_experience":236398,"relics_obtained":[{"floor":7,"key":"Mercury Hourglass"},{"floor":9,"key":"Molten Egg 2"},{"floor":11,"key":"MawBank"},{"floor":14,"key":"Bag of Marbles"},{"floor":24,"key":"Blue Candle"},{"floor":26,"key":"Letter Opener"},{"floor":30,"key":"Sundial"}],"event_choices":[{"damage_healed":0,"gold_gain":175,"player_choice":"AGREE","damage_taken":0,"max_hp_gain":0,"max_hp_loss":0,"event_name":"Liars Game","floor":5,"gold_loss":0,"cards_obtained":["Doubt"]},{"damage_healed":0,"gold_gain":0,"player_choice":"Rummage","damage_taken":0,"relics_obtained":["WarpedTongs"],"max_hp_gain":0,"max_hp_loss":0,"event_name":"Accursed Blacksmith","floor":8,"gold_loss":0,"cards_obtained":["Pain"]},{"damage_healed":0,"gold_gain":0,"cards_transformed":["Strike_G"],"player_choice":"Transformed","damage_taken":0,"max_hp_gain":0,"max_hp_loss":0,"event_name":"Transmorgrifier","floor":20,"gold_loss":0,"cards_obtained":["Noxious Fumes"]}],"is_beta":false,"boss_relics":[{"not_picked":["Empty Cage","Calling Bell"],"picked":"Ectoplasm"}],"items_purged_floors":[],"is_endless":false,"potions_floor_spawned":[1,4,13,16,21,25,31],"killed_by":"Champ","ascension_level":5}