{"gold_per_floor":[119,36,36,48,98,98,128,128,128,128,53,128,158,158,158,255,255,271,271,271,289,289],"floor_reached":22,"playtime":951,"items_purged":["Pain"],"score":291,"play_id":"fef626cd-3140-47be-8ef7-57b3815432e8","local_time":"20190316111333","is_ascension_mode":true,"campfire_choices":[{"data":"Combust","floor":6,"key":"SMITH"},{"data":"Iron Wave","floor":8,"key":"SMITH"},{"data":"Iron Wave","floor":10,"key":"SMITH"},{"floor":15,"key":"REST"}],"neow_cost":"NONE","seed_source_timestamp":300040425358779,"circlet_count":0,"master_deck":["AscendersBane","Strike_R","Strike_R","Strike_R","Strike_R","Defend_R","Defend_R","Defend_R","Defend_R","Bash","Iron Wave+1","Combust+1","Shrug It Off","Iron Wave+1","Clash","Iron Wave","Impervious+1","Armaments+1","Warcry+1"],"relics":["Burning Blood","Juzu Bracelet","WarpedTongs","Happy Flower","Nunchaku","Sundial","Potion Belt","Toxic Egg 2","Runic Cube"],"potions_floor_usage":[13],"damage_taken":[{"damage":1,"enemies":"Cultist","floor":1,"turns":4},{"damage":4,"enemies":"Jaw Worm","floor":4,"turns":3},{"damage":30,"enemies":"Gremlin Nob","floor":7,"turns":5},{"damage":10,"enemies":"Lagavulin","floor":13,"turns":5},{"damage":65,"enemies":"Hexaghost","floor":16,"turns":10},{"damage":4,"enemies":"Spheric Guardian","floor":18,"turns":4},{"damage":34,"enemies":"3 Byrds","floor":21,"turns":6},{"damage":30,"enemies":"Snecko","floor":22,"turns":7}],"seed_played":"-5141909828314723057","potions_obtained":[{"floor":1,"key":"SpeedPotion"},{"floor":4,"key":"BloodPotion"},{"floor":13,"key":"SteroidPotion"},{"floor":21,"key":"Poison Potion"}],"is_trial":false,"path_per_floor":["M","$","?","M","T","R","E","R","T","R","$","?","E","?","R","B",null,"M","?","?","M","M"],"character_chosen":"IRONCLAD","items_purchased":["Combust","Shrug It Off"],"campfire_rested":1,"item_purchase_floors":[2,2],"current_hp_per_floor":[77,77,77,79,79,79,55,55,55,55,55,44,48,45,69,10,63,65,50,50,22,0],"gold":289,"neow_bonus":"RANDOM_COMMON_RELIC","is_prod":false,"is_daily":false,"chose_seed":false,"campfire_upgraded":3,"win_rate":0,"timestamp":1552760013,"path_taken":["M","?","?","M","?","R","E","R","T","R","$","?","E","?","R","BOSS","M","?","?","M","M"],"build_version":"2019-01-23","purchased_purges":1,"victory":false,"max_hp_per_floor":[80,80,80,80,80,80,80,80,80,80,80,80,80,80,80,80,80,80,85,85,85,85],"card_choices":[{"not_picked":["Rage","Second Wind"],"picked":"Iron Wave","floor":1},{"not_picked":["Warcry","Havoc"],"picked":"Iron Wave","floor":4},{"not_picked":["Intimidate","Anger"],"picked":"Clash","floor":7},{"not_picked":["Intimidate","Dropkick"],"picked":"Iron Wave","floor":13},{"not_picked":["Bludgeon","Limit Break+1"],"picked":"Impervious+1","floor":16},{"not_picked":["Perfected Strike","Sever Soul+1"],"picked":"Armaments+1","floor":18},{"not_picked":["Armaments+1","Headbutt+1"],"picked":"Warcry+1","floor":21}],"player_experience":490509,"relics_obtained":[{"floor":5,"key":"Happy Flower"},{"floor":7,"key":"Nunchaku"},{"floor":9,"key":"Sundial"},{"floor":13,"key":"Potion Belt"}],"event_choices":[{"damage_healed":0,"gold_gain":0,"player_choice":"Rummage","damage_taken":0,"relics_obtained":["WarpedTongs"],"max_hp_gain":0,"max_hp_loss":0,"event_name":"Accursed Blacksmith","floor":3,"gold_loss":0,"cards_obtained":["Pain"]},{"damage_healed":0,"gold_gain":75,"player_choice":"Gather Gold","damage_taken":11,"max_hp_gain":0,"max_hp_loss":0,"event_name":"World of Goop","floor":12,"gold_loss":0},{"damage_healed":0,"gold_gain":0,"player_choice":"Success","damage_taken":3,"relics_obtained":["Toxic Egg 2"],"max_hp_gain":0,"max_hp_loss":0,"event_name":"Scrap Ooze","floor":14,"gold_loss":0},{"damage_healed":0,"gold_gain":0,"player_choice":"Shed Blood","damage_taken":20,"max_hp_gain":5,"max_hp_loss":0,"event_name":"Forgotten Altar","floor":19,"gold_loss":0},{"cards_removed":["Strike_R"],"damage_healed":0,"gold_gain":0,"player_choice":"Purged","damage_taken":0,"max_hp_gain":0,"max_hp_loss":0,"event_name":"Purifier","floor":20,"gold_loss":0}],"is_beta":false,"boss_relics":[{"not_picked":["Black Star","Runic Pyramid"],"picked":"Runic Cube"}],"items_purged_floors":[11],"is_endless":false,"potions_floor_spawned":[1,4,13,21],"killed_by":"Snecko","ascension_level":11}