{"gold_per_floor":[111,186,86,86,36,36,70,70,70,100,117,117,117,137,137,232,232,232,232,50,50,50,50,50,50,50,50,50,50,50,50,50,50,50,50,50,50,50,50],"floor_reached":39,"playtime":3243,"items_purged":["Injury","Defend_B"],"score":555,"play_id":"60c58b13-d8ae-45fe-9784-67f01f5f2b45","local_time":"20190226202414","is_ascension_mode":true,"campfire_choices":[{"data":"Rip and Tear","floor":6.0,"key":"SMITH"},{"data":"Hologram","floor":8.0,"key":"SMITH"},{"data":"Self Repair","floor":13.0,"key":"SMITH"},{"floor":15.0,"key":"REST"},{"data":"Static Discharge","floor":23.0,"key":"SMITH"},{"data":"Tempest","floor":25.0,"key":"SMITH"},{"data":"Electrodynamics","floor":27.0,"key":"SMITH"},{"data":"Sweeping Beam","floor":32.0,"key":"SMITH"}],"neow_cost":"CURSE","seed_source_timestamp":955600704785414,"circlet_count":0,"master_deck":["Strike_B","Defend_B","Defend_B","Defend_B+1","Zap+1","Dualcast","Tempest+1","Hologram+1","Rip and Tear+1","Cold Snap","BootSequence","Sweeping Beam+1","Self Repair+1","Rebound","Electrodynamics+1","Conserve Battery+1","Static Discharge+1","Sweeping Beam+1","Echo Form","Static Discharge+1","Reboot","Core Surge","Hologram+1"],"special_seed":0,"relics":["Cracked Core","War Paint","Regal Pillow","Mummified Hand","Anchor","Ectoplasm","Darkstone Periapt","Dodecahedron","Emotion Chip","Nuclear Battery","Thread and Needle"],"potions_floor_usage":[38,38],"damage_taken":[{"damage":2.0,"enemies":"Small Slimes","floor":1.0,"turns":3.0},{"damage":14.0,"enemies":"Gremlin Nob","floor":7.0,"turns":3.0},{"damage":25.0,"enemies":"3 Sentries","floor":10.0,"turns":6.0},{"damage":0.0,"enemies":"2 Louse","floor":11.0,"turns":2.0},{"damage":0.0,"enemies":"Cultist","floor":14.0,"turns":3.0},{"damage":6.0,"enemies":"The Guardian","floor":16.0,"turns":13.0},{"damage":2.0,"enemies":"Shell Parasite","floor":18.0,"turns":4.0},{"damage":0.0,"enemies":"Spheric Guardian","floor":19.0,"turns":3.0},{"damage":0.0,"enemies":"Cultist and Chosen","floor":21.0,"turns":4.0},{"damage":12.0,"enemies":"Book of Stabbing","floor":24.0,"turns":5.0},{"damage":0.0,"enemies":"Sentry and Sphere","floor":28.0,"turns":3.0},{"damage":2.0,"enemies":"Centurion and Healer","floor":29.0,"turns":4.0},{"damage":12.0,"enemies":"Gremlin Leader","floor":30.0,"turns":4.0},{"damage":57.0,"enemies":"Collector","floor":33.0,"turns":6.0},{"damage":31.0,"enemies":"3 Darklings","floor":35.0,"turns":3.0},{"damage":26.0,"enemies":"2 Orb Walkers","floor":36.0,"turns":4.0},{"damage":0.0,"enemies":"3 Shapes","floor":37.0,"turns":1.0},{"damage":24,"enemies":"Transient","floor":38,"turns":5},{"damage":12,"enemies":"Mind Bloom Boss Battle","floor":39,"turns":4}],"seed_played":"1225024811931232413","potions_obtained":[{"floor":11.0,"key":"Weak Potion"},{"floor":16.0,"key":"Energy Potion"},{"floor":21.0,"key":"PowerPotion"},{"floor":24.0,"key":"Weak Potion"},{"floor":30.0,"key":"Dexterity Potion"},{"floor":38,"key":"PowerPotion"}],"is_trial":false,"path_per_floor":["M","?","$","?","?","R","E","R","T","E","M","?","R","M","R","B",null,"M","M","$","M","?","R","E","R","T","R","M","M","E","?","R","B",null,"M","?","M","M","?"],"character_chosen":"DEFECT","items_purchased":["Cold Snap","Static Discharge"],"campfire_rested":1,"item_purchase_floors":[3,20],"current_hp_per_floor":[66,55,55,43,43,43,29,29,29,4,4,29,29,39,75,75,75,75,75,75,75,75,75,73,73,73,73,73,75,73,73,73,26,63,42,26,26,12,0],"gold":50,"neow_bonus":"TRANSFORM_TWO_CARDS","is_prod":false,"is_daily":false,"chose_seed":false,"campfire_upgraded":7,"win_rate":0,"timestamp":1551241454,"path_taken":["M","?","$","?","?","R","E","R","T","E","M","?","R","M","R","BOSS","M","M","$","M","?","R","E","R","T","R","M","?","E","?","R","BOSS","M","?","M","M","?"],"build_version":"2019-01-23","purchased_purges":2,"victory":false,"max_hp_per_floor":[75,75,75,75,75,75,75,75,75,75,75,75,75,75,75,75,75,75,75,75,75,75,75,75,75,75,75,75,75,75,75,75,75,75,75,75,75,75,75],"card_choices":[{"not_picked":["Compile Driver","Reprogram"],"picked":"Rip and Tear","floor":1.0},{"not_picked":["Leap","Cold Snap"],"picked":"BootSequence","floor":7.0},{"not_picked":["Buffer","Coolheaded"],"picked":"Sweeping Beam","floor":10.0},{"not_picked":["Melter","Compile Driver"],"picked":"Self Repair","floor":11.0},{"not_picked":["Consume","Compile Driver"],"picked":"Rebound","floor":14.0},{"not_picked":["Creative AI","Seek"],"picked":"Electrodynamics","floor":16.0},{"not_picked":["Leap","Ball Lightning"],"picked":"Conserve Battery+1","floor":18.0},{"not_picked":["Compile Driver","Sweeping Beam","Steam Power+1"],"picked":"SKIP","floor":19.0},{"not_picked":["Steam+1","Turbo+1"],"picked":"Sweeping Beam+1","floor":21.0},{"not_picked":["Conserve Battery+1","Rebound"],"picked":"Echo Form","floor":24.0},{"not_picked":["Tempest","Gash"],"picked":"Static Discharge+1","floor":28.0},{"not_picked":["Go for the Eyes","Hologram","Conserve Battery"],"picked":"SKIP","floor":29.0},{"not_picked":["Leap","Aggregate"],"picked":"Reboot","floor":30.0},{"not_picked":["Amplify","Hyperbeam"],"picked":"Core Surge","floor":33.0},{"not_picked":["Coolheaded","Cold Snap","Redo+1"],"picked":"SKIP","floor":35.0},{"not_picked":["Streamline+1","Cold Snap"],"picked":"Hologram+1","floor":36.0},{"not_picked":["Cold Snap+1","Gash","Stack+1"],"picked":"SKIP","floor":37.0},{"not_picked":["Conserve Battery","Turbo+1","Sunder"],"picked":"SKIP","floor":38}],"player_experience":368222,"relics_obtained":[{"floor":7.0,"key":"Regal Pillow"},{"floor":9.0,"key":"Mummified Hand"},{"floor":10.0,"key":"Anchor"},{"floor":24.0,"key":"Darkstone Periapt"},{"floor":26.0,"key":"Dodecahedron"},{"floor":30.0,"key":"Emotion Chip"},{"floor":36.0,"key":"Thread and Needle"}],"event_choices":[{"damage_healed":0.0,"max_hp_gain":0.0,"max_hp_loss":0.0,"gold_gain":75.0,"event_name":"World of Goop","player_choice":"Gather Gold","floor":2.0,"gold_loss":0.0,"damage_taken":11.0},{"damage_healed":0.0,"max_hp_gain":0.0,"max_hp_loss":0.0,"gold_gain":0.0,"event_name":"Scrap Ooze","player_choice":"Success","floor":4.0,"gold_loss":0.0,"damage_taken":12.0,"relics_obtained":["War Paint"]},{"cards_removed":["Strike_B"],"damage_healed":0.0,"max_hp_gain":0.0,"max_hp_loss":0.0,"gold_gain":0.0,"event_name":"The Cleric","player_choice":"Card Removal","floor":5.0,"gold_loss":50.0,"damage_taken":0.0},{"damage_healed":25.0,"max_hp_gain":0.0,"max_hp_loss":0.0,"gold_gain":0.0,"event_name":"Big Fish","player_choice":"Banana","floor":12.0,"gold_loss":0.0,"damage_taken":0.0},{"damage_healed":0.0,"max_hp_gain":0.0,"max_hp_loss":0.0,"gold_gain":0.0,"event_name":"The Woman in Blue","player_choice":"Bought 0 Potions","floor":22.0,"gold_loss":0.0,"damage_taken":0.0},{"damage_healed":0.0,"max_hp_gain":0.0,"max_hp_loss":0.0,"gold_gain":0.0,"event_name":"Ghosts","player_choice":"Ignored","floor":31.0,"gold_loss":0.0,"damage_taken":0.0},{"damage_healed":0.0,"max_hp_gain":0.0,"max_hp_loss":0.0,"gold_gain":0.0,"event_name":"Mysterious Sphere","player_choice":"Fight","floor":36.0,"gold_loss":0.0,"damage_taken":0.0},{"damage_healed":0,"gold_gain":0,"player_choice":"Fight","damage_taken":0,"max_hp_gain":0,"max_hp_loss":0,"event_name":"MindBloom","floor":39,"gold_loss":0}],"is_beta":false,"boss_relics":[{"not_picked":["FrozenCore","Lizard Tail"],"picked":"Ectoplasm"},{"not_picked":["Pandora\u0027s Box","Empty Cage"],"picked":"Nuclear Battery"}],"items_purged_floors":[3,20],"is_endless":false,"potions_floor_spawned":[11,16,21,24,30,38],"killed_by":"Mind Bloom Boss Battle","ascension_level":6}