{"gold_per_floor":[147,147,97,111,126,136,167,167,213,242,130,130,145,162,162,259,259,270,170,184,195,210,410,410,426,449,462,462],"floor_reached":28,"playtime":1488,"items_purged":["Strike_B","Strike_B"],"score":246,"play_id":"010e1fc6-f92e-4e62-8bc8-94d21eb2ca9a","local_time":"20180922150539","is_ascension_mode":true,"campfire_choices":[{"data":"Genetic Algorithm","floor":8,"key":"SMITH"},{"data":"Chaos","floor":12,"key":"SMITH"},{"floor":15,"key":"REST"},{"floor":24,"key":"REST"}],"neow_cost":"NONE","seed_source_timestamp":795372993912403,"circlet_count":0,"master_deck":["Defend_B","Defend_B","Defend_B","Defend_B","Zap","Dualcast","Go for the Eyes","Compile Driver","Rebound","Doom and Gloom","Ball Lightning","Genetic Algorithm+1","FTL","Chaos+1","Static Discharge","FTL+1","Ball Lightning+1","Self Repair"],"relics":["Cracked Core","Tiny Chest","Singing Bowl","Oddly Smooth Stone","Centennial Puzzle","Black Star","Anchor"],"potions_floor_usage":[16,22,22,28],"damage_taken":[{"damage":0,"enemies":"2 Louse","floor":1,"turns":2},{"damage":2,"enemies":"Cultist","floor":4,"turns":4},{"damage":0,"enemies":"Small Slimes","floor":5,"turns":2},{"damage":10,"enemies":"3 Louse","floor":6,"turns":2},{"damage":16,"enemies":"Lagavulin","floor":7,"turns":5},{"damage":20,"enemies":"Gremlin Nob","floor":10,"turns":4},{"damage":7,"enemies":"Blue Slaver","floor":13,"turns":2},{"damage":8,"enemies":"Gremlin Gang","floor":14,"turns":3},{"damage":14,"enemies":"The Guardian","floor":16,"turns":9},{"damage":20,"enemies":"2 Thieves","floor":18,"turns":4},{"damage":13,"enemies":"3 Byrds","floor":20,"turns":3},{"damage":15,"enemies":"Snake Plant","floor":21,"turns":3},{"damage":4,"enemies":"Centurion and Healer","floor":22,"turns":6},{"damage":12,"enemies":"Sentry and Sphere","floor":25,"turns":4},{"damage":21,"enemies":"Snecko","floor":27,"turns":4},{"damage":29,"enemies":"Slavers","floor":28,"turns":3}],"seed_played":"1480570662484992203","potions_obtained":[{"floor":5,"key":"FocusPotion"},{"floor":14,"key":"Weak Potion"},{"floor":16,"key":"Dexterity Potion"},{"floor":20,"key":"Block Potion"},{"floor":27,"key":"Swift Potion"}],"is_trial":false,"path_per_floor":["M","?","?","M","M","M","E","R","T","E","$","R","M","M","R","B",null,"M","$","M","M","M","?","R","M","T","M"],"character_chosen":"DEFECT","items_purchased":["Chaos"],"campfire_rested":2,"item_purchase_floors":[11],"current_hp_per_floor":[75,75,75,73,73,63,47,47,47,27,27,27,20,14,37,25,79,59,59,48,33,31,31,55,45,45,24,0],"gold":462,"neow_bonus":"RANDOM_COMMON_RELIC","is_prod":false,"is_daily":false,"chose_seed":false,"campfire_upgraded":2,"win_rate":0,"timestamp":1537653939,"path_taken":["M","?","?","?","M","M","E","R","T","E","$","R","M","M","R","BOSS","M","?","?","M","?","?","R","M","T","M","E"],"build_version":"2018-09-20","purchased_purges":2,"victory":false,"max_hp_per_floor":[75,75,75,75,75,75,75,75,75,75,75,75,75,77,77,79,79,79,79,81,81,83,83,83,85,85,85,85],"card_choices":[{"not_picked":["Lockon","Turbo"],"picked":"Go for the Eyes","floor":1},{"not_picked":["Leap","Redo"],"picked":"Rebound","floor":4},{"not_picked":["BootSequence","Turbo"],"picked":"Doom and Gloom","floor":5},{"not_picked":["Turbo","Steam"],"picked":"Ball Lightning","floor":6},{"not_picked":["Fission","Steam"],"picked":"Genetic Algorithm","floor":7},{"not_picked":["Rebound","Storm"],"picked":"FTL","floor":10},{"not_picked":["Go for the Eyes","Sweeping Beam"],"picked":"Static Discharge","floor":13},{"not_picked":["Conserve Battery","Ball Lightning","Recycle"],"picked":"Singing Bowl","floor":14},{"not_picked":["Hyperbeam","Biased Cognition","Amplify"],"picked":"Singing Bowl","floor":16},{"not_picked":["Ball Lightning","Blizzard"],"picked":"FTL+1","floor":18},{"not_picked":["Rebound","Recycle+1","Compile Driver"],"picked":"Singing Bowl","floor":20},{"not_picked":["Redo","Conserve Battery"],"picked":"Ball Lightning+1","floor":21},{"not_picked":["Rebound","Streamline+1","Cold Snap+1"],"picked":"Singing Bowl","floor":22},{"not_picked":["Creative AI","Hologram","Streamline"],"picked":"Singing Bowl","floor":25},{"not_picked":["Compile Driver","Auto Shields"],"picked":"Self Repair","floor":27}],"player_experience":133766,"relics_obtained":[{"floor":7,"key":"Singing Bowl"},{"floor":9,"key":"Oddly Smooth Stone"},{"floor":10,"key":"Centennial Puzzle"},{"floor":26,"key":"Anchor"}],"event_choices":[{"event_name":"Transmorgrifier","player_choice":"Transform","floor":2,"damage_taken":0},{"event_name":"The Cleric","player_choice":"Card Removal","floor":3,"damage_taken":0},{"event_name":"Wheel of Change","player_choice":"Gold","floor":23,"damage_taken":0}],"is_beta":false,"boss_relics":[{"not_picked":["Orrery","Runic Dome"],"picked":"Black Star"}],"items_purged_floors":[11,19],"is_endless":false,"potions_floor_spawned":[5,14,16,20,27],"killed_by":"Slavers","ascension_level":1}