{"gold_per_floor":[117,48,223,298,311,311,341,360,386,336,78,78,104,114,114,211,211,229,243,243,258,258,258,258],"floor_reached":24,"playtime":1101,"items_purged":[],"score":298,"play_id":"1a9657a9-906f-4791-8556-86aadb3b8af8","local_time":"20190220225428","is_ascension_mode":true,"campfire_choices":[{"data":"Noxious Fumes","floor":6,"key":"SMITH"},{"data":"Glass Knife","floor":12,"key":"SMITH"},{"floor":15,"key":"REST"},{"floor":23,"key":"REST"}],"neow_cost":"NONE","seed_source_timestamp":448632164889036,"circlet_count":0,"master_deck":["Survivor","Neutralize","Dagger Throw","Noxious Fumes+1","All Out Attack","Glass Knife+1","Catalyst","Flying Knee","Envenom","After Image","Accuracy","Leg Sweep","Bane","Infinite Blades","Caltrops","Bouncing Flask","Blade Dance","Finisher","Infinite Blades","Caltrops+1","Infinite Blades+1"],"relics":["Ring of the Snake","NeowsBlessing","Happy Flower","Omamori","Meat on the Bone","Vajra","Pandora\u0027s Box"],"potions_floor_usage":[13,13,18,21,24],"damage_taken":[{"damage":0,"enemies":"2 Louse","floor":1,"turns":1},{"damage":0,"enemies":"Small Slimes","floor":5,"turns":1},{"damage":0,"enemies":"Lagavulin","floor":7,"turns":1},{"damage":9,"enemies":"Jaw Worm","floor":8,"turns":5},{"damage":24,"enemies":"Gremlin Nob","floor":13,"turns":4},{"damage":0,"enemies":"3 Louse","floor":14,"turns":3},{"damage":20,"enemies":"Hexaghost","floor":16,"turns":7},{"damage":26,"enemies":"3 Byrds","floor":18,"turns":3},{"damage":33,"enemies":"Shell Parasite","floor":19,"turns":3},{"damage":14,"enemies":"Snecko","floor":21,"turns":4},{"damage":40,"enemies":"Book of Stabbing","floor":24,"turns":3}],"seed_played":"-2609802411438285903","potions_obtained":[{"floor":1,"key":"Regen Potion"},{"floor":8,"key":"Weak Potion"},{"floor":13,"key":"LiquidBronze"},{"floor":19,"key":"Poison Potion"},{"floor":21,"key":"Fire Potion"}],"is_trial":false,"path_per_floor":["M","$","?","?","M","R","E","M","T","?","$","R","E","M","R","B",null,"M","M","?","M","?","R","E"],"character_chosen":"THE_SILENT","items_purchased":["Noxious Fumes","Meat on the Bone"],"campfire_rested":2,"item_purchase_floors":[2,11],"current_hp_per_floor":[63,63,63,52,52,52,52,43,43,43,43,43,45,45,66,46,64,38,17,17,15,15,36,0],"gold":258,"neow_bonus":"THREE_ENEMY_KILL","is_prod":false,"is_daily":false,"chose_seed":false,"campfire_upgraded":2,"win_rate":0,"timestamp":1550732068,"path_taken":["M","$","?","?","M","R","E","M","T","?","$","R","E","M","R","BOSS","M","M","?","?","?","R","E"],"build_version":"2019-01-23","purchased_purges":0,"victory":false,"max_hp_per_floor":[70,70,70,70,70,70,70,70,70,70,70,70,70,70,70,70,70,70,70,70,70,70,70,70],"card_choices":[{"not_picked":["Bane","Eviscerate"],"picked":"Dagger Throw","floor":1},{"not_picked":["Crippling Poison","Sucker Punch"],"picked":"All Out Attack","floor":5},{"not_picked":["Calculated Gamble","Doppelganger"],"picked":"Glass Knife","floor":7},{"not_picked":["Slice","Dagger Spray"],"picked":"Catalyst","floor":8},{"not_picked":["Bouncing Flask","Cloak And Dagger"],"picked":"Flying Knee","floor":13},{"not_picked":["PiercingWail","Deadly Poison"],"picked":"Envenom","floor":14},{"not_picked":["Grand Finale","Adrenaline"],"picked":"After Image","floor":16},{"not_picked":["Deflect+1","PiercingWail"],"picked":"Infinite Blades","floor":18},{"not_picked":["Poisoned Stab","PiercingWail"],"picked":"Caltrops+1","floor":19},{"not_picked":["Flechettes","Prepared+1"],"picked":"Infinite Blades+1","floor":21}],"player_experience":303606,"relics_obtained":[{"floor":7,"key":"Happy Flower"},{"floor":9,"key":"Omamori"},{"floor":13,"key":"Vajra"}],"event_choices":[{"damage_healed":0,"gold_gain":175,"player_choice":"AGREE","damage_taken":0,"max_hp_gain":0,"max_hp_loss":0,"event_name":"Liars Game","floor":3,"gold_loss":0,"cards_obtained":["Doubt"]},{"damage_healed":0,"gold_gain":75,"player_choice":"Gather Gold","damage_taken":11,"max_hp_gain":0,"max_hp_loss":0,"event_name":"World of Goop","floor":4,"gold_loss":0},{"cards_removed":["Doubt"],"damage_healed":0,"gold_gain":0,"player_choice":"Card Removal","damage_taken":0,"max_hp_gain":0,"max_hp_loss":0,"event_name":"The Cleric","floor":10,"gold_loss":50},{"cards_removed":["Flechettes"],"damage_healed":0,"gold_gain":0,"player_choice":"Purged","damage_taken":0,"max_hp_gain":0,"max_hp_loss":0,"event_name":"Purifier","floor":20,"gold_loss":0},{"cards_removed":["Deadly Poison"],"damage_healed":0,"gold_gain":0,"player_choice":"Elegance","damage_taken":0,"max_hp_gain":0,"max_hp_loss":0,"event_name":"Back to Basics","floor":22,"gold_loss":0}],"is_beta":false,"boss_relics":[{"not_picked":["Snecko Eye","Fusion Hammer"],"picked":"Pandora\u0027s Box"}],"items_purged_floors":[],"is_endless":false,"potions_floor_spawned":[1,8,13,19,21],"killed_by":"Book of Stabbing","ascension_level":6}