{"gold_per_floor":[119,69,122,145,173,185,217,304,316,328,26,42,42,217,217,315,315,331,331,152,6,22,22,32,32,32,32],"floor_reached":27,"playtime":1182,"items_purged":["Doubt","Strike_B"],"score":261,"play_id":"0cb66615-3781-480a-93e7-e626a84838ea","local_time":"20190303134038","is_ascension_mode":true,"campfire_choices":[{"data":"Zap","floor":6,"key":"SMITH"},{"data":"Hologram","floor":10,"key":"SMITH"},{"data":"Loop","floor":13,"key":"SMITH"},{"floor":15,"key":"REST"},{"data":"Tempest","floor":23,"key":"SMITH"},{"data":"Streamline","floor":25,"key":"SMITH"}],"neow_cost":"NONE","seed_source_timestamp":134462402586,"circlet_count":0,"master_deck":["Strike_B","Strike_B","Defend_B","Defend_B","Defend_B","Defend_B","Zap+1","Dualcast","Hologram+1","Streamline+1","Auto Shields","Defragment","FTL+1","Chill","Loop+1","Hyperbeam+1","Tempest+1","Genetic Algorithm","Defragment","Redo+1"],"relics":["Cracked Core","Pen Nib","MawBank","Molten Egg 2","Membership Card","Busted Crown","Cables","Oddly Smooth Stone","Toxic Egg 2"],"potions_floor_usage":[12,24,27,27],"damage_taken":[{"damage":7,"enemies":"Jaw Worm","floor":1,"turns":3},{"damage":4,"enemies":"2 Louse","floor":4,"turns":2},{"damage":14,"enemies":"Small Slimes","floor":5,"turns":3},{"damage":4,"enemies":"Exordium Wildlife","floor":7,"turns":3},{"damage":5,"enemies":"Exordium Thugs","floor":12,"turns":3},{"damage":27,"enemies":"Slime Boss","floor":16,"turns":12},{"damage":16,"enemies":"Chosen","floor":18,"turns":4},{"damage":3,"enemies":"Spheric Guardian","floor":22,"turns":3},{"damage":23,"enemies":"Centurion and Healer","floor":24,"turns":4},{"damage":26,"enemies":"Gremlin Leader","floor":27,"turns":2}],"seed_played":"3593608724706862464","potions_obtained":[{"floor":1,"key":"Weak Potion"},{"floor":7,"key":"Strength Potion"},{"floor":16,"key":"Block Potion"},{"floor":18,"key":"SkillPotion"},{"floor":19,"key":"AttackPotion"}],"is_trial":false,"path_per_floor":["M","?","T","M","M","R","M","?","T","R","$","M","R","?","R","B",null,"M","?","$","$","M","R","M","R","T","E"],"character_chosen":"DEFECT","items_purchased":["Membership Card","FTL+1","Fruit Juice","Chill","Cables","Genetic Algorithm","Defragment","Oddly Smooth Stone"],"campfire_rested":1,"item_purchase_floors":[11,11,11,11,20,20,21,21],"current_hp_per_floor":[61,61,61,57,43,43,39,28,28,28,28,28,28,28,52,25,66,50,50,50,50,47,47,24,24,24,0],"gold":32,"neow_bonus":"RANDOM_COMMON_RELIC","is_prod":false,"is_daily":false,"chose_seed":false,"campfire_upgraded":5,"win_rate":0,"timestamp":1551649238,"path_taken":["M","?","?","M","M","R","M","?","T","R","$","M","R","?","R","BOSS","M","?","?","$","M","R","M","R","T","E"],"build_version":"2019-01-23","purchased_purges":2,"victory":false,"max_hp_per_floor":[75,75,75,75,75,75,75,75,75,75,75,80,80,80,80,80,80,80,80,80,80,80,80,80,80,80,80],"card_choices":[{"not_picked":["Barrage","Steam Power"],"picked":"Hologram","floor":1},{"not_picked":["Doom and Gloom","Storm"],"picked":"Streamline","floor":4},{"not_picked":["Compile Driver","Go for the Eyes"],"picked":"Auto Shields","floor":5},{"not_picked":["White Noise","Gash"],"picked":"Defragment","floor":7},{"not_picked":["Self Repair","Beam Cell+1"],"picked":"Loop","floor":12},{"not_picked":["Amplify","Buffer"],"picked":"Hyperbeam+1","floor":16},{"not_picked":[],"picked":"Tempest","floor":18},{"not_picked":["Darkness"],"picked":"SKIP","floor":22},{"not_picked":[],"picked":"Redo+1","floor":24}],"player_experience":388342,"relics_obtained":[{"floor":3,"key":"MawBank"},{"floor":9,"key":"Molten Egg 2"},{"floor":26,"key":"Toxic Egg 2"}],"event_choices":[{"cards_removed":["Strike_B"],"damage_healed":0,"gold_gain":0,"player_choice":"Card Removal","damage_taken":0,"max_hp_gain":0,"max_hp_loss":0,"event_name":"The Cleric","floor":2,"gold_loss":50},{"damage_healed":0,"gold_gain":75,"player_choice":"Gather Gold","damage_taken":11,"max_hp_gain":0,"max_hp_loss":0,"event_name":"World of Goop","floor":8,"gold_loss":0},{"damage_healed":0,"gold_gain":175,"player_choice":"AGREE","damage_taken":0,"max_hp_gain":0,"max_hp_loss":0,"event_name":"Liars Game","floor":14,"gold_loss":0,"cards_obtained":["Doubt"]},{"damage_healed":0,"gold_gain":0,"player_choice":"Got Potions","damage_taken":0,"max_hp_gain":0,"max_hp_loss":0,"event_name":"Lab","floor":19,"gold_loss":0}],"is_beta":false,"boss_relics":[{"not_picked":["Runic Pyramid","Black Star"],"picked":"Busted Crown"}],"items_purged_floors":[20,21],"is_endless":false,"potions_floor_spawned":[1,7,16,18,22],"killed_by":"Gremlin Leader","ascension_level":6}