{"gold_per_floor":[114,114,128,128,142,142,174,174,174,174,185,185,240,252,252,349,349,361,371,371,384,118,118,151,151,174,208,218,218,230,247,247,343,343,356,356,356,456,11,43,43,75,75,86,86,86,101,121,121,121],"floor_reached":51,"playtime":5308,"items_purged":["Pain","Injury"],"score":1143,"play_id":"357013ee-8cd6-49fd-ba8d-797e73659143","local_time":"20190313222714","is_ascension_mode":true,"campfire_choices":[{"data":"Noxious Fumes","floor":6.0,"key":"SMITH"},{"floor":8.0,"key":"REST"},{"data":"Neutralize","floor":10.0,"key":"SMITH"},{"data":"Survivor","floor":12.0,"key":"SMITH"},{"floor":15.0,"key":"REST"},{"floor":23.0,"key":"REST"},{"floor":25.0,"key":"REST"},{"floor":29.0,"key":"REST"},{"floor":32.0,"key":"REST"},{"floor":41,"key":"REST"},{"floor":46,"key":"REST"},{"data":"Dash","floor":49,"key":"SMITH"}],"neow_cost":"NONE","seed_source_timestamp":76290089209252,"circlet_count":0,"master_deck":["AscendersBane","Defend_G","Defend_G","Defend_G","Defend_G","Defend_G","Strike_G","Strike_G","Strike_G","Strike_G","Survivor+1","Neutralize+1","Noxious Fumes+1","Dagger Throw","Slice","Poisoned Stab","Well Laid Plans","Riddle With Holes","Leg Sweep","Corpse Explosion","Dagger Throw","Backflip","Corpse Explosion","Acrobatics+1","Parasite","Tools of the Trade","Dash+1","Infinite Blades","After Image","Catalyst","Infinite Blades+1","Deflect+1","Parasite","A Thousand Cuts","Shame","Backflip+1","Backstab+1"],"special_seed":0,"relics":["Ring of the Snake","Ancient Tea Set","Gremlin Horn","Boot","Potion Belt","Cursed Key","WarpedTongs","Sling","Shuriken","PreservedInsect","Vajra","Sozu","Darkstone Periapt","Gambling Chip","ClockworkSouvenir","Pen Nib","Pantograph","Bag of Preparation","Dodecahedron","Tingsha"],"potions_floor_usage":[],"damage_taken":[{"damage":0.0,"enemies":"Small Slimes","floor":1.0,"turns":3.0},{"damage":1.0,"enemies":"Jaw Worm","floor":3.0,"turns":6.0},{"damage":0.0,"enemies":"Cultist","floor":5.0,"turns":4.0},{"damage":49.0,"enemies":"Gremlin Nob","floor":7.0,"turns":5.0},{"damage":1.0,"enemies":"Red Slaver","floor":11.0,"turns":4.0},{"damage":16.0,"enemies":"Gremlin Nob","floor":13.0,"turns":4.0},{"damage":0.0,"enemies":"2 Fungi Beasts","floor":14.0,"turns":3.0},{"damage":12.0,"enemies":"Hexaghost","floor":16.0,"turns":10.0},{"damage":18.0,"enemies":"2 Thieves","floor":18.0,"turns":4.0},{"damage":22.0,"enemies":"Spheric Guardian","floor":19.0,"turns":6.0},{"damage":10.0,"enemies":"Shelled Parasite and Fungi","floor":21.0,"turns":6.0},{"damage":0.0,"enemies":"Gremlin Leader","floor":24.0,"turns":3.0},{"damage":35.0,"enemies":"Book of Stabbing","floor":27.0,"turns":5.0},{"damage":10.0,"enemies":"Chosen and Byrds","floor":28.0,"turns":6.0},{"damage":9.0,"enemies":"Snake Plant","floor":30.0,"turns":4.0},{"damage":0.0,"enemies":"Snecko","floor":31.0,"turns":4.0},{"damage":8.0,"enemies":"Champ","floor":33.0,"turns":11.0},{"damage":1.0,"enemies":"3 Shapes","floor":35.0,"turns":3.0},{"damage":0.0,"enemies":"Mind Bloom Boss Battle","floor":38.0,"turns":6.0},{"damage":19,"enemies":"Giant Head","floor":40,"turns":8},{"damage":26,"enemies":"Nemesis","floor":42,"turns":5},{"damage":0,"enemies":"Orb Walker","floor":44,"turns":3},{"damage":0,"enemies":"4 Shapes","floor":47,"turns":4},{"damage":19,"enemies":"Transient","floor":48,"turns":5},{"damage":52,"enemies":"Time Eater","floor":50,"turns":12}],"seed_played":"6216830481815284436","potions_obtained":[{"floor":3.0,"key":"SkillPotion"},{"floor":5.0,"key":"SkillPotion"},{"floor":14.0,"key":"GamblersBrew"},{"floor":16.0,"key":"Dexterity Potion"},{"floor":19.0,"key":"GamblersBrew"},{"floor":21.0,"key":"AttackPotion"},{"floor":28.0,"key":"LiquidBronze"},{"floor":30.0,"key":"SpeedPotion"}],"is_trial":false,"path_per_floor":["M","?","M","?","M","R","E","R","T","R","M","R","?","M","R","B",null,"M","M","?","M","$","R","E","R","T","E","M","R","M","M","R","B",null,"M","?","T","?","$","E","R","E","T","M","T","R","M","M","R","B",null],"character_chosen":"THE_SILENT","items_purchased":["Sling","ClockworkSouvenir","Pen Nib"],"campfire_rested":8,"item_purchase_floors":[22,39,39],"current_hp_per_floor":[63,56,55,55,55,55,6,27,27,27,26,26,10,10,31,19,57,39,17,17,7,7,28,28,49,49,14,4,25,16,16,37,29,60,59,59,59,59,59,40,61,35,41,41,47,71,71,52,52,25],"gold":121,"neow_bonus":"RANDOM_COMMON_RELIC","is_prod":false,"is_daily":false,"chose_seed":false,"campfire_upgraded":4,"win_rate":0,"timestamp":1552541234,"path_taken":["M","?","M","?","M","R","E","R","T","R","M","R","?","M","R","BOSS","M","M","?","?","?","R","E","R","T","E","M","R","M","M","R","BOSS","M","?","?","?","$","E","R","E","T","M","?","R","M","M","R","BOSS"],"build_version":"2019-01-23","purchased_purges":2,"victory":true,"max_hp_per_floor":[70,70,70,70,70,70,70,70,70,70,70,70,70,70,70,70,70,70,70,70,70,70,70,70,70,70,70,70,70,70,70,70,70,70,70,70,70,70,70,70,70,70,76,76,82,82,82,82,82,82],"card_choices":[{"not_picked":["Dodge and Roll","Predator"],"picked":"Noxious Fumes","floor":1.0},{"not_picked":["Outmaneuver","Expertise"],"picked":"Acrobatics","floor":3.0},{"not_picked":["Concentrate","Blur"],"picked":"Slice","floor":5.0},{"not_picked":["Backflip","Blade Dance"],"picked":"Poisoned Stab","floor":7.0},{"not_picked":["Predator","Skewer"],"picked":"Well Laid Plans","floor":11.0},{"not_picked":["Calculated Gamble","Distraction"],"picked":"Riddle With Holes","floor":13.0},{"not_picked":["Flechettes","Acrobatics"],"picked":"Leg Sweep","floor":14.0},{"not_picked":["Night Terror","Adrenaline"],"picked":"Corpse Explosion","floor":16.0},{"not_picked":["Deflect","Dodge and Roll"],"picked":"Dagger Throw","floor":18.0},{"not_picked":["Cloak And Dagger","Terror"],"picked":"Backflip","floor":19.0},{"not_picked":["Deadly Poison","Dagger Spray"],"picked":"Corpse Explosion","floor":21.0},{"not_picked":["Outmaneuver","Expertise+1"],"picked":"Acrobatics+1","floor":24.0},{"not_picked":["Choke","Blade Dance"],"picked":"Tools of the Trade","floor":27.0},{"not_picked":["Outmaneuver","Expertise"],"picked":"Dash","floor":28.0},{"not_picked":["Outmaneuver","Expertise+1","Dagger Spray+1"],"picked":"SKIP","floor":30.0},{"not_picked":["Dagger Spray","Flechettes"],"picked":"Infinite Blades","floor":31.0},{"not_picked":["Glass Knife","Corpse Explosion"],"picked":"After Image","floor":33.0},{"not_picked":["Dagger Spray","Sucker Punch","Dodge and Roll"],"picked":"SKIP","floor":35.0},{"not_picked":["Riddle With Holes+1","PiercingWail"],"picked":"Catalyst","floor":38.0},{"not_picked":["Sucker Punch+1","PiercingWail"],"picked":"Infinite Blades+1","floor":40},{"not_picked":["Choke","Calculated Gamble"],"picked":"Deflect+1","floor":42},{"not_picked":["Blade Dance","Dagger Spray+1"],"picked":"A Thousand Cuts","floor":44},{"not_picked":["Sucker Punch","Dodge and Roll"],"picked":"Backflip+1","floor":47},{"not_picked":["Deflect+1","Escape Plan"],"picked":"Backstab+1","floor":48}],"player_experience":479782,"relics_obtained":[{"floor":7.0,"key":"Gremlin Horn"},{"floor":9.0,"key":"Boot"},{"floor":13.0,"key":"Potion Belt"},{"floor":24.0,"key":"Shuriken"},{"floor":26.0,"key":"PreservedInsect"},{"floor":27.0,"key":"Vajra"},{"floor":37.0,"key":"Darkstone Periapt"},{"floor":38.0,"key":"Gambling Chip"},{"floor":40,"key":"Pantograph"},{"floor":42,"key":"Bag of Preparation"},{"floor":43,"key":"Dodecahedron"},{"floor":45,"key":"Tingsha"}],"event_choices":[{"cards_removed":["Strike_G"],"damage_healed":0.0,"max_hp_gain":0.0,"max_hp_loss":0.0,"gold_gain":0.0,"event_name":"Golden Wing","player_choice":"Card Removal","floor":2.0,"gold_loss":0.0,"damage_taken":7.0},{"damage_healed":0.0,"max_hp_gain":0.0,"max_hp_loss":0.0,"gold_gain":0.0,"cards_transformed":["Acrobatics"],"event_name":"Living Wall","player_choice":"Change","floor":4.0,"gold_loss":0.0,"damage_taken":0.0,"cards_obtained":["Dagger Throw"]},{"damage_healed":0.0,"max_hp_gain":0.0,"max_hp_loss":0.0,"gold_gain":0.0,"event_name":"Dead Adventurer","player_choice":"Searched \u00271\u0027 times","floor":13.0,"gold_loss":0.0,"damage_taken":0.0},{"damage_healed":0.0,"max_hp_gain":0.0,"max_hp_loss":0.0,"gold_gain":0.0,"event_name":"Accursed Blacksmith","player_choice":"Rummage","floor":20.0,"gold_loss":0.0,"damage_taken":0.0,"relics_obtained":["WarpedTongs"],"cards_obtained":["Pain"]},{"damage_healed":0.0,"max_hp_gain":0.0,"max_hp_loss":0.0,"gold_gain":0.0,"event_name":"Mysterious Sphere","player_choice":"Ignored","floor":36.0,"gold_loss":0.0,"damage_taken":0.0},{"damage_healed":0.0,"max_hp_gain":0.0,"max_hp_loss":0.0,"gold_gain":0.0,"event_name":"MindBloom","player_choice":"Fight","floor":38.0,"gold_loss":0.0,"damage_taken":0.0}],"is_beta":false,"boss_relics":[{"not_picked":["Calling Bell","Ring of the Serpent"],"picked":"Cursed Key"},{"not_picked":["Runic Pyramid","WristBlade"],"picked":"Sozu"}],"items_purged_floors":[22,39],"is_endless":false,"potions_floor_spawned":[3,5,14,16,19,21,28,30,35,40],"ascension_level":10}