{"gold_per_floor":[114,127,137,155,155,155,179,354,378,378,396,408,483,500,500,603,603,620,620,635,635,648,648,499,399,469,56,56,73,73,73,73,178,178,194,194,194,44,64,64,98,98,98,198,198,217,251,49,49,49],"floor_reached":51,"playtime":1264,"items_purged":["Doubt","Strike_R","Strike_R","Pain"],"score":743,"play_id":"f61ed170-1162-4d9e-bc47-07e7da09a67e","local_time":"20190321011318","is_ascension_mode":false,"campfire_choices":[{"data":"Bludgeon","floor":6.0,"key":"SMITH"},{"data":"Whirlwind","floor":10.0,"key":"SMITH"},{"data":"Bash","floor":15.0,"key":"SMITH"},{"floor":28,"key":"REST"},{"floor":32,"key":"REST"},{"floor":40,"key":"REST"},{"floor":42,"key":"REST"},{"floor":45,"key":"REST"},{"floor":49,"key":"REST"}],"neow_cost":"TEN_PERCENT_HP_LOSS","seed_source_timestamp":56956002204880,"circlet_count":0,"master_deck":["Strike_R","Strike_R","Strike_R","Defend_R+1","Defend_R+1","Defend_R","Defend_R+1","Bash+1","Bludgeon+1","Metallicize","Shrug It Off+1","Carnage","Whirlwind+1","Bludgeon","Armaments+1","Clothesline","Armaments+1","Whirlwind","Battle Trance","Limit Break+1","Clothesline+1","Offering","Havoc+1","Madness","Madness","Spot Weakness+1","Corruption","Heavy Blade","Uppercut","Shrug It Off+1"],"special_seed":0,"relics":["Burning Blood","Odd Mushroom","War Paint","Fusion Hammer","Juzu Bracelet","Matryoshka","ClockworkSouvenir","Runic Cube","WarpedTongs","PreservedInsect","Vajra","Champion Belt","Unceasing Top","Self Forming Clay","Chemical X"],"potions_floor_usage":[33,50,50,50],"damage_taken":[{"damage":0.0,"enemies":"Cultist","floor":1.0,"turns":2.0},{"damage":5.0,"enemies":"Small Slimes","floor":2.0,"turns":2.0},{"damage":1.0,"enemies":"Jaw Worm","floor":3.0,"turns":4.0},{"damage":2.0,"enemies":"3 Louse","floor":4.0,"turns":4.0},{"damage":6.0,"enemies":"The Mushroom Lair","floor":7.0,"turns":6.0},{"damage":2.0,"enemies":"Large Slime","floor":11.0,"turns":5.0},{"damage":5.0,"enemies":"Exordium Wildlife","floor":12.0,"turns":2.0},{"damage":4.0,"enemies":"Blue Slaver","floor":14.0,"turns":4.0},{"damage":20.0,"enemies":"Slime Boss","floor":16.0,"turns":8.0},{"damage":0.0,"enemies":"Chosen","floor":18.0,"turns":3.0},{"damage":10.0,"enemies":"2 Thieves","floor":20.0,"turns":3.0},{"damage":19,"enemies":"Sentry and Sphere","floor":22,"turns":4},{"damage":3,"enemies":"Snecko","floor":29,"turns":5},{"damage":57,"enemies":"Collector","floor":33,"turns":12},{"damage":8,"enemies":"Orb Walker","floor":35,"turns":2},{"damage":13,"enemies":"3 Darklings","floor":39,"turns":3},{"damage":49,"enemies":"Nemesis","floor":41,"turns":9},{"damage":21,"enemies":"Mind Bloom Boss Battle","floor":44,"turns":5},{"damage":15,"enemies":"Transient","floor":46,"turns":5},{"damage":19,"enemies":"Giant Head","floor":47,"turns":4},{"damage":24,"enemies":"Awakened One","floor":50,"turns":10}],"seed_played":"1549611401732171845","potions_obtained":[{"floor":1.0,"key":"SteroidPotion"},{"floor":3.0,"key":"Poison Potion"},{"floor":4.0,"key":"Weak Potion"},{"floor":7.0,"key":"Poison Potion"},{"floor":18.0,"key":"Block Potion"},{"floor":33,"key":"Poison Potion"},{"floor":41,"key":"SpeedPotion"},{"floor":47,"key":"Poison Potion"}],"is_trial":false,"path_per_floor":["M","M","M","M","?","R","?","?","T","R","M","M","?","M","R","B",null,"M","?","M","?","M","?","$","$","T","$","R","M","?","?","R","B",null,"M","?","?","$","M","R","E","R","T","?","R","M","E","$","R","B",null],"character_chosen":"IRONCLAD","items_purchased":["Battle Trance","Limit Break","ClockworkSouvenir","Chemical X"],"campfire_rested":6,"item_purchase_floors":[24,27,27,48],"current_hp_per_floor":[72,72,72,72,58,58,58,58,58,58,62,63,52,54,54,40,72,72,72,68,68,55,55,55,55,55,55,72,72,59,59,77,26,77,75,65,65,65,58,77,34,57,57,42,65,56,43,43,66,48],"gold":49,"neow_bonus":"THREE_RARE_CARDS","is_prod":false,"is_daily":false,"chose_seed":false,"campfire_upgraded":3,"win_rate":0,"timestamp":1553152398,"path_taken":["M","M","M","?","?","R","?","?","T","R","M","M","?","?","R","BOSS","M","?","?","?","M","?","?","$","T","$","R","M","?","?","R","BOSS","M","?","?","$","M","R","E","R","T","?","R","M","E","$","R","BOSS"],"build_version":"2019-01-23","purchased_purges":4,"victory":true,"max_hp_per_floor":[72,72,72,72,72,72,72,72,72,72,72,72,72,72,72,72,72,72,72,72,72,72,72,72,72,72,72,72,72,77,77,77,77,77,77,77,77,77,77,77,77,77,77,77,77,77,77,77,77,77],"card_choices":[{"not_picked":["Dark Embrace","Impervious"],"picked":"Bludgeon","floor":0.0},{"not_picked":["Anger","Sentinel"],"picked":"Metallicize","floor":1.0},{"not_picked":["Clothesline","Heavy Blade"],"picked":"Shrug It Off","floor":2.0},{"not_picked":["Power Through","Pommel Strike","Entrench"],"picked":"SKIP","floor":3.0},{"not_picked":["Thunderclap","Hemokinesis"],"picked":"Carnage","floor":4.0},{"not_picked":["Spot Weakness","Body Slam"],"picked":"Whirlwind","floor":7.0},{"not_picked":["Second Wind","Rage","Ghostly Armor"],"picked":"SKIP","floor":11.0},{"not_picked":["Corruption","Perfected Strike","Body Slam"],"picked":"SKIP","floor":12.0},{"not_picked":["Clothesline","Hemokinesis","Cleave"],"picked":"SKIP","floor":14.0},{"not_picked":["Juggernaut","Barricade"],"picked":"Bludgeon","floor":16.0},{"not_picked":["Warcry","Headbutt"],"picked":"Armaments+1","floor":18.0},{"not_picked":["Anger","Clothesline","Rupture"],"picked":"SKIP","floor":20.0},{"not_picked":["Anger","Rupture"],"picked":"Clothesline","floor":20.0},{"not_picked":["Thunderclap","Double Tap"],"picked":"Armaments+1","floor":22},{"not_picked":["Armaments","Sword Boomerang"],"picked":"Clothesline+1","floor":29},{"not_picked":["Feed","Dark Embrace"],"picked":"Offering","floor":33},{"not_picked":["Iron Wave+1","Rampage+1"],"picked":"Havoc+1","floor":35},{"not_picked":["Havoc","Flex"],"picked":"Spot Weakness+1","floor":39},{"not_picked":["True Grit","Havoc+1"],"picked":"Corruption","floor":41},{"not_picked":["Fire Breathing","Headbutt"],"picked":"Heavy Blade","floor":44},{"not_picked":["Body Slam+1","Hemokinesis"],"picked":"Uppercut","floor":46},{"not_picked":["Impervious","Rampage+1"],"picked":"Shrug It Off+1","floor":47}],"player_experience":1095305,"relics_obtained":[{"floor":7.0,"key":"Odd Mushroom"},{"floor":9.0,"key":"War Paint"},{"floor":26,"key":"Matryoshka"},{"floor":41,"key":"PreservedInsect"},{"floor":43,"key":"Vajra"},{"floor":43,"key":"Champion Belt"},{"floor":44,"key":"Unceasing Top"},{"floor":47,"key":"Self Forming Clay"}],"event_choices":[{"damage_healed":0.0,"max_hp_gain":0.0,"max_hp_loss":0.0,"gold_gain":0.0,"event_name":"Shining Light","player_choice":"Entered Light","floor":5.0,"gold_loss":0.0,"damage_taken":14.0,"cards_upgraded":["Defend_R","Defend_R"]},{"damage_healed":0.0,"max_hp_gain":0.0,"max_hp_loss":0.0,"gold_gain":0.0,"event_name":"Mushrooms","player_choice":"Fought Mushrooms","floor":7.0,"gold_loss":0.0,"damage_taken":0.0},{"damage_healed":0.0,"max_hp_gain":0.0,"max_hp_loss":0.0,"gold_gain":175.0,"event_name":"Liars Game","player_choice":"AGREE","floor":8.0,"gold_loss":0.0,"damage_taken":0.0,"cards_obtained":["Doubt"]},{"damage_healed":0.0,"max_hp_gain":0.0,"max_hp_loss":0.0,"gold_gain":75.0,"event_name":"World of Goop","player_choice":"Gather Gold","floor":13.0,"gold_loss":0.0,"damage_taken":11.0},{"damage_healed":0.0,"max_hp_gain":0.0,"max_hp_loss":0.0,"gold_gain":0.0,"event_name":"Match and Keep!","player_choice":"0 cards matched","floor":19.0,"gold_loss":0.0,"damage_taken":0.0,"cards_obtained":[]},{"damage_healed":0.0,"max_hp_gain":0.0,"max_hp_loss":0.0,"gold_gain":0.0,"event_name":"The Mausoleum","player_choice":"Opened","floor":21.0,"gold_loss":0.0,"damage_taken":0.0,"relics_obtained":["Juzu Bracelet"]},{"damage_healed":0,"gold_gain":0,"player_choice":"Read","damage_taken":0,"max_hp_gain":0,"max_hp_loss":0,"event_name":"The Library","floor":23,"gold_loss":0,"cards_obtained":["Whirlwind"]},{"damage_healed":0,"gold_gain":0,"player_choice":"Shed Blood","damage_taken":18,"max_hp_gain":5,"max_hp_loss":0,"event_name":"Forgotten Altar","floor":30,"gold_loss":0},{"damage_healed":0,"gold_gain":0,"player_choice":"Upgraded","damage_taken":0,"max_hp_gain":0,"max_hp_loss":0,"event_name":"Upgrade Shrine","floor":31,"gold_loss":0,"cards_upgraded":["Limit Break"]},{"damage_healed":0,"gold_gain":0,"player_choice":"Embrace Madness","damage_taken":10,"max_hp_gain":0,"max_hp_loss":0,"event_name":"Winding Halls","floor":36,"gold_loss":0,"cards_obtained":["Madness","Madness"]},{"damage_healed":0,"gold_gain":0,"player_choice":"Rummage","damage_taken":0,"relics_obtained":["WarpedTongs"],"max_hp_gain":0,"max_hp_loss":0,"event_name":"Accursed Blacksmith","floor":37,"gold_loss":0,"cards_obtained":["Pain"]},{"damage_healed":0,"gold_gain":0,"player_choice":"Fight","damage_taken":0,"max_hp_gain":0,"max_hp_loss":0,"event_name":"MindBloom","floor":44,"gold_loss":0}],"is_beta":false,"boss_relics":[{"not_picked":["Tiny House","Eternal Feather"],"picked":"Fusion Hammer"},{"not_picked":["Black Star","Orrery"],"picked":"Runic Cube"}],"items_purged_floors":[24,25,27,38],"is_endless":false,"potions_floor_spawned":[1,3,4,7,11,18,33,41,47],"ascension_level":0}