{"gold_per_floor":[115,135,151,161,161,161,196,81,132,407,57,57,71,89,89,193,193,213,224,257,280,290,317,317,336,336,356,373,373,373,406,418,532,544,567,579,277,277,292,292,322,544,544,53,53,87,18,48,48,48],"floor_reached":51,"playtime":3449,"items_purged":["Strike_B","Regret","Strike_B","Defend_B"],"score":870,"play_id":"a987e25f-f4a1-4fba-8a10-e84bbf57a68b","local_time":"20180924224938","is_ascension_mode":true,"campfire_choices":[{"floor":6,"key":"REST"},{"data":"Zap","floor":12,"key":"SMITH"},{"data":"Defragment","floor":15,"key":"SMITH"},{"data":"Electrodynamics","floor":24,"key":"SMITH"},{"floor":32,"key":"REST"},{"data":"Machine Learning","floor":40,"key":"SMITH"},{"floor":45,"key":"REST"},{"floor":49,"key":"REST"}],"neow_cost":"","seed_source_timestamp":994058037586692,"circlet_count":0,"master_deck":["Strike_B+1","Defend_B","Defend_B","Zap+1","Dualcast","Leap","Darkness","Fusion+1","Conserve Battery","FTL","FTL","Rebound","Defragment+1","Electrodynamics+1","Ball Lightning","Lockon+1","Chaos+1","Compile Driver","Sweeping Beam","FTL","Defragment","Core Surge","Machine Learning+1","Coolheaded+1","Madness","Madness","Defragment","Flash of Steel","Apotheosis","Defragment","Leap+1","Static Discharge","Auto Shields+1"],"relics":["Cracked Core","Meat on the Bone","Happy Flower","Mercury Hourglass","Nuclear Battery","Red Mask","Lantern","Omamori","Boot","MutagenicStrength","Bronze Scales","MawBank","Empty Cage","Bag of Preparation","Thread and Needle","Bottled Tornado","Kunai","Juzu Bracelet"],"potions_floor_usage":[16,20,31,50,50,50,50,50,50],"damage_taken":[{"damage":0,"enemies":"Small Slimes","floor":1,"turns":2},{"damage":3,"enemies":"2 Louse","floor":2,"turns":3},{"damage":1,"enemies":"Cultist","floor":3,"turns":3},{"damage":3,"enemies":"Looter","floor":4,"turns":3},{"damage":22,"enemies":"Lagavulin","floor":7,"turns":7},{"damage":13,"enemies":"Gremlin Gang","floor":13,"turns":3},{"damage":4,"enemies":"Red Slaver","floor":14,"turns":3},{"damage":19,"enemies":"Hexaghost","floor":16,"turns":9},{"damage":16,"enemies":"2 Thieves","floor":18,"turns":3},{"damage":12,"enemies":"Chosen","floor":19,"turns":3},{"damage":11,"enemies":"Masked Bandits","floor":20,"turns":3},{"damage":6,"enemies":"Centurion and Healer","floor":22,"turns":3},{"damage":25,"enemies":"Gremlin Leader","floor":23,"turns":5},{"damage":13,"enemies":"Snecko","floor":25,"turns":3},{"damage":13,"enemies":"Snake Plant","floor":27,"turns":2},{"damage":0,"enemies":"Chosen and Byrds","floor":28,"turns":3},{"damage":12,"enemies":"Slavers","floor":31,"turns":2},{"damage":29,"enemies":"Collector","floor":33,"turns":5},{"damage":4,"enemies":"3 Shapes","floor":35,"turns":3},{"damage":9,"enemies":"3 Darklings","floor":39,"turns":2},{"damage":38,"enemies":"Nemesis","floor":41,"turns":6},{"damage":4,"enemies":"Giant Head","floor":46,"turns":6},{"damage":15,"enemies":"Nemesis","floor":48,"turns":5},{"damage":52,"enemies":"Awakened One","floor":50,"turns":7}],"seed_played":"-5693181981041604762","potions_obtained":[{"floor":3,"key":"GamblersBrew"},{"floor":7,"key":"Energy Potion"},{"floor":13,"key":"Fire Potion"},{"floor":16,"key":"FearPotion"},{"floor":20,"key":"Ancient Potion"},{"floor":31,"key":"FearPotion"},{"floor":35,"key":"EntropicBrew"},{"floor":48,"key":"PowerPotion"}],"is_trial":false,"path_per_floor":["M","M","M","M","?","R","E","$","T","?","$","R","M","M","R","B",null,"M","M","?","T","M","E","R","M","T","M","M","?","?","E","R","B",null,"M","?","$","?","M","R","E","?","T","$","R","E","$","E","R","B"],"character_chosen":"DEFECT","items_purchased":["FTL","Mercury Hourglass","Bag of Preparation","Defragment","Flash of Steel","Apotheosis","Defragment","Static Discharge"],"campfire_rested":4,"item_purchase_floors":[8,11,37,37,44,44,44,47],"current_hp_per_floor":[75,72,71,68,53,75,53,53,53,53,53,53,40,48,48,41,75,59,47,48,48,42,29,29,28,28,27,39,39,39,39,61,44,75,71,62,62,62,53,53,27,27,27,27,49,45,45,42,64,39],"gold":48,"neow_bonus":"","is_prod":false,"is_daily":false,"chose_seed":false,"campfire_upgraded":4,"win_rate":0,"timestamp":1537854578,"path_taken":["M","M","M","M","?","R","E","$","T","?","$","R","M","M","R","BOSS","M","M","?","?","M","E","R","M","T","?","M","?","?","E","R","BOSS","M","?","$","?","M","R","E","?","T","?","R","E","$","E","R","BOSS"],"build_version":"2018-09-20","purchased_purges":4,"victory":true,"max_hp_per_floor":[75,75,75,75,75,75,75,75,75,75,75,75,75,75,75,75,75,75,75,75,75,75,75,75,75,75,75,75,75,75,75,75,75,75,75,75,75,75,75,75,75,75,75,75,75,75,75,75,75,75],"card_choices":[{"not_picked":["Streamline","Reinforced Body"],"picked":"Leap","floor":1},{"not_picked":["Compile Driver","Barrage"],"picked":"Darkness","floor":2},{"not_picked":["Heatsinks","Ball Lightning"],"picked":"Fusion","floor":3},{"not_picked":["Ball Lightning","Hologram"],"picked":"Conserve Battery","floor":4},{"not_picked":["Turbo","Barrage"],"picked":"FTL","floor":7},{"not_picked":["Ball Lightning","Double Energy"],"picked":"Rebound","floor":13},{"not_picked":["Double Energy","Go for the Eyes"],"picked":"Defragment","floor":14},{"not_picked":["Hyperbeam","Meteor Strike"],"picked":"Electrodynamics","floor":16},{"not_picked":["Hologram","Force Field"],"picked":"Ball Lightning","floor":18},{"not_picked":["Conserve Battery","Steam Power"],"picked":"Lockon+1","floor":19},{"not_picked":["Leap+1","Coolheaded+1"],"picked":"Chaos+1","floor":20},{"not_picked":["Cold Snap","Lockon"],"picked":"Compile Driver","floor":22},{"not_picked":["Sunder","Lockon"],"picked":"Sweeping Beam","floor":23},{"not_picked":["Steam","Compile Driver+1"],"picked":"FTL","floor":25},{"not_picked":["Cold Snap","Glacier","Go for the Eyes"],"picked":"SKIP","floor":27},{"not_picked":["Static Discharge","Barrage+1"],"picked":"Defragment","floor":28},{"not_picked":["Stack","Blizzard"],"picked":"Core Surge","floor":31},{"not_picked":["Buffer","Hyperbeam"],"picked":"Machine Learning","floor":33},{"not_picked":["Ball Lightning","Streamline"],"picked":"Coolheaded+1","floor":35},{"not_picked":["Double Energy","Streamline+1","Core Surge"],"picked":"SKIP","floor":39},{"not_picked":["Meteor Strike","Hologram","Blizzard"],"picked":"SKIP","floor":41},{"not_picked":["Hologram+1","Buffer"],"picked":"Leap+1","floor":46},{"not_picked":["Cold Snap+1","Sweeping Beam+1"],"picked":"Auto Shields+1","floor":48}],"player_experience":148063,"relics_obtained":[{"floor":7,"key":"Meat on the Bone"},{"floor":9,"key":"Happy Flower"},{"floor":20,"key":"Red Mask"},{"floor":21,"key":"Lantern"},{"floor":23,"key":"Omamori"},{"floor":26,"key":"Boot"},{"floor":31,"key":"MawBank"},{"floor":41,"key":"Thread and Needle"},{"floor":43,"key":"Bottled Tornado"},{"floor":46,"key":"Kunai"},{"floor":48,"key":"Juzu Bracelet"}],"event_choices":[{"event_name":"Shining Light","player_choice":"Entered Light","floor":5,"damage_taken":0},{"event_name":"Golden Shrine","player_choice":"Desecrate","floor":10,"damage_taken":0},{"event_name":"Masked Bandits","player_choice":"Fought Bandits","floor":20,"damage_taken":0},{"event_name":"Drug Dealer","player_choice":"Inject Mutagens","floor":29,"damage_taken":0},{"event_name":"The Mausoleum","player_choice":"Yes","floor":30,"damage_taken":0},{"event_name":"Winding Halls","player_choice":"Embrace Madness","floor":36,"damage_taken":0},{"event_name":"The Woman in Blue","player_choice":"Bought 0 Potions","floor":38,"damage_taken":0},{"event_name":"Tomb of Lord Red Mask","player_choice":"Wore Mask","floor":42,"damage_taken":0}],"is_beta":false,"boss_relics":[{"not_picked":["Tiny House","Black Star"],"picked":"Nuclear Battery"},{"not_picked":["Pandora\u0027s Box","Velvet Choker"],"picked":"Empty Cage"}],"items_purged_floors":[8,11,37,44],"is_endless":false,"potions_floor_spawned":[3,7,13,16,20,22,28,31,35,39,48],"ascension_level":2}