{"gold_per_floor":[212,232,252,52,64,64,78,78,78,78,110,110,129,129,129,231,231,243,255,265,120,120,120,120,120,120,140,155,78,113,123,123,221,221,235,249,124,141,161,161,171,21,321,321,321,352,27,27],"floor_reached":48,"playtime":2751,"items_purged":["Defend_R","Defend_R","Anger","Defend_R+1","Writhe"],"score":559,"play_id":"f1e55291-677c-434a-ace4-a1bb6be8a722","local_time":"20180720181251","is_ascension_mode":false,"campfire_choices":[{"data":"Armaments","floor":6,"key":"SMITH"},{"data":"Combust","floor":8,"key":"SMITH"},{"data":"Bash","floor":10,"key":"SMITH"},{"data":"Perfected Strike","floor":15,"key":"SMITH"},{"data":"1","floor":23,"key":"LIFT"},{"data":"2","floor":25,"key":"LIFT"},{"floor":32,"key":"REST"},{"data":"3","floor":40,"key":"LIFT"},{"data":"Trip","floor":45,"key":"SMITH"}],"neow_cost":"NONE","seed_source_timestamp":13177444883125,"circlet_count":0,"master_deck":["Strike_R+1","Strike_R+1","Strike_R+1","Strike_R+1","Strike_R+1","Defend_R+1","Bash+1","Perfected Strike+1","Armaments+1","Cleave","Warcry","Trip+1","Shockwave","Combust+1","Twin Strike","Armaments+1","Feed","Metallicize","Twin Strike+1","Pommel Strike","Carnage+1","Pummel","J.A.X.","Rupture+1","Carnage+1","Immolate","Iron Wave+1","Pommel Strike+1","Perfected Strike","Headbutt","Perfected Strike+1","Bloodletting+1"],"relics":["Burning Blood","Ice Cream","Letter Opener","Girya","Philosopher\u0027s Stone","Strawberry","Bag of Marbles","Eternal Feather","Old Coin","Ginger","War Paint"],"potions_floor_usage":[11,16,28],"damage_taken":[{"damage":1,"enemies":"Cultist","floor":1,"turns":3},{"damage":0,"enemies":"2 Louse","floor":2,"turns":4},{"damage":15,"enemies":"Small Slimes","floor":3,"turns":3},{"damage":6,"enemies":"Red Slaver","floor":5,"turns":3},{"damage":16,"enemies":"Exordium Wildlife","floor":7,"turns":4},{"damage":10,"enemies":"3 Sentries","floor":11,"turns":4},{"damage":12,"enemies":"3 Louse","floor":13,"turns":2},{"damage":5,"enemies":"Slime Boss","floor":16,"turns":5},{"damage":33,"enemies":"3 Byrds","floor":18,"turns":4},{"damage":2,"enemies":"Chosen","floor":19,"turns":4},{"damage":8,"enemies":"Snecko","floor":20,"turns":3},{"damage":7,"enemies":"3 Cultists","floor":27,"turns":4},{"damage":25,"enemies":"Sentry and Sphere","floor":28,"turns":4},{"damage":33,"enemies":"Slavers","floor":30,"turns":3},{"damage":14,"enemies":"Snake Plant","floor":31,"turns":2},{"damage":39,"enemies":"Automaton","floor":33,"turns":6},{"damage":18,"enemies":"Flame Bruiser 1 Orb","floor":35,"turns":4},{"damage":9,"enemies":"Orb Walker","floor":36,"turns":2},{"damage":27,"enemies":"4 Shapes","floor":38,"turns":2},{"damage":25,"enemies":"Sphere and 2 Shapes","floor":39,"turns":3},{"damage":10,"enemies":"Flame Bruiser 2 Orb","floor":41,"turns":5},{"damage":49,"enemies":"2 Orb Walkers","floor":46,"turns":3},{"damage":72,"enemies":"Nemesis","floor":48,"turns":4}],"seed_played":"3825778073668783333","potions_obtained":[{"floor":1,"key":"EntropicBrew"},{"floor":3,"key":"EntropicBrew"},{"floor":5,"key":"Block Potion"},{"floor":11,"key":"SkillPotion"},{"floor":27,"key":"BloodPotion"},{"floor":31,"key":"Weak Potion"},{"floor":36,"key":"BloodPotion"},{"floor":39,"key":"Strength Potion"}],"is_trial":false,"path_per_floor":["M","M","M","$","M","R","M","R","T","R","E","?","M","?","R","B",null,"M","M","M","$","?","R","?","R","T","M","M","?","E","M","R","B",null,"M","M","$","M","M","R","M","$","T","?","R","E","$"],"character_chosen":"IRONCLAD","items_purchased":["Warcry","Trip","Pommel Strike","War Paint"],"campfire_rested":1,"item_purchase_floors":[4,4,21,47],"current_hp_per_floor":[80,80,71,71,71,71,61,61,61,61,57,57,51,44,44,45,80,53,57,55,55,55,55,55,55,62,64,58,58,31,23,51,18,94,82,83,83,62,46,64,64,64,64,90,105,62,62,0],"gold":27,"neow_bonus":"HUNDRED_GOLD","is_prod":false,"is_daily":false,"chose_seed":false,"campfire_upgraded":5,"win_rate":0,"timestamp":1532135571,"path_taken":["M","M","M","$","M","R","M","R","T","R","E","?","?","?","R","BOSS","M","M","M","$","?","R","?","R","T","M","M","?","E","?","R","BOSS","M","M","$","M","M","R","M","$","T","?","R","E","$","E"],"build_version":"2018-07-19v2","purchased_purges":5,"victory":false,"max_hp_per_floor":[80,80,80,80,80,80,80,80,80,80,80,80,80,80,80,80,80,80,80,80,80,80,80,80,80,87,90,94,94,94,94,94,94,94,94,98,98,98,101,101,105,105,105,105,105,105,105,105],"card_choices":[{"not_picked":["Burning Pact","Seeing Red"],"picked":"Perfected Strike","floor":1},{"not_picked":["Whirlwind","Sword Boomerang"],"picked":"Armaments","floor":2},{"not_picked":["Flex","Havoc"],"picked":"Cleave","floor":3},{"not_picked":["True Grit","Sword Boomerang"],"picked":"Shockwave","floor":5},{"not_picked":["Headbutt","Warcry"],"picked":"Combust","floor":7},{"not_picked":["Dark Embrace","Dual Wield"],"picked":"Twin Strike","floor":11},{"not_picked":["Havoc","Cleave"],"picked":"Armaments","floor":13},{"not_picked":["Bludgeon","Limit Break"],"picked":"Feed","floor":16},{"not_picked":["Battle Trance","Dropkick"],"picked":"Metallicize","floor":18},{"not_picked":["Cleave","Spot Weakness"],"picked":"Twin Strike+1","floor":19},{"not_picked":["Shrug It Off","Rampage+1"],"picked":"Anger","floor":20},{"not_picked":["Sword Boomerang","Flex"],"picked":"Carnage+1","floor":27},{"not_picked":["Uppercut","Iron Wave"],"picked":"Pummel","floor":28},{"not_picked":["Headbutt","Armaments"],"picked":"Rupture+1","floor":30},{"not_picked":["Feel No Pain","Flame Barrier"],"picked":"Carnage+1","floor":31},{"not_picked":["Berserk","Barricade"],"picked":"Immolate","floor":33},{"not_picked":["Feel No Pain","Whirlwind"],"picked":"Iron Wave+1","floor":35},{"not_picked":["Spot Weakness+1","Flex"],"picked":"Pommel Strike+1","floor":36},{"not_picked":["Inflame+1","Armaments+1"],"picked":"Perfected Strike","floor":38},{"not_picked":["Body Slam","Evolve+1"],"picked":"Headbutt","floor":39},{"not_picked":["Cleave","True Grit"],"picked":"Perfected Strike+1","floor":41},{"not_picked":["Anger","Headbutt"],"picked":"Bloodletting","floor":46}],"player_experience":41269,"relics_obtained":[{"floor":9,"key":"Ice Cream"},{"floor":11,"key":"Letter Opener"},{"floor":26,"key":"Strawberry"},{"floor":30,"key":"Bag of Marbles"},{"floor":43,"key":"Old Coin"},{"floor":46,"key":"Ginger"}],"event_choices":[{"event_name":"The Woman in Blue","player_choice":"Bought 0 Potions","floor":12,"damage_taken":0},{"event_name":"Scrap Ooze","player_choice":"success","floor":14,"damage_taken":7},{"event_name":"Vampires","player_choice":"Ignored","floor":22,"damage_taken":0},{"event_name":"Back to Basics","player_choice":"Simplicity","floor":24,"damage_taken":0},{"event_name":"Drug Dealer","player_choice":"Got JAXXED","floor":29,"damage_taken":0},{"event_name":"Winding Halls","player_choice":"Writhe","floor":44,"damage_taken":0}],"is_beta":false,"boss_relics":[{"not_picked":["Fusion Hammer","Lizard Tail"],"picked":"Philosopher\u0027s Stone"},{"not_picked":["Runic Pyramid","Black Star"],"picked":"Eternal Feather"}],"items_purged_floors":[4,21,37,42,47],"is_endless":false,"potions_floor_spawned":[1,3,5,11,27,31,36,39],"killed_by":"Nemesis","ascension_level":0}