{"gold_per_floor":[119,119,294,314,329,329,329,329,329,342,342,357,357,388,388,513,513,483,483,68,68,68,68,68,68,68,68,68,68,68,68,68,68,68,68,68,68,18,18,18,18,18,18,18,18,18,18,18,18,18],"floor_reached":51,"playtime":902,"items_purged":["Doubt","Strike_R"],"score":717,"play_id":"914dd126-7f03-45be-b1fa-2fd515d2719e","local_time":"20190311231432","is_ascension_mode":false,"campfire_choices":[{"data":"Shockwave","floor":6,"key":"SMITH"},{"data":"Bash","floor":8,"key":"SMITH"},{"data":"Heavy Blade","floor":13,"key":"SMITH"},{"data":"Seeing Red","floor":15,"key":"SMITH"},{"data":"Discovery","floor":23,"key":"SMITH"},{"data":"Demon Form","floor":25,"key":"SMITH"},{"data":"Defend_R","floor":28,"key":"SMITH"},{"data":"Defend_R","floor":30,"key":"SMITH"},{"floor":32,"key":"REST"},{"data":"Corruption","floor":40,"key":"SMITH"},{"floor":45,"key":"REST"},{"floor":49,"key":"REST"}],"neow_cost":"NONE","seed_source_timestamp":3514970869219,"circlet_count":0,"master_deck":["Strike_R+1","Strike_R+1","Strike_R","Strike_R","Defend_R+1","Defend_R","Defend_R+1","Bash+1","Shockwave+1","Heavy Blade+1","Seeing Red+1","Twin Strike+1","Heavy Blade+1","Carnage+1","Demon Form+1","Twin Strike+1","Headbutt+1","Discovery+1","Iron Wave+1","Clothesline+1","Burning Pact+1","Pommel Strike+1","Immolate+1","Twin Strike+1","Immolate+1","Corruption+1","Shame","Writhe","Headbutt+1","True Grit+1"],"relics":["Burning Blood","NeowsBlessing","Molten Egg 2","Red Skull","Bottled Lightning","Ectoplasm","Paper Frog","Darkstone Periapt","Smiling Mask","Cursed Key","Anchor"],"potions_floor_usage":[14,24,33,33,50,50,50],"damage_taken":[{"damage":0,"enemies":"Cultist","floor":1,"turns":1},{"damage":0,"enemies":"Jaw Worm","floor":4,"turns":1},{"damage":0,"enemies":"Small Slimes","floor":5,"turns":1},{"damage":6,"enemies":"2 Fungi Beasts","floor":10,"turns":5},{"damage":6,"enemies":"3 Louse","floor":12,"turns":2},{"damage":16,"enemies":"Gremlin Nob","floor":14,"turns":3},{"damage":19,"enemies":"Slime Boss","floor":16,"turns":10},{"damage":4,"enemies":"2 Thieves","floor":18,"turns":3},{"damage":24,"enemies":"Spheric Guardian","floor":19,"turns":4},{"damage":15,"enemies":"Snake Plant","floor":21,"turns":2},{"damage":17,"enemies":"Sentry and Sphere","floor":24,"turns":4},{"damage":0,"enemies":"Gremlin Leader","floor":27,"turns":3},{"damage":0,"enemies":"Chosen and Byrds","floor":29,"turns":3},{"damage":1,"enemies":"Centurion and Healer","floor":31,"turns":4},{"damage":55,"enemies":"Automaton","floor":33,"turns":9},{"damage":11,"enemies":"3 Shapes","floor":35,"turns":2},{"damage":19,"enemies":"3 Darklings","floor":39,"turns":2},{"damage":28,"enemies":"Writhing Mass","floor":41,"turns":3},{"damage":8,"enemies":"Sphere and 2 Shapes","floor":47,"turns":3},{"damage":19,"enemies":"4 Shapes","floor":48,"turns":2},{"damage":67,"enemies":"Awakened One","floor":50,"turns":6}],"seed_played":"-9075412320991961848","potions_obtained":[{"floor":1,"key":"GamblersBrew"},{"floor":5,"key":"FearPotion"},{"floor":14,"key":"Strength Potion"},{"floor":18,"key":"AttackPotion"},{"floor":31,"key":"EssenceOfSteel"},{"floor":33,"key":"Regen Potion"},{"floor":35,"key":"AttackPotion"},{"floor":41,"key":"PowerPotion"},{"floor":47,"key":"Dexterity Potion"},{"floor":48,"key":"Strength Potion"}],"is_trial":false,"path_per_floor":["M","?","?","M","M","R","?","R","T","M","?","M","R","E","R","B",null,"M","M","$","M","?","R","M","R","T","E","R","M","R","M","R","B",null,"M","?","?","$","M","R","M","?","T","$","R","?","M","M","R","B",null],"character_chosen":"IRONCLAD","items_purchased":["Paper Frog","Discovery"],"campfire_rested":3,"item_purchase_floors":[20,20],"current_hp_per_floor":[80,64,64,70,76,76,74,74,74,74,71,71,71,61,61,48,74,74,56,56,47,47,47,36,36,36,42,42,48,48,53,74,25,74,69,69,69,69,56,56,34,34,40,40,64,86,84,71,86,25],"gold":18,"neow_bonus":"THREE_ENEMY_KILL","is_prod":false,"is_daily":false,"chose_seed":false,"campfire_upgraded":9,"win_rate":0,"timestamp":1552367672,"path_taken":["M","?","?","M","M","R","?","R","T","M","?","M","R","E","R","BOSS","M","M","$","M","?","R","M","R","T","E","R","M","R","M","R","BOSS","M","?","?","$","M","R","?","?","T","$","R","?","M","?","R","BOSS"],"build_version":"2019-01-23","purchased_purges":2,"victory":true,"max_hp_per_floor":[80,80,80,80,80,80,74,74,74,74,74,74,74,74,74,74,74,74,74,74,74,74,74,74,74,74,74,74,74,74,74,74,74,74,74,74,74,74,74,74,74,74,80,80,80,86,86,86,86,86],"card_choices":[{"not_picked":["Reckless Charge","Shrug It Off"],"picked":"Shockwave","floor":1},{"not_picked":["Pommel Strike","Twin Strike"],"picked":"Heavy Blade","floor":4},{"not_picked":["True Grit","Dropkick"],"picked":"Seeing Red","floor":5},{"not_picked":["Ghostly Armor","Disarm"],"picked":"Twin Strike+1","floor":10},{"not_picked":["Clash+1","True Grit"],"picked":"Heavy Blade+1","floor":12},{"not_picked":["Headbutt+1","Clash+1"],"picked":"Carnage+1","floor":14},{"not_picked":["Exhume","Barricade"],"picked":"Demon Form","floor":16},{"not_picked":["Warcry","Anger+1"],"picked":"Twin Strike+1","floor":18},{"not_picked":["Warcry","Sword Boomerang+1"],"picked":"Headbutt+1","floor":19},{"not_picked":["Perfected Strike+1","Dropkick+1"],"picked":"Iron Wave+1","floor":21},{"not_picked":["Heavy Blade+1","Perfected Strike+1"],"picked":"Clothesline+1","floor":24},{"not_picked":["Juggernaut","Burning Pact","Warcry"],"picked":"SKIP","floor":27},{"not_picked":["Warcry","Entrench"],"picked":"Burning Pact+1","floor":29},{"not_picked":["Clothesline+1","Second Wind"],"picked":"Pommel Strike+1","floor":31},{"not_picked":["Juggernaut","Double Tap"],"picked":"Immolate+1","floor":33},{"not_picked":["Perfected Strike+1","Feel No Pain"],"picked":"Twin Strike+1","floor":35},{"not_picked":["Warcry+1","True Grit+1"],"picked":"Corruption","floor":39},{"not_picked":["Dropkick+1","Evolve+1","Headbutt+1"],"picked":"SKIP","floor":41},{"not_picked":["Clash+1","Body Slam+1"],"picked":"Headbutt+1","floor":47},{"not_picked":["Pommel Strike+1","Thunderclap+1"],"picked":"True Grit+1","floor":48}],"player_experience":1039511,"relics_obtained":[{"floor":9,"key":"Molten Egg 2"},{"floor":14,"key":"Bottled Lightning"},{"floor":26,"key":"Darkstone Periapt"},{"floor":27,"key":"Smiling Mask"},{"floor":43,"key":"Anchor"}],"event_choices":[{"damage_healed":0,"gold_gain":0,"player_choice":"Entered Light","damage_taken":16,"max_hp_gain":0,"max_hp_loss":0,"event_name":"Shining Light","floor":2,"gold_loss":0,"cards_upgraded":["Strike_R","Strike_R"]},{"damage_healed":0,"gold_gain":175,"player_choice":"AGREE","damage_taken":0,"max_hp_gain":0,"max_hp_loss":0,"event_name":"Liars Game","floor":3,"gold_loss":0,"cards_obtained":["Doubt"]},{"damage_healed":0,"gold_gain":0,"player_choice":"Lose Max HP","damage_taken":0,"relics_obtained":["Golden Idol"],"max_hp_gain":0,"max_hp_loss":6,"event_name":"Golden Idol","floor":7,"gold_loss":0},{"damage_healed":0,"gold_gain":0,"player_choice":"Success","damage_taken":3,"relics_obtained":["Red Skull"],"max_hp_gain":0,"max_hp_loss":0,"event_name":"Scrap Ooze","floor":11,"gold_loss":0},{"damage_healed":0,"gold_gain":0,"player_choice":"Ignored","damage_taken":0,"max_hp_gain":0,"max_hp_loss":0,"event_name":"Vampires","floor":22,"gold_loss":0},{"damage_healed":0,"gold_gain":333,"player_choice":"Gave Idol","damage_taken":0,"max_hp_gain":0,"max_hp_loss":0,"event_name":"The Moai Head","floor":36,"relics_lost":["Golden Idol"],"gold_loss":0},{"damage_healed":0,"gold_gain":0,"player_choice":"Copied","damage_taken":0,"max_hp_gain":0,"max_hp_loss":0,"event_name":"Duplicator","floor":37,"gold_loss":0,"cards_obtained":["Immolate"]},{"cards_removed":["Defend_R"],"damage_healed":0,"gold_gain":0,"player_choice":"Removed Skill","damage_taken":0,"max_hp_gain":0,"max_hp_loss":0,"event_name":"Falling","floor":42,"gold_loss":0},{"damage_healed":20,"gold_gain":0,"player_choice":"Writhe","damage_taken":0,"max_hp_gain":0,"max_hp_loss":0,"event_name":"Winding Halls","floor":46,"gold_loss":0,"cards_obtained":["Writhe"]}],"is_beta":false,"boss_relics":[{"not_picked":["Orrery","Eternal Feather"],"picked":"Ectoplasm"},{"not_picked":["Tiny House","Coffee Dripper"],"picked":"Cursed Key"}],"items_purged_floors":[20,38],"is_endless":false,"potions_floor_spawned":[1,5,14,18,19,31,33,35,41,47,48],"ascension_level":0}