{"gold_per_floor":[118,129,129,145,165,165,201,201,227,247,247,268,318,362,362,482,482,501,520,520],"floor_reached":20,"playtime":911,"items_purged":[],"score":242,"play_id":"41d4b9e2-7769-4717-b0d9-33b8da3ab677","local_time":"20190221192641","is_ascension_mode":true,"campfire_choices":[{"data":"Neutralize","floor":6,"key":"SMITH"},{"floor":8,"key":"REST"},{"data":"Blade Dance","floor":11,"key":"SMITH"},{"floor":15,"key":"REST"}],"neow_cost":"NONE","seed_source_timestamp":522757530567288,"circlet_count":0,"master_deck":["Defend_G","Defend_G","Defend_G","Defend_G","Defend_G","Strike_G","Strike_G","Strike_G","Strike_G","Strike_G","Survivor","Neutralize+1","Blade Dance+1","Dagger Spray","Injury","Slice","Quick Slash","Corpse Explosion","Quick Slash","Backstab","Envenom","All Out Attack","Well Laid Plans+1"],"relics":["Ring of the Snake","Smiling Mask","Golden Idol","Omamori","Boot","Bag of Marbles","Ancient Tea Set","Eternal Feather"],"potions_floor_usage":[5,14,16],"damage_taken":[{"damage":8,"enemies":"2 Louse","floor":1,"turns":4},{"damage":2,"enemies":"Jaw Worm","floor":2,"turns":5},{"damage":0,"enemies":"Small Slimes","floor":4,"turns":3},{"damage":1,"enemies":"Exordium Thugs","floor":5,"turns":4},{"damage":27,"enemies":"Gremlin Nob","floor":7,"turns":4},{"damage":0,"enemies":"2 Fungi Beasts","floor":10,"turns":2},{"damage":1,"enemies":"Looter","floor":12,"turns":3},{"damage":17,"enemies":"Lagavulin","floor":14,"turns":4},{"damage":46,"enemies":"The Guardian","floor":16,"turns":14},{"damage":19,"enemies":"2 Thieves","floor":18,"turns":4},{"damage":22,"enemies":"Shell Parasite","floor":19,"turns":5}],"seed_played":"-4984355046142178754","potions_obtained":[{"floor":2,"key":"Energy Potion"},{"floor":10,"key":"GamblersBrew"},{"floor":14,"key":"LiquidBronze"}],"is_trial":false,"path_per_floor":["M","M","?","M","M","R","E","R","T","M","R","M","T","E","R","B",null,"M","M","?"],"character_chosen":"THE_SILENT","items_purchased":[],"campfire_rested":2,"item_purchase_floors":[],"current_hp_per_floor":[55,53,53,53,52,52,25,46,46,46,46,45,45,28,49,3,53,34,12,0],"gold":520,"neow_bonus":"RANDOM_COMMON_RELIC","is_prod":false,"is_daily":false,"chose_seed":false,"campfire_upgraded":2,"win_rate":0,"timestamp":1550806001,"path_taken":["M","M","?","M","M","R","E","R","T","M","R","M","?","E","R","BOSS","M","M","?"],"build_version":"2019-01-23","purchased_purges":0,"victory":false,"max_hp_per_floor":[70,70,70,70,70,70,70,70,70,70,70,70,70,70,70,70,70,70,70,70],"card_choices":[{"not_picked":["Heel Hook","Sucker Punch"],"picked":"Blade Dance","floor":1},{"not_picked":["Bane","Finisher"],"picked":"Dagger Spray","floor":2},{"not_picked":["Bane","Dagger Throw"],"picked":"Slice","floor":4},{"not_picked":["Underhanded Strike","Prepared"],"picked":"Quick Slash","floor":5},{"not_picked":["Quick Slash","Deflect"],"picked":"Corpse Explosion","floor":7},{"not_picked":["Sucker Punch","Prepared"],"picked":"Quick Slash","floor":10},{"not_picked":["PiercingWail","Heel Hook"],"picked":"Backstab","floor":12},{"not_picked":["Prepared","Predator","Acrobatics"],"picked":"SKIP","floor":14},{"not_picked":["A Thousand Cuts","Burst"],"picked":"Envenom","floor":16},{"not_picked":["Concentrate+1","Dodge and Roll"],"picked":"All Out Attack","floor":18},{"not_picked":["Poisoned Stab","Expertise"],"picked":"Well Laid Plans+1","floor":19}],"player_experience":316120,"relics_obtained":[{"floor":7,"key":"Omamori"},{"floor":9,"key":"Boot"},{"floor":13,"key":"Bag of Marbles"},{"floor":14,"key":"Ancient Tea Set"}],"event_choices":[{"damage_healed":0,"gold_gain":0,"player_choice":"Take Wound","damage_taken":0,"relics_obtained":["Golden Idol"],"max_hp_gain":0,"max_hp_loss":0,"event_name":"Golden Idol","floor":3,"gold_loss":0,"cards_obtained":["Injury"]}],"is_beta":false,"boss_relics":[{"not_picked":["Empty Cage","Coffee Dripper"],"picked":"Eternal Feather"}],"items_purged_floors":[],"is_endless":false,"potions_floor_spawned":[2,10,14],"ascension_level":6}