{"gold_per_floor":[118,130,55,5,23,23,53,53,53,83,83,147,167,167,167,269,269,285,300,327,339,114,114,148,27,27,27,45,45,77,77],"floor_reached":31,"playtime":2704,"items_purged":["Strike_B","Strike_B","Strike_B"],"score":285,"play_id":"3756984f-2561-462d-b531-c321c5a3d8a2","local_time":"20180922165041","is_ascension_mode":true,"campfire_choices":[{"data":"Coolheaded","floor":6,"key":"SMITH"},{"data":"Zap","floor":8,"key":"SMITH"},{"data":"Rebound","floor":11,"key":"SMITH"},{"floor":15,"key":"REST"},{"floor":23,"key":"REST"},{"floor":29,"key":"REST"}],"neow_cost":"NONE","seed_source_timestamp":800458945049148,"circlet_count":0,"master_deck":["Defend_B","Defend_B","Defend_B","Defend_B","Zap+1","Dualcast","BootSequence","Coolheaded+1","Rebound+1","Capacitor","Gash","Undo","Redo","Machine Learning","Defragment","White Noise+1","Capacitor","Coolheaded","Rebound","Scrape+1","Defragment","Chill+1"],"relics":["Cracked Core","Lantern","Kunai","Smiling Mask","Odd Mushroom","PreservedInsect","Blood Vial","Nuclear Battery","Red Mask","Regal Pillow","Art of War","The Courier","Sundial"],"potions_floor_usage":[7,12,16,20,20,30,30],"damage_taken":[{"damage":3,"enemies":"Jaw Worm","floor":1,"turns":3},{"damage":8,"enemies":"Small Slimes","floor":2,"turns":3},{"damage":0,"enemies":"2 Louse","floor":5,"turns":3},{"damage":27,"enemies":"Lagavulin","floor":7,"turns":7},{"damage":6,"enemies":"The Mushroom Lair","floor":10,"turns":4},{"damage":17,"enemies":"3 Sentries","floor":12,"turns":8},{"damage":5,"enemies":"Large Slime","floor":13,"turns":6},{"damage":32,"enemies":"Slime Boss","floor":16,"turns":10},{"damage":25,"enemies":"Spheric Guardian","floor":18,"turns":6},{"damage":0,"enemies":"Shell Parasite","floor":19,"turns":6},{"damage":52,"enemies":"Masked Bandits","floor":20,"turns":5},{"damage":0,"enemies":"Snecko","floor":21,"turns":9},{"damage":7,"enemies":"Book of Stabbing","floor":24,"turns":6},{"damage":42,"enemies":"Shelled Parasite and Fungi","floor":28,"turns":5},{"damage":30,"enemies":"Gremlin Leader","floor":30,"turns":5},{"damage":24,"enemies":"3 Cultists","floor":31,"turns":5}],"seed_played":"-3620856314992804180","potions_obtained":[{"floor":5,"key":"PowerPotion"},{"floor":10,"key":"Fruit Juice"},{"floor":12,"key":"GamblersBrew"},{"floor":12,"key":"SteroidPotion"},{"floor":18,"key":"Ancient Potion"},{"floor":19,"key":"GamblersBrew"},{"floor":28,"key":"Poison Potion"}],"is_trial":false,"path_per_floor":["M","M","$","?","M","R","E","R","T","?","R","?","M","T","R","B",null,"M","M","?","M","$","R","E","$","T","?","M","R","E"],"character_chosen":"DEFECT","items_purchased":["Regal Pillow","Rebound","Defragment"],"campfire_rested":3,"item_purchase_floors":[22,22,25],"current_hp_per_floor":[72,64,64,64,64,64,37,37,37,31,31,19,14,14,38,8,80,55,57,7,9,9,48,43,43,43,43,3,42,14,0],"gold":77,"neow_bonus":"RANDOM_COMMON_RELIC","is_prod":false,"is_daily":false,"chose_seed":false,"campfire_upgraded":3,"win_rate":0,"timestamp":1537660241,"path_taken":["M","M","$","?","M","R","E","R","T","?","R","?","M","?","R","BOSS","M","M","?","M","$","R","E","$","T","?","?","R","E","?"],"build_version":"2018-09-20","purchased_purges":3,"victory":false,"max_hp_per_floor":[75,75,75,75,75,75,75,75,75,75,75,80,80,80,80,80,80,80,80,80,80,80,80,80,80,80,80,80,80,80,80],"card_choices":[{"not_picked":["Beam Cell","Streamline"],"picked":"BootSequence","floor":1},{"not_picked":["Reinforced Body","Barrage"],"picked":"Coolheaded","floor":2},{"not_picked":["Skim","Storm"],"picked":"Rebound","floor":5},{"not_picked":["Redo","Reprogram"],"picked":"Capacitor","floor":7},{"not_picked":["Cold Snap","Static Discharge"],"picked":"Gash","floor":10},{"not_picked":["Compile Driver","Stack"],"picked":"Undo","floor":12},{"not_picked":["Turbo","Leap"],"picked":"Redo","floor":13},{"not_picked":["Multi-Cast","Biased Cognition"],"picked":"Machine Learning","floor":16},{"not_picked":["Rebound","Redo"],"picked":"Defragment","floor":18},{"not_picked":["Streamline","Beam Cell"],"picked":"White Noise+1","floor":19},{"not_picked":["Darkness","Go for the Eyes"],"picked":"Capacitor","floor":20},{"not_picked":["BootSequence","Streamline"],"picked":"Coolheaded","floor":21},{"not_picked":["Melter","Aggregate"],"picked":"Scrape+1","floor":24},{"not_picked":["Darkness","Redo","Go for the Eyes"],"picked":"SKIP","floor":28},{"not_picked":["Fusion","Recycle"],"picked":"Chill+1","floor":30}],"player_experience":138811,"relics_obtained":[{"floor":7,"key":"Kunai"},{"floor":9,"key":"Smiling Mask"},{"floor":10,"key":"Odd Mushroom"},{"floor":12,"key":"PreservedInsect"},{"floor":14,"key":"Blood Vial"},{"floor":20,"key":"Red Mask"},{"floor":24,"key":"Art of War"},{"floor":26,"key":"The Courier"},{"floor":30,"key":"Sundial"}],"event_choices":[{"event_name":"The Cleric","player_choice":"Card Removal","floor":4,"damage_taken":0},{"event_name":"Mushrooms","player_choice":"Fought Mushrooms","floor":10,"damage_taken":0},{"event_name":"Dead Adventurer","player_choice":"Searched \u00271\u0027 times","floor":12,"damage_taken":0},{"event_name":"Masked Bandits","player_choice":"Fought Bandits","floor":20,"damage_taken":0},{"event_name":"Beggar","player_choice":"Ignored","floor":27,"damage_taken":0}],"is_beta":false,"boss_relics":[{"not_picked":["Astrolabe","Sozu"],"picked":"Nuclear Battery"}],"items_purged_floors":[3,22,25],"is_endless":false,"potions_floor_spawned":[5,10,12,12,18,19,28],"killed_by":"3 Cultists","ascension_level":1}