{"gold_per_floor":[115,115,134,134,152,152,179,179,206,217,229,249,249,259,259,361,361,374,339,339],"floor_reached":20,"playtime":1006,"items_purged":[],"score":267,"play_id":"148004af-489f-4dd5-a6d5-7fbffd0c0341","local_time":"20190311231051","is_ascension_mode":true,"campfire_choices":[{"data":"Neutralize","floor":6.0,"key":"SMITH"},{"floor":8.0,"key":"REST"},{"data":"Caltrops","floor":13,"key":"SMITH"},{"floor":15,"key":"REST"}],"neow_cost":"NONE","seed_source_timestamp":693422923831706,"circlet_count":0,"master_deck":["AscendersBane","Defend_G","Defend_G","Defend_G+1","Defend_G+1","Defend_G","Strike_G","Strike_G","Strike_G","Strike_G","Survivor","Neutralize+1","Flying Knee","Flying Knee","Caltrops+1","Backflip","Accuracy","Catalyst","Envenom","Leg Sweep","Storm of Steel","Dodge and Roll","Deflect"],"special_seed":0,"relics":["Ring of the Snake","Regal Pillow","Anchor","Potion Belt","Sozu"],"potions_floor_usage":[],"damage_taken":[{"damage":0.0,"enemies":"2 Louse","floor":1.0,"turns":3.0},{"damage":4.0,"enemies":"Jaw Worm","floor":3.0,"turns":5.0},{"damage":0.0,"enemies":"Small Slimes","floor":5.0,"turns":3.0},{"damage":32.0,"enemies":"3 Sentries","floor":7.0,"turns":11.0},{"damage":8,"enemies":"2 Fungi Beasts","floor":10,"turns":3},{"damage":0,"enemies":"Blue Slaver","floor":11,"turns":4},{"damage":0,"enemies":"Exordium Wildlife","floor":12,"turns":5},{"damage":3,"enemies":"2 Fungi Beasts","floor":14,"turns":5},{"damage":33,"enemies":"Hexaghost","floor":16,"turns":12},{"damage":18,"enemies":"Chosen","floor":18,"turns":5},{"damage":33,"enemies":"2 Thieves","floor":19,"turns":5},{"damage":17,"enemies":"Snake Plant","floor":20,"turns":2}],"seed_played":"-2224221442782934029","potions_obtained":[{"floor":3.0,"key":"Ancient Potion"},{"floor":5.0,"key":"SpeedPotion"},{"floor":12,"key":"SneckoOil"}],"is_trial":false,"path_per_floor":["M","?","M","?","M","R","E","R","T","M","M","M","R","M","R","B",null,"M","M","M"],"character_chosen":"THE_SILENT","items_purchased":[],"campfire_rested":2,"item_purchase_floors":[],"current_hp_per_floor":[63,56,52,38,38,38,6,42,42,34,34,34,34,31,67,34,61,43,10,0],"gold":339,"neow_bonus":"RANDOM_COMMON_RELIC","is_prod":false,"is_daily":false,"chose_seed":false,"campfire_upgraded":2,"win_rate":0,"timestamp":1552371051,"path_taken":["M","?","M","?","M","R","E","R","T","M","M","M","R","M","R","BOSS","M","M","M"],"build_version":"2019-01-23","purchased_purges":0,"victory":false,"max_hp_per_floor":[70,70,70,70,70,70,70,70,70,70,70,70,70,70,70,70,70,70,70,70],"card_choices":[{"not_picked":["Backflip","Terror"],"picked":"Flying Knee","floor":1.0},{"not_picked":["Blade Dance","PiercingWail"],"picked":"Flying Knee","floor":3.0},{"not_picked":["Expertise","Underhanded Strike"],"picked":"Caltrops","floor":5.0},{"not_picked":["Underhanded Strike","Setup"],"picked":"Backflip","floor":7.0},{"not_picked":["Underhanded Strike","PiercingWail"],"picked":"Accuracy","floor":10},{"not_picked":["Riddle With Holes","Heel Hook"],"picked":"Catalyst","floor":11},{"not_picked":["Infinite Blades","Leg Sweep"],"picked":"Envenom","floor":12},{"not_picked":["Sucker Punch","PiercingWail"],"picked":"Leg Sweep","floor":14},{"not_picked":["Unload","Venomology"],"picked":"Storm of Steel","floor":16},{"not_picked":["Sucker Punch","Flechettes+1"],"picked":"Dodge and Roll","floor":18},{"not_picked":["Prepared","Acrobatics"],"picked":"Deflect","floor":19}],"player_experience":456170,"relics_obtained":[{"floor":7.0,"key":"Anchor"},{"floor":9.0,"key":"Potion Belt"}],"event_choices":[{"cards_removed":["Strike_G"],"damage_healed":0.0,"max_hp_gain":0.0,"max_hp_loss":0.0,"gold_gain":0.0,"event_name":"Golden Wing","player_choice":"Card Removal","floor":2.0,"gold_loss":0.0,"damage_taken":7.0},{"damage_healed":0.0,"max_hp_gain":0.0,"max_hp_loss":0.0,"gold_gain":0.0,"event_name":"Shining Light","player_choice":"Entered Light","floor":4.0,"gold_loss":0.0,"damage_taken":14.0,"cards_upgraded":["Defend_G","Defend_G"]}],"is_beta":false,"boss_relics":[{"not_picked":["Empty Cage","Velvet Choker"],"picked":"Sozu"}],"items_purged_floors":[],"is_endless":false,"potions_floor_spawned":[3,5,12,18],"killed_by":"Snake Plant","ascension_level":10}