{"gold_per_floor":[114,131,31,31,31,64,64,64,88,68,18,31,31,48,48,144,174,193,67,67,82,82,82,100,100,100,116,116,133,133,145,145,145],"floor_reached":33,"playtime":2785,"items_purged":["Strike_R","Strike_R"],"score":245,"play_id":"92b951ee-a663-4fa8-8079-25702bb35aa5","local_time":"20180712232656","is_ascension_mode":false,"campfire_choices":[{"floor":8,"key":"REST"},{"data":"Armaments","floor":13,"key":"SMITH"},{"floor":15,"key":"REST"},{"floor":23,"key":"REST"},{"data":"Armaments","floor":25,"key":"SMITH"},{"floor":28,"key":"REST"},{"data":"Demon Form","floor":32,"key":"SMITH"}],"neow_cost":"NONE","seed_source_timestamp":8667446531892,"circlet_count":0,"master_deck":["Strike_R+1","Defend_R","Defend_R","Bash","Infernal Blade","Rampage","Flex","Impervious","Shrug It Off","Armaments+1","Body Slam","Battle Trance","Demon Form+1","Body Slam","Anger+1","Headbutt","Armaments+1","Headbutt","Reaper","Blood for Blood","Metallicize+1","Reckless Charge+1","Seeing Red"],"relics":["Sozu","Omamori","Dream Catcher","Tiny House","Letter Opener","Boot"],"potions_floor_usage":[],"damage_taken":[{"damage":6,"enemies":"Jaw Worm","floor":1,"turns":4},{"damage":2,"enemies":"2 Louse","floor":2,"turns":3},{"damage":19,"enemies":"3 Sentries","floor":6,"turns":6},{"damage":4,"enemies":"Cultist","floor":12,"turns":3},{"damage":0,"enemies":"Large Slime","floor":14,"turns":4},{"damage":37,"enemies":"Hexaghost","floor":16,"turns":7},{"damage":22,"enemies":"Spheric Guardian","floor":18,"turns":4},{"damage":5,"enemies":"2 Thieves","floor":21,"turns":3},{"damage":16,"enemies":"Snake Plant","floor":24,"turns":3},{"damage":26,"enemies":"3 Cultists","floor":27,"turns":6},{"damage":20,"enemies":"Centurion and Healer","floor":29,"turns":4},{"damage":1,"enemies":"Sentry and Sphere","floor":31,"turns":5},{"damage":78,"enemies":"Collector","floor":33,"turns":7}],"seed_played":"-6093179940681492693","potions_obtained":[],"is_trial":false,"path_per_floor":["M","M","$","?","?","E","?","R","T","?","$","M","R","M","R","B",null,"M","$","?","M","?","R","M","R","T","M","R","M","?","M","R"],"character_chosen":"IRONCLAD","items_purchased":["Flex","Shrug It Off","Headbutt"],"campfire_rested":4,"item_purchase_floors":[3,11,19],"current_hp_per_floor":[74,72,72,72,65,46,46,70,70,70,70,66,66,66,80,43,85,63,63,63,58,58,83,67,67,67,56,81,65,65,64,64,0],"gold":145,"neow_bonus":"BOSS_RELIC","is_prod":false,"is_daily":false,"chose_seed":false,"campfire_upgraded":3,"win_rate":0,"timestamp":1531463216,"path_taken":["M","M","$","?","?","E","?","R","T","?","?","M","R","M","R","BOSS","M","$","?","M","?","R","M","R","T","M","R","M","?","?","R","BOSS"],"build_version":"2018-07-12","purchased_purges":2,"victory":false,"max_hp_per_floor":[80,80,80,80,80,80,80,80,80,80,80,80,80,80,80,80,85,85,85,85,85,85,85,85,85,85,85,85,85,85,85,85,85],"card_choices":[{"not_picked":["Perfected Strike","Flex"],"picked":"Infernal Blade","floor":1},{"not_picked":["Fire Breathing","Shockwave"],"picked":"Rampage","floor":2},{"not_picked":["Clothesline","Carnage"],"picked":"Impervious","floor":6},{"not_picked":["Reckless Charge","Perfected Strike"],"picked":"Armaments","floor":12},{"not_picked":["Sever Soul","Whirlwind"],"picked":"Body Slam","floor":14},{"not_picked":["Perfected Strike","Flex"],"picked":"Battle Trance","floor":15},{"not_picked":["Feed","Berserk"],"picked":"Demon Form","floor":16},{"not_picked":["Twin Strike","Feel No Pain"],"picked":"Body Slam","floor":17},{"not_picked":["Clash","Entrench"],"picked":"Anger+1","floor":18},{"not_picked":["Clash","Headbutt"],"picked":"Armaments","floor":21},{"not_picked":["Perfected Strike","Burning Pact"],"picked":"Headbutt","floor":23},{"not_picked":["Disarm+1","Pommel Strike"],"picked":"Reaper","floor":24},{"not_picked":["Clash","True Grit"],"picked":"Blood for Blood","floor":27},{"not_picked":["Iron Wave","Anger"],"picked":"Metallicize+1","floor":28},{"not_picked":["Power Through","Clash"],"picked":"Reckless Charge+1","floor":29},{"not_picked":["Inflame","Clash"],"picked":"Seeing Red","floor":31}],"player_experience":24016,"relics_obtained":[{"floor":6,"key":"Omamori"},{"floor":9,"key":"Dream Catcher"},{"floor":26,"key":"Boot"}],"event_choices":[{"event_name":"Living Wall","player_choice":"Forget","floor":4,"damage_taken":0},{"event_name":"Golden Wing","player_choice":"Card Removal","floor":5,"damage_taken":0},{"event_name":"Wheel of Change","player_choice":"Card Removal","floor":7,"damage_taken":0},{"event_name":"The Woman in Blue","player_choice":"Bought 1 Potion","floor":10,"damage_taken":0},{"event_name":"Purifier","player_choice":"One Purge","floor":20,"damage_taken":0},{"event_name":"The Mausoleum","player_choice":"Yes","floor":22,"damage_taken":0},{"event_name":"Vampires","player_choice":"Ignored","floor":30,"damage_taken":0}],"boss_relics":[{"not_picked":["Fusion Hammer","White Beast Statue"],"picked":"Tiny House"}],"items_purged_floors":[3,19],"is_endless":false,"potions_floor_spawned":[6,14,18,29],"killed_by":"Collector","ascension_level":0}