{"gold_per_floor":[117,131,206,222,237,237,25,25,25,36,55,55,55,78,78,202,202,227,240,21,21,21,41,41,65,65,92,108,126,126,144,144,275,275,296,296,321,69,88,113,113,113,140,156,156,174,174,190,190,190],"floor_reached":51,"playtime":11258,"items_purged":["Strike_R"],"score":647,"play_id":"0b899803-f05b-4d99-a03c-714b029c9e7a","local_time":"20190318211403","is_ascension_mode":false,"campfire_choices":[{"data":"Flex","floor":6,"key":"SMITH"},{"data":"Flex","floor":8,"key":"SMITH"},{"data":"Intimidate","floor":13,"key":"SMITH"},{"data":"Flex","floor":15,"key":"SMITH"},{"data":"Feed","floor":30,"key":"SMITH"},{"data":"Armaments","floor":32,"key":"SMITH"},{"data":"Heavy Blade","floor":41,"key":"SMITH"},{"data":"Immolate","floor":45,"key":"SMITH"},{"data":"Heavy Blade","floor":47,"key":"SMITH"},{"data":"Bash","floor":49,"key":"SMITH"}],"neow_cost":"TEN_PERCENT_HP_LOSS","seed_source_timestamp":2965799833209,"circlet_count":0,"master_deck":["Strike_R","Strike_R","Strike_R","Strike_R","Defend_R","Defend_R","Defend_R","Defend_R","Bash+1","Intimidate+1","Flex+1","Twin Strike","Flex+1","Flex+1","Flash of Steel","Iron Wave","Twin Strike","Twin Strike","Clothesline","Shrug It Off","Armaments+1","Heavy Blade+1","Clothesline+1","True Grit+1","Heavy Blade+1","Immolate+1","Feel No Pain","Evolve","Parasite","Fire Breathing+1","Flame Barrier+1","Shockwave+1","Corruption+1","Shockwave+1","Pummel"],"special_seed":0,"relics":["Burning Blood","Magic Flower","Orichalcum","Golden Idol","Runic Dome","OrangePellets","Enchiridion","Mercury Hourglass","PreservedInsect","Bag of Preparation","Sozu","Bottled Lightning","Blood Vial"],"potions_floor_usage":[29,33,50],"damage_taken":[{"damage":6.0,"enemies":"2 Louse","floor":1.0,"turns":4.0},{"damage":1.0,"enemies":"Cultist","floor":2.0,"turns":3.0},{"damage":7,"enemies":"Small Slimes","floor":4,"turns":4},{"damage":2,"enemies":"Looter","floor":5,"turns":4},{"damage":0,"enemies":"Exordium Wildlife","floor":10,"turns":3},{"damage":0,"enemies":"Blue Slaver","floor":11,"turns":2},{"damage":0,"enemies":"Exordium Thugs","floor":14,"turns":3},{"damage":55,"enemies":"The Guardian","floor":16,"turns":10},{"damage":17,"enemies":"Shell Parasite","floor":18,"turns":5},{"damage":10,"enemies":"Chosen","floor":19,"turns":6},{"damage":8,"enemies":"Shelled Parasite and Fungi","floor":23,"turns":5},{"damage":37,"enemies":"Snecko","floor":25,"turns":9},{"damage":18,"enemies":"Cultist and Chosen","floor":28,"turns":6},{"damage":15,"enemies":"Centurion and Healer","floor":29,"turns":6},{"damage":0,"enemies":"Snecko","floor":31,"turns":3},{"damage":16,"enemies":"Champ","floor":33,"turns":8},{"damage":2,"enemies":"Orb Walker","floor":35,"turns":2},{"damage":13,"enemies":"3 Shapes","floor":37,"turns":4},{"damage":19,"enemies":"Spire Growth","floor":39,"turns":4},{"damage":17,"enemies":"3 Darklings","floor":40,"turns":4},{"damage":1,"enemies":"Jaw Worm Horde","floor":44,"turns":3},{"damage":22,"enemies":"Writhing Mass","floor":46,"turns":6},{"damage":20,"enemies":"Spire Growth","floor":48,"turns":5},{"damage":56,"enemies":"Donu and Deca","floor":50,"turns":7}],"seed_played":"-276333225104741924","potions_obtained":[{"floor":4,"key":"SpeedPotion"},{"floor":11,"key":"Fire Potion"},{"floor":18,"key":"Regen Potion"},{"floor":19,"key":"Energy Potion"},{"floor":25,"key":"Regen Potion"}],"is_trial":false,"path_per_floor":["M","M","?","M","M","R","$","R","T","M","M","?","R","M","R","B",null,"M","M","$","?","?","M","$","M","T","T","M","M","R","M","R","B",null,"M","?","M","$","M","M","R","?","T","M","R","M","R","M","R","B",null],"character_chosen":"IRONCLAD","items_purchased":["Flex","Flash of Steel","OrangePellets","Armaments","Bottled Lightning"],"campfire_rested":0,"item_purchase_floors":[7,7,20,20,38],"current_hp_per_floor":[72,72,65,67,72,72,72,72,72,72,72,54,54,63,63,17,72,69,73,73,57,57,63,63,40,40,40,36,59,59,74,74,67,94,94,94,95,95,85,77,77,108,108,108,108,95,95,87,87,67],"gold":190,"neow_bonus":"ONE_RARE_RELIC","is_prod":false,"is_daily":false,"chose_seed":false,"campfire_upgraded":10,"win_rate":0,"timestamp":1552965243,"path_taken":["M","M","?","M","M","R","?","R","T","M","M","?","R","M","R","BOSS","M","M","$","?","?","M","?","M","T","?","?","M","R","M","R","BOSS","M","?","?","$","M","M","R","?","T","M","R","?","R","M","R","BOSS"],"build_version":"2019-01-23","purchased_purges":1,"victory":true,"max_hp_per_floor":[72,72,72,72,72,72,72,72,72,72,72,72,72,72,72,72,72,75,78,78,78,78,81,81,84,84,84,87,90,90,94,94,94,94,94,94,98,98,98,98,98,108,108,108,108,108,108,108,108,108],"card_choices":[{"not_picked":["Pommel Strike","Rage"],"picked":"Intimidate","floor":1.0},{"not_picked":["Flame Barrier","Twin Strike"],"picked":"Flex","floor":2.0},{"not_picked":["Iron Wave","Perfected Strike"],"picked":"Twin Strike","floor":4},{"not_picked":["Perfected Strike","Cleave"],"picked":"Flex","floor":5},{"not_picked":["Feel No Pain","Ghostly Armor"],"picked":"Iron Wave","floor":10},{"not_picked":["Intimidate","Thunderclap"],"picked":"Twin Strike","floor":11},{"not_picked":["Clash","True Grit"],"picked":"Twin Strike","floor":14},{"not_picked":["Exhume","Impervious"],"picked":"Feed","floor":16},{"not_picked":["Anger","Wild Strike"],"picked":"Clothesline","floor":18},{"not_picked":["Sword Boomerang","Entrench"],"picked":"Shrug It Off","floor":19},{"not_picked":["Warcry","Headbutt"],"picked":"Heavy Blade","floor":23},{"not_picked":["Power Through","Warcry+1"],"picked":"Clothesline+1","floor":25},{"not_picked":["Sever Soul+1","Clash"],"picked":"True Grit+1","floor":28},{"not_picked":["Clothesline","Body Slam","Burning Pact"],"picked":"SKIP","floor":29},{"not_picked":["Headbutt","Perfected Strike+1"],"picked":"Heavy Blade","floor":31},{"not_picked":["Impervious","Feed"],"picked":"Immolate","floor":33},{"not_picked":["Havoc+1","True Grit"],"picked":"Feel No Pain","floor":35},{"not_picked":["Pommel Strike+1","Havoc"],"picked":"Fire Breathing+1","floor":37},{"not_picked":["Dropkick","Heavy Blade"],"picked":"Flame Barrier+1","floor":39},{"not_picked":["Anger+1","Uppercut"],"picked":"Shockwave+1","floor":40},{"not_picked":["Twin Strike+1","Havoc"],"picked":"Corruption+1","floor":44},{"not_picked":["Armaments","Hemokinesis"],"picked":"Shockwave+1","floor":46},{"not_picked":["Perfected Strike+1","Twin Strike"],"picked":"Pummel","floor":48}],"player_experience":1068715,"relics_obtained":[{"floor":9,"key":"Orichalcum"},{"floor":21,"key":"Enchiridion"},{"floor":26,"key":"PreservedInsect"},{"floor":27,"key":"Bag of Preparation"},{"floor":43,"key":"Blood Vial"}],"event_choices":[{"damage_healed":0,"gold_gain":75,"player_choice":"Touch","damage_taken":7,"max_hp_gain":0,"max_hp_loss":0,"event_name":"FaceTrader","floor":3,"gold_loss":0},{"damage_healed":0,"gold_gain":0,"player_choice":"Take Damage","damage_taken":18,"relics_obtained":["Golden Idol"],"max_hp_gain":0,"max_hp_loss":0,"event_name":"Golden Idol","floor":12,"gold_loss":0},{"damage_healed":0,"gold_gain":0,"player_choice":"Obtained Book","damage_taken":16,"max_hp_gain":0,"max_hp_loss":0,"event_name":"Cursed Tome","floor":21,"gold_loss":0},{"damage_healed":0,"gold_gain":0,"player_choice":"Opened","damage_taken":0,"relics_obtained":["Mercury Hourglass"],"max_hp_gain":0,"max_hp_loss":0,"event_name":"The Mausoleum","floor":22,"gold_loss":0},{"damage_healed":0,"gold_gain":0,"player_choice":"2 cards matched","damage_taken":0,"max_hp_gain":0,"max_hp_loss":0,"event_name":"Match and Keep!","floor":36,"gold_loss":0,"cards_obtained":["Evolve","Parasite"]},{"cards_removed":["Feed"],"damage_healed":21,"gold_gain":0,"player_choice":"Offered Rare","damage_taken":0,"max_hp_gain":10,"max_hp_loss":0,"event_name":"Bonfire Elementals","floor":42,"gold_loss":0}],"is_beta":false,"boss_relics":[{"not_picked":["Astrolabe","Snecko Eye"],"picked":"Runic Dome"},{"not_picked":["Black Blood","Orrery"],"picked":"Sozu"}],"items_purged_floors":[7],"is_endless":false,"potions_floor_spawned":[4,11,18,19,23,25,35,37,44],"ascension_level":0}