{"gold_per_floor":[116,19,19,37,52,52,67,67,67,87,162,176,188,288,288,391,391,405,93,108,68,82,82,82,82,109,109,109,109,140,152,152,152],"floor_reached":33,"playtime":1069,"items_purged":["Strike_R"],"score":307,"play_id":"296c5b33-aa97-4af3-9996-681becb8f459","local_time":"20190321001726","is_ascension_mode":false,"campfire_choices":[{"data":"Armaments","floor":6,"key":"SMITH"},{"data":"Armaments","floor":8,"key":"SMITH"},{"data":"Searing Blow","floor":15,"key":"SMITH"},{"data":"Searing Blow+2","floor":23,"key":"SMITH"},{"data":"Searing Blow+3","floor":24,"key":"SMITH"},{"data":"Searing Blow+4","floor":25,"key":"SMITH"},{"data":"Searing Blow+5","floor":27,"key":"SMITH"},{"data":"Searing Blow+6","floor":29,"key":"SMITH"},{"data":"Searing Blow+7","floor":32,"key":"SMITH"}],"neow_cost":"NONE","seed_source_timestamp":53855267776606,"circlet_count":0,"master_deck":["Strike_R","Strike_R","Strike_R","Defend_R","Defend_R","Defend_R","Defend_R","Bash","Limit Break","Searing Blow+8","Armaments+1","Armaments+1","Uppercut","Armaments","Brutality","Headbutt+1","Armaments"],"relics":["Burning Blood","Dodecahedron","Snecko Eye","WingedGreaves","Omamori","MutagenicStrength","Pear"],"potions_floor_usage":[30,33,33],"damage_taken":[{"damage":0,"enemies":"2 Louse","floor":1,"turns":4},{"damage":10,"enemies":"Jaw Worm","floor":4,"turns":4},{"damage":5,"enemies":"Cultist","floor":5,"turns":5},{"damage":2,"enemies":"3 Louse","floor":7,"turns":4},{"damage":17,"enemies":"Gremlin Gang","floor":10,"turns":4},{"damage":8,"enemies":"2 Fungi Beasts","floor":12,"turns":5},{"damage":5,"enemies":"Looter","floor":13,"turns":4},{"damage":30,"enemies":"Slime Boss","floor":16,"turns":10},{"damage":8,"enemies":"Spheric Guardian","floor":18,"turns":4},{"damage":10,"enemies":"Chosen","floor":20,"turns":6},{"damage":14,"enemies":"3 Cultists","floor":22,"turns":5},{"damage":11,"enemies":"Gremlin Leader","floor":30,"turns":2},{"damage":16,"enemies":"Cultist and Chosen","floor":31,"turns":6},{"damage":61,"enemies":"Collector","floor":33,"turns":5}],"seed_played":"-5298589499401263567","potions_obtained":[{"floor":4,"key":"Weak Potion"},{"floor":7,"key":"SpeedPotion"},{"floor":10,"key":"FearPotion"},{"floor":30,"key":"Swift Potion"}],"is_trial":false,"path_per_floor":["M","$","?","M","M","R","M","R","T","M","?","M","M","?","R","B",null,"M","$","M","?","M","R","R","R","T","R","?","R","E","M","R","B"],"character_chosen":"IRONCLAD","items_purchased":["Armaments","WingedGreaves"],"campfire_rested":0,"item_purchase_floors":[2,19],"current_hp_per_floor":[80,80,80,76,77,77,80,80,80,69,58,56,57,57,57,33,80,78,78,74,74,66,66,66,66,66,66,66,66,71,61,61,0],"gold":152,"neow_bonus":"TRANSFORM_CARD","is_prod":false,"is_daily":false,"chose_seed":false,"campfire_upgraded":9,"win_rate":0,"timestamp":1553149046,"path_taken":["M","$","?","M","M","R","M","R","T","M","?","M","M","?","R","BOSS","M","$","?","?","?","R","R","R","T","R","?","R","E","M","R","BOSS"],"build_version":"2019-01-23","purchased_purges":1,"victory":false,"max_hp_per_floor":[80,80,80,80,80,80,80,80,80,80,80,80,80,80,80,80,80,80,80,80,80,80,80,80,80,80,80,80,80,90,90,90,90],"card_choices":[{"not_picked":["Pommel Strike","Anger"],"picked":"Searing Blow","floor":1},{"not_picked":["Heavy Blade","Clothesline"],"picked":"Armaments","floor":4},{"not_picked":["Dark Embrace","Sword Boomerang"],"picked":"Uppercut","floor":5},{"not_picked":["Rage","Clothesline","Clash"],"picked":"SKIP","floor":7},{"not_picked":["Entrench","Cleave"],"picked":"Armaments","floor":10},{"not_picked":["Pummel","Barricade","Power Through"],"picked":"SKIP","floor":12},{"not_picked":["Rampage","Clothesline","Fire Breathing"],"picked":"SKIP","floor":13},{"not_picked":["Impervious","Berserk"],"picked":"Brutality","floor":16},{"not_picked":["Cleave","Body Slam","Havoc"],"picked":"SKIP","floor":18},{"not_picked":["Anger","Pommel Strike"],"picked":"Headbutt+1","floor":20},{"not_picked":["Warcry","Fire Breathing"],"picked":"Armaments","floor":22},{"not_picked":["Sever Soul","True Grit","Intimidate"],"picked":"SKIP","floor":30},{"not_picked":["Cleave","Sword Boomerang","Sever Soul"],"picked":"SKIP","floor":31}],"player_experience":1092259,"relics_obtained":[{"floor":9,"key":"Dodecahedron"},{"floor":26,"key":"Omamori"},{"floor":30,"key":"Pear"}],"event_choices":[{"damage_healed":0,"gold_gain":0,"player_choice":"Leave","damage_taken":0,"max_hp_gain":0,"max_hp_loss":0,"event_name":"The Cleric","floor":3,"gold_loss":0},{"damage_healed":0,"gold_gain":75,"player_choice":"Gather Gold","damage_taken":11,"max_hp_gain":0,"max_hp_loss":0,"event_name":"World of Goop","floor":11,"gold_loss":0},{"damage_healed":0,"gold_gain":100,"player_choice":"Gold","damage_taken":0,"max_hp_gain":0,"max_hp_loss":0,"event_name":"Wheel of Change","floor":14,"gold_loss":0},{"damage_healed":0,"gold_gain":0,"player_choice":"Upgrade","damage_taken":0,"max_hp_gain":0,"max_hp_loss":0,"event_name":"Designer","floor":21,"gold_loss":40,"cards_upgraded":["Searing Blow"]},{"damage_healed":0,"gold_gain":0,"player_choice":"Inject Mutagens","damage_taken":0,"relics_obtained":["MutagenicStrength"],"max_hp_gain":0,"max_hp_loss":0,"event_name":"Drug Dealer","floor":28,"gold_loss":0}],"is_beta":false,"boss_relics":[{"not_picked":["Runic Pyramid","Lizard Tail"],"picked":"Snecko Eye"}],"items_purged_floors":[2],"is_endless":false,"potions_floor_spawned":[4,7,10,18,22,30],"killed_by":"Collector","ascension_level":0}