{"gold_per_floor":[114,114,64,17,30,30,85,85,111,125,153,169,194,205,205,304,304,319,319,244,257,272,272,306,159,159,159,170,270,305,220,220,320,320,339,349,183,183,183,183,209,227,300,300,317,365,365,27,27,27,27,27,27,59,59],"floor_reached":55,"playtime":4398,"items_purged":["Regret"],"score":970,"play_id":"4b85c111-09ee-4cd3-8675-faf4d3bee754","local_time":"20190213230448","is_ascension_mode":true,"campfire_choices":[{"data":"True Grit","floor":6,"key":"SMITH"},{"data":"Body Slam","floor":8,"key":"SMITH"},{"data":"Body Slam","floor":15,"key":"SMITH"},{"data":"Armaments","floor":23,"key":"SMITH"},{"floor":27,"key":"REST"},{"data":"Shrug It Off","floor":32,"key":"SMITH"},{"data":"Body Slam","floor":40,"key":"SMITH"},{"floor":44,"key":"RECALL"},{"floor":49,"key":"REST"},{"data":"Rampage","floor":52,"key":"SMITH"}],"neow_cost":"CURSE","seed_source_timestamp":988023795206788,"circlet_count":0,"master_deck":["Strike_R+1","Strike_R+1","Strike_R+1","Defend_R+1","Defend_R+1","Defend_R+1","Defend_R+1","Bash","Sever Soul","Ghostly Armor","Rage","True Grit+1","Body Slam+1","Iron Wave+1","Wild Strike","Carnage","Pommel Strike","Body Slam+1","Feed+1","Rampage+1","Armaments+1","Shrug It Off+1","Twin Strike+1","Flame Barrier","Clumsy","Clumsy","Regret","Body Slam+1","Inflame+1","Combust+1","Body Slam+1","Heavy Blade+1","Barricade","Heavy Blade+1"],"relics":["Burning Blood","Bronze Scales","Blood Vial","Bag of Marbles","Potion Belt","Strawberry","Busted Crown","Anchor","Oddly Smooth Stone","Bottled Flame","Peace Pipe","Mummified Hand","Du-Vu Doll","Centennial Puzzle","Calling Bell","Orichalcum","Mercury Hourglass","Champion Belt","Whetstone","Happy Flower","Calipers","Molten Egg 2","Kunai","Shuriken"],"potions_floor_usage":[11,16,21,24,29,30,33,33,42,45,50],"damage_taken":[{"damage":4,"enemies":"2 Louse","floor":1,"turns":3},{"damage":0,"enemies":"Small Slimes","floor":5,"turns":3},{"damage":25,"enemies":"Gremlin Nob","floor":7,"turns":4},{"damage":0,"enemies":"Jaw Worm","floor":10,"turns":3},{"damage":13,"enemies":"3 Sentries","floor":11,"turns":7},{"damage":5,"enemies":"Large Slime","floor":12,"turns":6},{"damage":33,"enemies":"Lagavulin","floor":13,"turns":6},{"damage":5,"enemies":"Looter","floor":14,"turns":2},{"damage":37,"enemies":"Hexaghost","floor":16,"turns":9},{"damage":3,"enemies":"Chosen","floor":18,"turns":3},{"damage":9,"enemies":"2 Thieves","floor":21,"turns":3},{"damage":18,"enemies":"Snecko","floor":22,"turns":3},{"damage":46,"enemies":"Gremlin Leader","floor":24,"turns":8},{"damage":18,"enemies":"Centurion and Healer","floor":28,"turns":6},{"damage":0,"enemies":"Colosseum Slavers","floor":29,"turns":2},{"damage":0,"enemies":"Colosseum Nobs","floor":29,"turns":4},{"damage":0,"enemies":"Slavers","floor":30,"turns":5},{"damage":58,"enemies":"Champ","floor":33,"turns":11},{"damage":7,"enemies":"3 Shapes","floor":35,"turns":3},{"damage":0,"enemies":"Orb Walker","floor":36,"turns":2},{"damage":33,"enemies":"Reptomancer","floor":41,"turns":8},{"damage":14,"enemies":"Spire Growth","floor":42,"turns":3},{"damage":0,"enemies":"Writhing Mass","floor":45,"turns":3},{"damage":13,"enemies":"2 Orb Walkers","floor":46,"turns":4},{"damage":31,"enemies":"Time Eater","floor":50,"turns":7},{"damage":57,"enemies":"Shield and Spear","floor":54,"turns":6},{"damage":91,"enemies":"The Heart","floor":55,"turns":3}],"seed_played":"346447995253302738","potions_obtained":[{"floor":5,"key":"SpeedPotion"},{"floor":10,"key":"Explosive Potion"},{"floor":14,"key":"Energy Potion"},{"floor":16,"key":"GamblersBrew"},{"floor":22,"key":"Weak Potion"},{"floor":28,"key":"AttackPotion"},{"floor":29,"key":"Energy Potion"},{"floor":30,"key":"AttackPotion"},{"floor":33,"key":"GamblersBrew"},{"floor":41,"key":"Swift Potion"},{"floor":42,"key":"LiquidBronze"},{"floor":45,"key":"SteroidPotion"},{"floor":54,"key":"GamblersBrew"}],"is_trial":false,"path_per_floor":["M","?","?","$","M","R","?","R","T","M","E","M","E","M","R","B",null,"M","?","$","M","M","R","E","$","T","R","M","?","E","?","R","B",null,"M","M","$","?","$","R","E","M","T","R","M","?","T","$","R","B",null,"R","$","E","B"],"character_chosen":"IRONCLAD","items_purchased":["True Grit","Oddly Smooth Stone","Body Slam","Whetstone","Barricade","Kunai"],"campfire_rested":2,"item_purchase_floors":[4,25,37,37,48,48],"current_hp_per_floor":[80,80,80,80,80,80,61,61,61,69,64,67,49,52,52,23,71,76,76,76,78,68,68,30,30,30,57,47,66,77,77,77,27,79,83,94,94,112,112,112,85,79,79,79,87,82,82,82,112,87,106,106,106,57,0],"gold":59,"neow_bonus":"TRANSFORM_TWO_CARDS","is_prod":false,"is_daily":false,"chose_seed":false,"campfire_upgraded":7,"win_rate":0,"timestamp":1550127888,"path_taken":["M","?","?","$","M","R","?","R","T","?","E","M","E","M","R","BOSS","M","?","$","M","M","R","E","$","T","R","M","?","E","?","R","BOSS","M","M","$","?","?","R","E","?","T","R","M","?","?","$","R","BOSS","R","$","E","BOSS"],"build_version":"2019-01-23","purchased_purges":1,"victory":false,"max_hp_per_floor":[80,80,80,80,80,80,80,80,80,80,80,80,87,87,87,87,87,87,87,87,90,90,90,90,90,90,90,90,93,96,96,96,96,96,99,102,102,112,112,112,112,112,112,112,112,112,112,112,112,112,112,112,112,112,112],"card_choices":[{"not_picked":["True Grit","Second Wind"],"picked":"Rage","floor":1},{"not_picked":["Flex","Twin Strike"],"picked":"Body Slam","floor":5},{"not_picked":["Flex","Sword Boomerang"],"picked":"Iron Wave","floor":7},{"not_picked":["True Grit","Spot Weakness"],"picked":"Dark Embrace","floor":10},{"not_picked":["Twin Strike","Armaments"],"picked":"Wild Strike","floor":11},{"not_picked":["Headbutt","True Grit"],"picked":"Carnage","floor":12},{"not_picked":["Limit Break","Whirlwind"],"picked":"Pommel Strike","floor":13},{"not_picked":["Clothesline","Rage"],"picked":"Body Slam","floor":14},{"not_picked":["Berserk","Juggernaut"],"picked":"Feed","floor":16},{"not_picked":[],"picked":"Rampage","floor":18},{"not_picked":["Uppercut"],"picked":"SKIP","floor":21},{"not_picked":[],"picked":"Armaments","floor":22},{"not_picked":[],"picked":"Shrug It Off","floor":24},{"not_picked":["Bloodletting"],"picked":"SKIP","floor":28},{"not_picked":[],"picked":"Twin Strike+1","floor":29},{"not_picked":[],"picked":"Flame Barrier","floor":30},{"not_picked":["Corruption"],"picked":"SKIP","floor":35},{"not_picked":["Second Wind"],"picked":"SKIP","floor":36},{"not_picked":["Second Wind"],"picked":"SKIP","floor":36},{"not_picked":[],"picked":"Inflame+1","floor":41},{"not_picked":[],"picked":"Combust+1","floor":42},{"not_picked":[],"picked":"Body Slam+1","floor":45},{"not_picked":[],"picked":"Heavy Blade+1","floor":46},{"not_picked":[],"picked":"Heavy Blade+1","floor":54}],"player_experience":264130,"relics_obtained":[{"floor":7,"key":"Blood Vial"},{"floor":9,"key":"Bag of Marbles"},{"floor":11,"key":"Potion Belt"},{"floor":13,"key":"Strawberry"},{"floor":24,"key":"Anchor"},{"floor":26,"key":"Bottled Flame"},{"floor":29,"key":"Peace Pipe"},{"floor":29,"key":"Mummified Hand"},{"floor":30,"key":"Du-Vu Doll"},{"floor":34,"key":"Orichalcum"},{"floor":34,"key":"Mercury Hourglass"},{"floor":34,"key":"Champion Belt"},{"floor":41,"key":"Happy Flower"},{"floor":46,"key":"Calipers"},{"floor":47,"key":"Molten Egg 2"},{"floor":54,"key":"Shuriken"}],"event_choices":[{"damage_healed":0,"gold_gain":0,"player_choice":"Box","damage_taken":0,"relics_obtained":["Bronze Scales"],"max_hp_gain":0,"max_hp_loss":0,"event_name":"Big Fish","floor":2,"gold_loss":0,"cards_obtained":["Regret"]},{"cards_removed":["Doubt"],"damage_healed":0,"gold_gain":0,"player_choice":"Card Removal","damage_taken":0,"max_hp_gain":0,"max_hp_loss":0,"event_name":"The Cleric","floor":3,"gold_loss":50},{"damage_healed":0,"gold_gain":30,"player_choice":"Searched \u00272\u0027 times","damage_taken":0,"max_hp_gain":0,"max_hp_loss":0,"event_name":"Dead Adventurer","floor":7,"gold_loss":0},{"damage_healed":0,"gold_gain":0,"player_choice":"Simplicity","damage_taken":0,"max_hp_gain":0,"max_hp_loss":0,"event_name":"Back to Basics","floor":19,"gold_loss":0,"cards_upgraded":["Strike_R","Strike_R","Strike_R","Defend_R","Defend_R","Defend_R","Defend_R"]},{"damage_healed":0,"gold_gain":0,"player_choice":"Fight","damage_taken":0,"max_hp_gain":0,"max_hp_loss":0,"event_name":"Colosseum","floor":29,"gold_loss":0},{"damage_healed":0,"gold_gain":0,"player_choice":"Fought Nobs","damage_taken":0,"max_hp_gain":0,"max_hp_loss":0,"event_name":"Colosseum","floor":29,"gold_loss":0},{"damage_healed":0,"gold_gain":0,"player_choice":"Obtained Relic","damage_taken":0,"relics_obtained":["Centennial Puzzle"],"max_hp_gain":0,"max_hp_loss":0,"event_name":"Addict","floor":31,"gold_loss":85},{"cards_removed":["Dark Embrace"],"damage_healed":8,"gold_gain":0,"player_choice":"Offered Rare","damage_taken":0,"max_hp_gain":10,"max_hp_loss":0,"event_name":"Bonfire Elementals","floor":38,"gold_loss":0},{"damage_healed":0,"gold_gain":0,"player_choice":"Fight","damage_taken":0,"max_hp_gain":0,"max_hp_loss":0,"event_name":"Mysterious Sphere","floor":46,"gold_loss":0}],"is_beta":false,"boss_relics":[{"not_picked":["Pandora\u0027s Box","Lizard Tail"],"picked":"Busted Crown"},{"not_picked":["Coffee Dripper","Philosopher\u0027s Stone"],"picked":"Calling Bell"}],"items_purged_floors":[20],"is_endless":false,"potions_floor_spawned":[5,10,14,16,22,28,29,30,33,41,42,45,54],"killed_by":"The Heart","ascension_level":5}