{"gold_per_floor":[112,112,112,125,50,50,61,61,85,110,110,142,162,177,177,274,274,293,307,323,334,346,378,395,395,395,395,310,310,339,357,357,454,504,517,529,529,529,549,549,568,599,645,645,663,663,676,688,688,688],"floor_reached":50,"playtime":3297,"items_purged":["Regret"],"score":893,"play_id":"e3565933-8885-49f7-b56d-81f450fe8401","local_time":"20190316225236","is_ascension_mode":true,"campfire_choices":[{"data":"Defend_R","floor":6.0,"key":"SMITH"},{"data":"Shrug It Off","floor":8.0,"key":"SMITH"},{"data":"Seeing Red","floor":11.0,"key":"SMITH"},{"data":"Iron Wave","floor":15.0,"key":"SMITH"},{"floor":25.0,"key":"REST"},{"floor":29.0,"key":"REST"},{"data":"Iron Wave","floor":32.0,"key":"SMITH"},{"floor":40.0,"key":"REST"},{"data":"Metallicize","floor":44.0,"key":"SMITH"},{"data":"Inflame","floor":46.0,"key":"SMITH"},{"data":"Limit Break","floor":49.0,"key":"SMITH"}],"neow_cost":"TEN_PERCENT_HP_LOSS","seed_source_timestamp":0,"circlet_count":0,"master_deck":["AscendersBane","Strike_R","Strike_R","Strike_R","Strike_R","Strike_R","Defend_R","Defend_R+1","Bash","Immolate","Perfected Strike","Spot Weakness","Seeing Red+1","Shrug It Off+1","Thunderclap","Spot Weakness","Limit Break+1","Iron Wave+1","Reaper","Perfected Strike","Metallicize+1","Iron Wave+1","Sword Boomerang","Iron Wave","Blood for Blood","Writhe","Immolate+1","Shrug It Off+1","Reaper+1","Shrug It Off+1","Shrug It Off+1","Metallicize+1","Twin Strike+1","Inflame+1","Iron Wave+1","Injury","Inflame+1","Twin Strike+1","Warcry+1"],"special_seed":0,"relics":["Burning Blood","Centennial Puzzle","Happy Flower","Mummified Hand","Gambling Chip","Cursed Key","Ornamental Fan","Bottled Lightning","PreservedInsect","Molten Egg 2","Tiny House","Potion Belt","Dream Catcher"],"potions_floor_usage":[50],"damage_taken":[{"damage":9.0,"enemies":"2 Louse","floor":1.0,"turns":2.0},{"damage":4.0,"enemies":"Cultist","floor":4.0,"turns":3.0},{"damage":8.0,"enemies":"Small Slimes","floor":7.0,"turns":2.0},{"damage":10.0,"enemies":"3 Sentries","floor":10.0,"turns":3.0},{"damage":30.0,"enemies":"Lagavulin","floor":12.0,"turns":5.0},{"damage":3.0,"enemies":"Exordium Wildlife","floor":13.0,"turns":3.0},{"damage":2.0,"enemies":"Blue Slaver","floor":14.0,"turns":2.0},{"damage":20.0,"enemies":"Slime Boss","floor":16.0,"turns":6.0},{"damage":0.0,"enemies":"3 Byrds","floor":18.0,"turns":3.0},{"damage":12.0,"enemies":"Chosen","floor":19.0,"turns":2.0},{"damage":24.0,"enemies":"Snake Plant","floor":20.0,"turns":2.0},{"damage":29.0,"enemies":"Shelled Parasite and Fungi","floor":21.0,"turns":4.0},{"damage":19.0,"enemies":"Sentry and Sphere","floor":22.0,"turns":5.0},{"damage":33.0,"enemies":"Book of Stabbing","floor":23.0,"turns":5.0},{"damage":4.0,"enemies":"Snecko","floor":24.0,"turns":3.0},{"damage":13.0,"enemies":"Gremlin Leader","floor":30.0,"turns":3.0},{"damage":0.0,"enemies":"Cultist and Chosen","floor":31.0,"turns":4.0},{"damage":69.0,"enemies":"Collector","floor":33.0,"turns":9.0},{"damage":19.0,"enemies":"3 Shapes","floor":35.0,"turns":10.0},{"damage":6.0,"enemies":"3 Darklings","floor":36.0,"turns":3.0},{"damage":51.0,"enemies":"Writhing Mass","floor":39.0,"turns":8.0},{"damage":8.0,"enemies":"Sphere and 2 Shapes","floor":41.0,"turns":4.0},{"damage":34.0,"enemies":"Giant Head","floor":42.0,"turns":7.0},{"damage":41.0,"enemies":"3 Darklings","floor":45.0,"turns":4.0},{"damage":21.0,"enemies":"Writhing Mass","floor":47.0,"turns":6.0},{"damage":23.0,"enemies":"4 Shapes","floor":48.0,"turns":6.0},{"damage":105,"enemies":"Awakened One","floor":50,"turns":8}],"seed_played":"-8378537116322024949","potions_obtained":[{"floor":10.0,"key":"Dexterity Potion"},{"floor":12.0,"key":"Swift Potion"},{"floor":13.0,"key":"PowerPotion"},{"floor":19.0,"key":"Explosive Potion"},{"floor":22.0,"key":"Fire Potion"},{"floor":23.0,"key":"Explosive Potion"},{"floor":24.0,"key":"Dexterity Potion"},{"floor":34.0,"key":"Block Potion"},{"floor":35.0,"key":"SpeedPotion"},{"floor":47.0,"key":"Strength Potion"},{"floor":48.0,"key":"Fire Potion"}],"is_trial":false,"path_per_floor":["M","?","?","M","$","R","M","R","T","E","R","E","M","M","R","B",null,"M","M","M","M","M","E","M","R","T","?","?","R","E","M","R","B",null,"M","M","?","?","M","R","M","E","T","R","M","R","M","M","R","B"],"character_chosen":"IRONCLAD","items_purchased":[],"campfire_rested":3,"item_purchase_floors":[],"current_hp_per_floor":[69,69,69,71,71,71,69,69,69,65,65,41,44,48,48,34,63,69,63,45,32,26,14,16,37,37,37,37,58,68,72,72,22,65,73,73,73,73,32,55,69,54,54,54,42,42,27,62,62,0],"gold":688,"neow_bonus":"THREE_RARE_CARDS","is_prod":false,"is_daily":false,"chose_seed":false,"campfire_upgraded":8,"win_rate":0,"timestamp":1552801956,"path_taken":["M","?","?","M","$","R","M","R","T","E","R","E","M","M","R","BOSS","M","M","M","?","M","E","M","R","T","?","?","R","E","M","R","BOSS","M","M","?","?","M","R","M","E","T","R","M","R","M","M","R","BOSS"],"build_version":"2019-01-23","purchased_purges":1,"victory":false,"max_hp_per_floor":[72,72,72,72,72,72,72,72,72,72,72,72,72,72,72,72,72,72,72,72,72,72,72,72,72,72,72,72,72,72,72,72,72,77,77,77,77,77,77,77,77,77,77,77,77,77,77,77,77,77],"card_choices":[{"not_picked":["Brutality","Demon Form"],"picked":"Immolate","floor":0.0},{"not_picked":["Warcry","Entrench"],"picked":"Perfected Strike","floor":1.0},{"not_picked":["Havoc","Cleave"],"picked":"Seeing Red","floor":4.0},{"not_picked":["Flex","Warcry"],"picked":"Shrug It Off","floor":7.0},{"not_picked":["Rage","Whirlwind"],"picked":"Thunderclap","floor":10.0},{"not_picked":["Seeing Red","Feel No Pain"],"picked":"Spot Weakness","floor":12.0},{"not_picked":["Sentinel","Flex"],"picked":"Limit Break","floor":13.0},{"not_picked":["Cleave","Fire Breathing"],"picked":"Iron Wave","floor":14.0},{"not_picked":["Limit Break","Fiend Fire"],"picked":"Reaper","floor":16.0},{"not_picked":["Wild Strike","Reckless Charge"],"picked":"Perfected Strike","floor":18.0},{"not_picked":["Flex","Reckless Charge"],"picked":"Metallicize","floor":19.0},{"not_picked":["Seeing Red","Immolate"],"picked":"Iron Wave","floor":20.0},{"not_picked":["Reckless Charge","Clothesline+1"],"picked":"Sword Boomerang","floor":21.0},{"not_picked":["Carnage+1","Clash+1"],"picked":"Iron Wave","floor":22.0},{"not_picked":["Perfected Strike","Clash"],"picked":"Blood for Blood","floor":23.0},{"not_picked":["Hemokinesis","Dropkick","Searing Blow"],"picked":"SKIP","floor":24.0},{"not_picked":["Headbutt","Spot Weakness+1"],"picked":"Immolate","floor":30.0},{"not_picked":["Inflame","Perfected Strike+1"],"picked":"Shrug It Off","floor":31.0},{"not_picked":["Fiend Fire+1","Double Tap"],"picked":"Reaper+1","floor":33.0},{"not_picked":["Sentinel","Ghostly Armor"],"picked":"Shrug It Off+1","floor":34.0},{"not_picked":["Heavy Blade+1","Pummel+1"],"picked":"Shrug It Off+1","floor":35.0},{"not_picked":["Body Slam+1","Wild Strike+1"],"picked":"Metallicize+1","floor":36.0},{"not_picked":["Armaments","Heavy Blade+1"],"picked":"Twin Strike+1","floor":39.0},{"not_picked":["Anger+1","Double Tap"],"picked":"Inflame+1","floor":41.0},{"not_picked":["Wild Strike+1","Clash+1"],"picked":"Iron Wave+1","floor":42.0},{"not_picked":["Uppercut+1","Dual Wield+1"],"picked":"Inflame","floor":45.0},{"not_picked":["Clothesline+1","Shrug It Off+1"],"picked":"Twin Strike+1","floor":47.0},{"not_picked":["Cleave+1","Power Through"],"picked":"Warcry+1","floor":48.0}],"player_experience":491460,"relics_obtained":[{"floor":9.0,"key":"Happy Flower"},{"floor":10.0,"key":"Mummified Hand"},{"floor":12.0,"key":"Gambling Chip"},{"floor":23.0,"key":"Ornamental Fan"},{"floor":26.0,"key":"Bottled Lightning"},{"floor":30.0,"key":"Molten Egg 2"},{"floor":42.0,"key":"Potion Belt"},{"floor":43.0,"key":"Dream Catcher"}],"event_choices":[{"damage_healed":0.0,"max_hp_gain":0.0,"max_hp_loss":0.0,"gold_gain":0.0,"event_name":"Big Fish","player_choice":"Box","floor":2.0,"gold_loss":0.0,"damage_taken":0.0,"relics_obtained":["Centennial Puzzle"],"cards_obtained":["Regret"]},{"damage_healed":0.0,"max_hp_gain":0.0,"max_hp_loss":0.0,"gold_gain":0.0,"cards_transformed":["Defend_R"],"event_name":"Transmorgrifier","player_choice":"Transformed","floor":3.0,"gold_loss":0.0,"damage_taken":0.0,"cards_obtained":["Spot Weakness"]},{"damage_healed":0.0,"max_hp_gain":0.0,"max_hp_loss":0.0,"gold_gain":0.0,"event_name":"Vampires","player_choice":"Ignored","floor":27.0,"gold_loss":0.0,"damage_taken":0.0},{"damage_healed":0.0,"max_hp_gain":0.0,"max_hp_loss":0.0,"gold_gain":0.0,"event_name":"Addict","player_choice":"Obtained Relic","floor":28.0,"gold_loss":85.0,"damage_taken":0.0,"relics_obtained":["PreservedInsect"]},{"cards_removed":["Defend_R"],"damage_healed":0.0,"max_hp_gain":0.0,"max_hp_loss":0.0,"gold_gain":0.0,"event_name":"Falling","player_choice":"Removed Skill","floor":37.0,"gold_loss":0.0,"damage_taken":0.0},{"damage_healed":0.0,"max_hp_gain":0.0,"max_hp_loss":0.0,"gold_gain":0.0,"event_name":"Mysterious Sphere","player_choice":"Ignored","floor":38.0,"gold_loss":0.0,"damage_taken":0.0}],"is_beta":false,"boss_relics":[{"not_picked":["Sozu","White Beast Statue"],"picked":"Cursed Key"},{"not_picked":["Calling Bell","Fusion Hammer"],"picked":"Tiny House"}],"items_purged_floors":[5],"is_endless":false,"potions_floor_spawned":[10,12,13,14,19,22,23,24,35,41,47,48],"killed_by":"Awakened One","ascension_level":11}