{"gold_per_floor":[115,133,58,133,148,148,174,174,228,228,228,228,243,243,243,342,342,362,362,362,376,376,376,376],"floor_reached":24,"playtime":1123,"items_purged":["Strike_B"],"score":250,"play_id":"49b163e5-fb72-4a48-9685-074c16cdc5fc","local_time":"20190226174544","is_ascension_mode":true,"campfire_choices":[{"data":"Chaos","floor":6.0,"key":"SMITH"},{"floor":10.0,"key":"REST"},{"data":"Zap","floor":12.0,"key":"SMITH"},{"floor":15.0,"key":"REST"},{"data":"Machine Learning","floor":23,"key":"SMITH"}],"neow_cost":"NONE","seed_source_timestamp":0,"circlet_count":0,"master_deck":["Strike_B","Strike_B","Defend_B","Defend_B","Defend_B","Zap+1","Dualcast","Chaos+1","Conserve Battery","Leap","Cold Snap","Loop","Machine Learning+1","Chill+1","RitualDagger"],"special_seed":0,"relics":["Cracked Core","Ancient Tea Set","Orichalcum","Regal Pillow","Velvet Choker"],"potions_floor_usage":[24],"damage_taken":[{"damage":1.0,"enemies":"Cultist","floor":1.0,"turns":3.0},{"damage":5.0,"enemies":"2 Louse","floor":2.0,"turns":3.0},{"damage":2.0,"enemies":"Jaw Worm","floor":5.0,"turns":4.0},{"damage":39.0,"enemies":"3 Sentries","floor":7.0,"turns":8.0},{"damage":0.0,"enemies":"Looter","floor":13.0,"turns":3.0},{"damage":42.0,"enemies":"Slime Boss","floor":16.0,"turns":14.0},{"damage":5.0,"enemies":"Shell Parasite","floor":18.0,"turns":10.0},{"damage":4,"enemies":"Spheric Guardian","floor":21,"turns":4},{"damage":42,"enemies":"Gremlin Leader","floor":24,"turns":6}],"seed_played":"9147490148554109491","potions_obtained":[{"floor":1.0,"key":"EssenceOfSteel"},{"floor":5.0,"key":"FearPotion"},{"floor":7.0,"key":"Weak Potion"},{"floor":21,"key":"PowerPotion"}],"is_trial":false,"path_per_floor":["M","M","$","?","M","R","E","?","T","R","?","R","M","?","R","B",null,"M","?","?","M","?","R","E"],"character_chosen":"DEFECT","items_purchased":[],"campfire_rested":2,"item_purchase_floors":[],"current_hp_per_floor":[67,62,62,51,49,49,10,10,10,47,47,47,47,40,75,33,65,60,60,46,42,36,36,0],"gold":376,"neow_bonus":"RANDOM_COMMON_RELIC","is_prod":false,"is_daily":false,"chose_seed":false,"campfire_upgraded":3,"win_rate":0,"timestamp":1551231944,"path_taken":["M","M","?","?","?","R","E","?","T","R","?","R","?","?","R","BOSS","M","?","?","M","?","R","E"],"build_version":"2019-01-23","purchased_purges":1,"victory":false,"max_hp_per_floor":[75,75,75,75,75,75,75,75,75,75,75,75,75,75,75,75,75,75,75,80,80,80,80,80],"card_choices":[{"not_picked":["Compile Driver","Ball Lightning"],"picked":"Chaos","floor":1.0},{"not_picked":["Leap","Compile Driver"],"picked":"Conserve Battery","floor":2.0},{"not_picked":["Hologram","Streamline"],"picked":"Leap","floor":5.0},{"not_picked":["Amplify","Gash"],"picked":"Cold Snap","floor":7.0},{"not_picked":["Coolheaded","Hologram"],"picked":"Loop","floor":13.0},{"not_picked":["Hyperbeam","Amplify"],"picked":"Machine Learning","floor":16.0},{"not_picked":["Reinforced Body","Turbo"],"picked":"Chill+1","floor":18},{"not_picked":["Darkness","Beam Cell","Redo"],"picked":"SKIP","floor":21}],"player_experience":361961,"relics_obtained":[{"floor":7.0,"key":"Orichalcum"},{"floor":9.0,"key":"Regal Pillow"}],"event_choices":[{"damage_healed":0.0,"max_hp_gain":0.0,"max_hp_loss":0.0,"gold_gain":75.0,"event_name":"World of Goop","player_choice":"Gather Gold","floor":4.0,"gold_loss":0.0,"damage_taken":11.0},{"damage_healed":0.0,"max_hp_gain":0.0,"max_hp_loss":0.0,"gold_gain":0.0,"event_name":"Shining Light","player_choice":"Ignored","floor":8.0,"gold_loss":0.0,"damage_taken":0.0},{"cards_removed":["Strike_B"],"damage_healed":0.0,"max_hp_gain":0.0,"max_hp_loss":0.0,"gold_gain":0.0,"event_name":"Bonfire Elementals","player_choice":"Offered Basic","floor":11.0,"gold_loss":0.0,"damage_taken":0.0},{"cards_removed":["Defend_B"],"damage_healed":0.0,"max_hp_gain":0.0,"max_hp_loss":0.0,"gold_gain":0.0,"event_name":"Golden Wing","player_choice":"Card Removal","floor":14.0,"gold_loss":0.0,"damage_taken":7.0},{"damage_healed":0,"gold_gain":0,"player_choice":"Ignored","damage_taken":0,"max_hp_gain":0,"max_hp_loss":0,"event_name":"Ghosts","floor":19,"gold_loss":0},{"damage_healed":0,"gold_gain":0,"player_choice":"Shed Blood","damage_taken":19,"max_hp_gain":5,"max_hp_loss":0,"event_name":"Forgotten Altar","floor":20,"gold_loss":0},{"damage_healed":0,"gold_gain":0,"player_choice":"Joined the Cult","damage_taken":6,"max_hp_gain":0,"max_hp_loss":0,"event_name":"Nest","floor":22,"gold_loss":0,"cards_obtained":["RitualDagger"]}],"is_beta":false,"boss_relics":[{"not_picked":["Pandora\u0027s Box","Orrery"],"picked":"Velvet Choker"}],"items_purged_floors":[3],"is_endless":false,"potions_floor_spawned":[1,5,7,21],"killed_by":"Gremlin Leader","ascension_level":6}