{"gold_per_floor":[359,106,116,134,144,144,173,191,191,191],"floor_reached":10,"playtime":727,"items_purged":[],"score":91,"play_id":"a02c6e78-d0dc-4ea4-a5be-6b8803b0cffa","local_time":"20190220192225","is_ascension_mode":true,"campfire_choices":[{"data":"Fire Breathing","floor":6,"key":"SMITH"}],"neow_cost":"PERCENT_DAMAGE","seed_source_timestamp":436278603503281,"circlet_count":0,"master_deck":["Strike_R","Strike_R","Strike_R","Strike_R","Strike_R","Defend_R","Defend_R","Defend_R","Defend_R","Bash","Shrug It Off","Cleave","Fire Breathing+1","Pommel Strike","Havoc","Inflame"],"relics":["Burning Blood","Mercury Hourglass","PreservedInsect","Bottled Lightning"],"potions_floor_usage":[5],"damage_taken":[{"damage":14,"enemies":"Cultist","floor":1,"turns":5},{"damage":7,"enemies":"Small Slimes","floor":3,"turns":3},{"damage":0,"enemies":"2 Louse","floor":4,"turns":2},{"damage":12,"enemies":"Exordium Wildlife","floor":5,"turns":4},{"damage":37,"enemies":"Lagavulin","floor":7,"turns":8},{"damage":8,"enemies":"Blue Slaver","floor":8,"turns":4},{"damage":15,"enemies":"3 Sentries","floor":10,"turns":2}],"seed_played":"7419972455297266787","potions_obtained":[{"floor":3,"key":"PowerPotion"},{"floor":4,"key":"PowerPotion"},{"floor":7,"key":"AttackPotion"}],"is_trial":false,"path_per_floor":["M","$","M","M","M","R","E","M","T","E"],"character_chosen":"IRONCLAD","items_purchased":["Mercury Hourglass"],"campfire_rested":0,"item_purchase_floors":[2],"current_hp_per_floor":[43,43,42,48,42,42,11,9,9,0],"gold":191,"neow_bonus":"TWO_FIFTY_GOLD","is_prod":false,"is_daily":false,"chose_seed":false,"campfire_upgraded":1,"win_rate":0,"timestamp":1550719345,"path_taken":["M","$","M","?","M","R","E","M","T","E"],"build_version":"2019-01-23","purchased_purges":0,"victory":false,"max_hp_per_floor":[80,80,80,80,80,80,80,80,80,80],"card_choices":[{"not_picked":["Shockwave","True Grit"],"picked":"Shrug It Off","floor":1},{"not_picked":["Uppercut","Havoc"],"picked":"Cleave","floor":3},{"not_picked":["Anger","Flame Barrier"],"picked":"Fire Breathing","floor":4},{"not_picked":["Body Slam","Warcry"],"picked":"Pommel Strike","floor":5},{"not_picked":["Dark Embrace","Heavy Blade"],"picked":"Havoc","floor":7},{"not_picked":["Body Slam","Anger"],"picked":"Inflame","floor":8}],"player_experience":298290,"relics_obtained":[{"floor":7,"key":"PreservedInsect"},{"floor":9,"key":"Bottled Lightning"}],"event_choices":[],"is_beta":false,"boss_relics":[],"items_purged_floors":[],"is_endless":false,"potions_floor_spawned":[3,4,7],"killed_by":"3 Sentries","ascension_level":6}