{"gold_per_floor":[116,136,136,153,169,203,203,223,247,247,258,52,65,76,76,175,175,190,289,301,316,72,72],"floor_reached":23,"playtime":1586,"items_purged":[],"score":246,"play_id":"bcc3de46-dc3e-4f7c-9e72-300c8183a13f","local_time":"20190210184953","is_ascension_mode":true,"campfire_choices":[{"floor":7,"key":"REST"},{"floor":10,"key":"REST"},{"floor":15,"key":"REST"}],"neow_cost":"TEN_PERCENT_HP_LOSS","seed_source_timestamp":713525662645486,"circlet_count":0,"master_deck":["Defend_G","Defend_G","Defend_G","Defend_G","Strike_G","Strike_G","Strike_G","Strike_G+1","Survivor","Neutralize","Caltrops+1","Slice","Riddle With Holes","Quick Slash","Footwork","Backstab","Footwork","Quick Slash","Flying Knee","A Thousand Cuts","Dagger Throw","Corpse Explosion","Infinite Blades","Dagger Spray+1","Glass Knife"],"relics":["Ring of the Snake","Lantern","Centennial Puzzle","HandDrill","Velvet Choker","Meat on the Bone"],"potions_floor_usage":[6,11,20],"damage_taken":[{"damage":1,"enemies":"2 Louse","floor":1,"turns":3},{"damage":12,"enemies":"Small Slimes","floor":2,"turns":3},{"damage":0,"enemies":"Cultist","floor":4,"turns":3},{"damage":0,"enemies":"Blue Slaver","floor":5,"turns":4},{"damage":30,"enemies":"Lagavulin","floor":6,"turns":6},{"damage":4,"enemies":"Exordium Wildlife","floor":8,"turns":3},{"damage":21,"enemies":"Exordium Thugs","floor":11,"turns":3},{"damage":0,"enemies":"3 Louse","floor":13,"turns":3},{"damage":0,"enemies":"Large Slime","floor":14,"turns":4},{"damage":17,"enemies":"Hexaghost","floor":16,"turns":9},{"damage":11,"enemies":"3 Byrds","floor":18,"turns":3},{"damage":2,"enemies":"Chosen","floor":20,"turns":4},{"damage":11,"enemies":"3 Cultists","floor":21,"turns":4},{"damage":33,"enemies":"Book of Stabbing","floor":23,"turns":3}],"seed_played":"3718675480110318505","potions_obtained":[{"floor":1,"key":"Explosive Potion"},{"floor":4,"key":"AttackPotion"},{"floor":11,"key":"SneckoOil"},{"floor":16,"key":"Explosive Potion"},{"floor":21,"key":"FearPotion"}],"is_trial":false,"path_per_floor":["M","M","?","M","M","E","R","M","T","R","M","$","M","M","R","B",null,"M","?","M","M","$","E"],"character_chosen":"THE_SILENT","items_purchased":["HandDrill","Meat on the Bone"],"campfire_rested":3,"item_purchase_floors":[12,22],"current_hp_per_floor":[62,50,37,37,37,7,25,21,21,39,18,18,18,18,36,19,52,41,41,39,28,28,0],"gold":72,"neow_bonus":"TRANSFORM_TWO_CARDS","is_prod":false,"is_daily":false,"chose_seed":false,"campfire_upgraded":0,"win_rate":0,"timestamp":1549853393,"path_taken":["M","M","?","M","M","E","R","M","T","R","M","$","M","M","R","BOSS","M","?","M","M","$","E"],"build_version":"2019-01-23","purchased_purges":0,"victory":false,"max_hp_per_floor":[63,63,63,63,63,63,63,63,63,63,63,63,63,63,63,63,63,63,63,63,63,63,63],"card_choices":[{"not_picked":["Cloak And Dagger","Dagger Spray"],"picked":"Riddle With Holes","floor":1},{"not_picked":["Outmaneuver","PiercingWail"],"picked":"Quick Slash","floor":2},{"not_picked":["Eviscerate","Deflect"],"picked":"Footwork","floor":4},{"not_picked":["Sucker Punch","Endless Agony"],"picked":"Backstab","floor":5},{"not_picked":["Outmaneuver","Acrobatics"],"picked":"Footwork","floor":6},{"not_picked":["Slice","Outmaneuver"],"picked":"Quick Slash","floor":8},{"not_picked":["Outmaneuver","Backflip"],"picked":"Flying Knee","floor":11},{"not_picked":["Eviscerate","PiercingWail"],"picked":"A Thousand Cuts","floor":13},{"not_picked":["Finisher","Outmaneuver"],"picked":"Dagger Throw","floor":14},{"not_picked":["Glass Knife","Storm of Steel"],"picked":"Corpse Explosion","floor":16},{"not_picked":["Deadly Poison","Acrobatics"],"picked":"Infinite Blades","floor":18},{"not_picked":["Prepared+1","Expertise+1"],"picked":"Dagger Spray+1","floor":20},{"not_picked":["Sucker Punch","Backflip"],"picked":"Glass Knife","floor":21}],"player_experience":238495,"relics_obtained":[{"floor":6,"key":"Lantern"},{"floor":9,"key":"Centennial Puzzle"}],"event_choices":[{"damage_healed":0,"gold_gain":0,"player_choice":"Entered Light","damage_taken":13,"max_hp_gain":0,"max_hp_loss":0,"event_name":"Shining Light","floor":3,"gold_loss":0,"cards_upgraded":["Strike_G","Caltrops"]},{"damage_healed":0,"gold_gain":99,"player_choice":"Stole From Cult","damage_taken":0,"max_hp_gain":0,"max_hp_loss":0,"event_name":"Nest","floor":19,"gold_loss":0}],"is_beta":false,"boss_relics":[{"not_picked":["Ectoplasm","Calling Bell"],"picked":"Velvet Choker"}],"items_purged_floors":[],"is_endless":false,"potions_floor_spawned":[1,4,11,16,21],"killed_by":"Book of Stabbing","ascension_level":5}