{"gold_per_floor":[10,28,28,28,28,87,87,105,132,144,155,179,179,196,196,294,294,311,236,252,277,277,305,305],"floor_reached":24,"playtime":1518,"items_purged":["Regret"],"score":227,"play_id":"98c67871-e4f9-4792-9384-61f6aeddb531","local_time":"20180903180530","is_ascension_mode":true,"campfire_choices":[{"data":"Zap","floor":7,"key":"SMITH"},{"data":"Conserve Battery","floor":13,"key":"SMITH"},{"floor":15,"key":"REST"}],"neow_cost":"NO_GOLD","seed_source_timestamp":26878678796075,"circlet_count":0,"master_deck":["Strike_B+1","Defend_B+1","Defend_B","Defend_B","Defend_B","Zap+1","Dualcast+1","Glacier","Gash+1","Melter","Go for the Eyes","Conserve Battery+1","Capacitor","Gash","Streamline","Echo Form","FTL","Compile Driver+1","Leap"],"relics":["Cracked Core","Boot","Tiny Chest","Art of War","Orichalcum","Black Star","Juzu Bracelet","MutagenicStrength","War Paint","Whetstone"],"potions_floor_usage":[16,16,18],"damage_taken":[{"damage":0,"enemies":"Small Slimes","floor":1,"turns":4},{"damage":0,"enemies":"2 Louse","floor":2,"turns":3},{"damage":18,"enemies":"Lagavulin","floor":6,"turns":6},{"damage":2,"enemies":"Cultist","floor":8,"turns":3},{"damage":7,"enemies":"Large Slime","floor":10,"turns":7},{"damage":1,"enemies":"3 Louse","floor":11,"turns":3},{"damage":1,"enemies":"Looter","floor":14,"turns":3},{"damage":22,"enemies":"The Guardian","floor":16,"turns":10},{"damage":8,"enemies":"Chosen","floor":18,"turns":6},{"damage":4,"enemies":"3 Byrds","floor":20,"turns":4},{"damage":59,"enemies":"Slavers","floor":23,"turns":6},{"damage":5,"enemies":"Snake Plant","floor":24,"turns":1}],"seed_played":"3807559379692699969","potions_obtained":[{"floor":1,"key":"SpeedPotion"},{"floor":6,"key":"Dexterity Potion"},{"floor":8,"key":"Strength Potion"}],"is_trial":false,"path_per_floor":["M","M","?","?","?","E","R","M","T","M","M","T","R","M","R","B",null,"M","$","M","T","?","E"],"character_chosen":"DEFECT","items_purchased":[],"campfire_rested":1,"item_purchase_floors":[],"current_hp_per_floor":[75,75,75,75,75,57,57,55,55,48,47,47,47,46,68,46,75,67,67,63,63,63,4,0],"gold":305,"neow_bonus":"REMOVE_TWO","is_prod":false,"is_daily":false,"chose_seed":false,"campfire_upgraded":2,"win_rate":0,"timestamp":1536023130,"path_taken":["M","M","?","?","?","E","R","M","T","M","?","?","R","M","R","BOSS","M","$","M","?","?","E","M"],"build_version":"2018-08-30","purchased_purges":1,"victory":false,"max_hp_per_floor":[75,75,75,75,75,75,75,75,75,75,75,75,75,75,75,75,75,75,75,75,75,75,75,75],"card_choices":[{"not_picked":["Sweeping Beam","Reinforced Body"],"picked":"Glacier","floor":1},{"not_picked":["BootSequence","Hello World"],"picked":"Gash","floor":2},{"not_picked":["Heatsinks","Stack"],"picked":"Go for the Eyes","floor":6},{"not_picked":["Rebound","Cold Snap"],"picked":"Conserve Battery","floor":8},{"not_picked":["Undo","Coolheaded"],"picked":"Capacitor","floor":10},{"not_picked":["Reinforced Body","Scrape"],"picked":"Gash","floor":11},{"not_picked":["Chaos","Stack"],"picked":"Streamline","floor":14},{"not_picked":["Reboot","Buffer"],"picked":"Echo Form","floor":16},{"not_picked":["Beam Cell","Blizzard"],"picked":"FTL","floor":18},{"not_picked":["Hologram","Ball Lightning"],"picked":"Compile Driver+1","floor":20},{"not_picked":["White Noise","Hologram"],"picked":"Leap","floor":23}],"player_experience":114419,"relics_obtained":[{"floor":6,"key":"Tiny Chest"},{"floor":9,"key":"Art of War"},{"floor":12,"key":"Orichalcum"},{"floor":21,"key":"Juzu Bracelet"},{"floor":23,"key":"War Paint"},{"floor":23,"key":"Whetstone"}],"event_choices":[{"event_name":"Big Fish","player_choice":"Box","floor":3,"damage_taken":0},{"event_name":"The Cleric","player_choice":"Leave","floor":4,"damage_taken":0},{"event_name":"Living Wall","player_choice":"Change","floor":5,"damage_taken":0},{"event_name":"Drug Dealer","player_choice":"Inject Mutagens","floor":22,"damage_taken":0}],"is_beta":false,"boss_relics":[{"not_picked":["Runic Dome","Cursed Key"],"picked":"Black Star"}],"items_purged_floors":[19],"is_endless":false,"potions_floor_spawned":[1,6,8,11],"killed_by":"Snake Plant","ascension_level":1}