{"gold_per_floor":[114,264,50,67,167,167,201,201,227,227,240,267,287,306,306,383,383,400,6,21,21,21,31,43,54,54,54,64,97,97,117,117,191,191,201,35,54,154,454,454,479,492,492,512,512,524,541,0,0,0],"floor_reached":51,"playtime":4710,"items_purged":["Doubt"],"score":1461,"play_id":"2ba7b9b0-f255-412c-a2cf-357f797b3043","local_time":"20190321140734","is_ascension_mode":true,"campfire_choices":[{"data":"True Grit","floor":6.0,"key":"SMITH"},{"data":"Evolve","floor":8.0,"key":"SMITH"},{"data":"Cleave","floor":10.0,"key":"SMITH"},{"data":"Demon Form","floor":15.0,"key":"SMITH"},{"floor":30.0,"key":"DIG"},{"floor":32.0,"key":"DIG"},{"floor":40.0,"key":"DIG"},{"floor":49,"key":"DIG"}],"neow_cost":"NONE","seed_source_timestamp":10604099055519,"circlet_count":0,"master_deck":["AscendersBane","Defend_R","Defend_R","Defend_R","Bash","Cleave+1","True Grit+1","Evolve+1","Shrug It Off+1","Reaper","Sword Boomerang","Demon Form+1","Flame Barrier+1","Limit Break+1","Wild Strike","Flex+1","Limit Break+1","Bite+1","Bite+1","Bite+1","Bite+1","Bite+1","Heavy Blade+1","Warcry+1","Battle Trance+1","Warcry+1","Sentinel+1","Iron Wave+1","Rage+1","Entrench+1","Feed+1","Inflame+1","Shrug It Off+1","Headbutt+1","Shrug It Off+1","Thunderclap+1","Iron Wave+1","Sentinel+1","Burning Pact+1","Uppercut+1"],"special_seed":0,"relics":["Burning Blood","NeowsBlessing","Toxic Egg 2","Boot","Oddly Smooth Stone","Fusion Hammer","Molten Egg 2","Sundial","Shovel","Dodecahedron","Paper Frog","Philosopher\u0027s Stone","Torii","Mercury Hourglass","Self Forming Clay","Ornamental Fan","Red Mask","Bottled Tornado"],"potions_floor_usage":[50],"damage_taken":[{"damage":0.0,"enemies":"2 Louse","floor":1.0,"turns":1.0},{"damage":0.0,"enemies":"Jaw Worm","floor":4.0,"turns":1.0},{"damage":0.0,"enemies":"Gremlin Nob","floor":7.0,"turns":1.0},{"damage":0.0,"enemies":"Cultist","floor":11.0,"turns":4.0},{"damage":20.0,"enemies":"3 Sentries","floor":12.0,"turns":8.0},{"damage":2.0,"enemies":"2 Fungi Beasts","floor":13.0,"turns":3.0},{"damage":0.0,"enemies":"3 Louse","floor":14.0,"turns":2.0},{"damage":56.0,"enemies":"Hexaghost","floor":16.0,"turns":9.0},{"damage":41.0,"enemies":"2 Thieves","floor":18.0,"turns":5.0},{"damage":8.0,"enemies":"Chosen","floor":20.0,"turns":7.0},{"damage":39.0,"enemies":"Shelled Parasite and Fungi","floor":23.0,"turns":4.0},{"damage":31.0,"enemies":"Chosen and Byrds","floor":24.0,"turns":6.0},{"damage":24.0,"enemies":"Snake Plant","floor":25.0,"turns":4.0},{"damage":20.0,"enemies":"Shelled Parasite and Fungi","floor":28.0,"turns":6.0},{"damage":60.0,"enemies":"Book of Stabbing","floor":29.0,"turns":6.0},{"damage":13.0,"enemies":"Centurion and Healer","floor":31.0,"turns":6.0},{"damage":20.0,"enemies":"Champ","floor":33.0,"turns":5.0},{"damage":9.0,"enemies":"3 Shapes","floor":35.0,"turns":7.0},{"damage":55.0,"enemies":"3 Darklings","floor":37.0,"turns":9.0},{"damage":11.0,"enemies":"Mind Bloom Boss Battle","floor":38.0,"turns":6.0},{"damage":15.0,"enemies":"Nemesis","floor":41.0,"turns":7.0},{"damage":27,"enemies":"Spire Growth","floor":42,"turns":6},{"damage":37,"enemies":"Sphere and 2 Shapes","floor":44,"turns":7},{"damage":36,"enemies":"3 Darklings","floor":46,"turns":10},{"damage":1,"enemies":"Maw","floor":47,"turns":6},{"damage":95,"enemies":"Awakened One","floor":50,"turns":9}],"seed_played":"8110102170954435346","potions_obtained":[{"floor":12.0,"key":"Fruit Juice"},{"floor":18.0,"key":"Dexterity Potion"},{"floor":29.0,"key":"Block Potion"}],"is_trial":false,"path_per_floor":["M","?","$","M","?","R","E","R","T","R","M","E","M","M","R","B",null,"M","$","M","?","?","M","M","M","T","?","M","E","R","M","R","B",null,"M","$","M","?","?","R","E","M","T","M","?","M","M","?","R","B",null],"character_chosen":"IRONCLAD","items_purchased":["True Grit","Energy Potion","Fire Potion","Molten Egg 2","Flex+1","PowerPotion","SmokeBomb","Shrug It Off+1"],"campfire_rested":0,"item_purchase_floors":[3,3,3,19,19,19,36,36],"current_hp_per_floor":[74,74,74,75,75,75,75,75,75,75,75,76,80,80,80,30,68,38,38,62,56,56,56,56,41,41,41,56,47,47,53,53,48,54,57,57,60,64,64,64,65,68,68,61,61,68,68,68,68,54],"gold":0,"neow_bonus":"THREE_ENEMY_KILL","is_prod":false,"is_daily":false,"chose_seed":false,"campfire_upgraded":4,"win_rate":0,"timestamp":1553144854,"path_taken":["M","?","$","M","?","R","E","R","T","R","M","E","M","?","R","BOSS","M","$","M","?","?","M","M","M","T","?","M","E","R","?","R","BOSS","M","?","M","?","?","R","E","M","T","?","?","M","?","?","R","BOSS"],"build_version":"2019-01-23","purchased_purges":1,"victory":true,"max_hp_per_floor":[75,75,75,75,75,75,75,75,75,75,75,80,80,80,80,80,80,80,80,80,56,56,56,56,56,56,56,56,56,56,56,56,56,56,60,60,60,64,64,64,68,68,68,68,68,68,68,68,68,68],"card_choices":[{"not_picked":["Iron Wave","Rage"],"picked":"Cleave","floor":1.0},{"not_picked":["Cleave","Bloodletting"],"picked":"Evolve","floor":4.0},{"not_picked":["Clash","True Grit"],"picked":"Shrug It Off","floor":7.0},{"not_picked":["Headbutt","Warcry+1"],"picked":"Reaper","floor":11.0},{"not_picked":["Iron Wave","Thunderclap"],"picked":"Sword Boomerang","floor":12.0},{"not_picked":["Clash","Perfected Strike"],"picked":"Demon Form","floor":13.0},{"not_picked":["Bloodletting+1","Perfected Strike"],"picked":"Flame Barrier+1","floor":14.0},{"not_picked":["Double Tap+1","Immolate"],"picked":"Limit Break+1","floor":16.0},{"not_picked":["Shrug It Off+1","True Grit+1"],"picked":"Wild Strike","floor":18.0},{"not_picked":["Carnage+1","Clash+1"],"picked":"Limit Break+1","floor":20.0},{"not_picked":["Seeing Red+1","Ghostly Armor+1"],"picked":"Warcry+1","floor":23.0},{"not_picked":["Uppercut+1","Combust+1"],"picked":"Battle Trance+1","floor":24.0},{"not_picked":["Power Through+1","Cleave+1"],"picked":"Warcry+1","floor":25.0},{"not_picked":["Rampage+1","Disarm+1"],"picked":"Iron Wave+1","floor":28.0},{"not_picked":["Shrug It Off+1","Sever Soul+1"],"picked":"Rage+1","floor":29.0},{"not_picked":["Havoc+1","Twin Strike+1"],"picked":"Entrench+1","floor":31.0},{"not_picked":["Dark Embrace","Fiend Fire+1"],"picked":"Feed+1","floor":33.0},{"not_picked":["Blood for Blood+1","Rage+1"],"picked":"Inflame","floor":35.0},{"not_picked":["Cleave+1","Anger+1"],"picked":"Headbutt+1","floor":37.0},{"not_picked":["Hemokinesis+1","Havoc+1"],"picked":"Shrug It Off+1","floor":38.0},{"not_picked":["Sword Boomerang+1","Wild Strike+1"],"picked":"Thunderclap+1","floor":41.0},{"not_picked":["Armaments+1","Body Slam+1"],"picked":"Iron Wave+1","floor":42},{"not_picked":["Combust","Warcry+1"],"picked":"Sentinel+1","floor":44},{"not_picked":["Entrench+1","Evolve"],"picked":"Burning Pact+1","floor":46},{"not_picked":["Armaments+1","Infernal Blade+1"],"picked":"Uppercut+1","floor":47}],"player_experience":378544,"relics_obtained":[{"floor":7.0,"key":"Toxic Egg 2"},{"floor":9.0,"key":"Boot"},{"floor":12.0,"key":"Oddly Smooth Stone"},{"floor":26.0,"key":"Sundial"},{"floor":29.0,"key":"Shovel"},{"floor":30.0,"key":"Dodecahedron"},{"floor":32.0,"key":"Paper Frog"},{"floor":38.0,"key":"Torii"},{"floor":40.0,"key":"Mercury Hourglass"},{"floor":41.0,"key":"Self Forming Clay"},{"floor":43,"key":"Ornamental Fan"},{"floor":49,"key":"Bottled Tornado"}],"event_choices":[{"damage_healed":0.0,"max_hp_gain":0.0,"max_hp_loss":0.0,"gold_gain":150.0,"event_name":"Liars Game","player_choice":"AGREE","floor":2.0,"gold_loss":0.0,"damage_taken":0.0,"cards_obtained":["Doubt"]},{"damage_healed":0.0,"max_hp_gain":0.0,"max_hp_loss":0.0,"gold_gain":100.0,"event_name":"Wheel of Change","player_choice":"Gold","floor":5.0,"gold_loss":0.0,"damage_taken":0.0},{"damage_healed":0.0,"max_hp_gain":0.0,"max_hp_loss":24.0,"gold_gain":0.0,"event_name":"Vampires","player_choice":"Became a vampire","floor":21.0,"gold_loss":0.0,"damage_taken":0.0,"cards_obtained":["Bite","Bite","Bite","Bite","Bite"]},{"damage_healed":0.0,"max_hp_gain":0.0,"max_hp_loss":0.0,"gold_gain":0.0,"event_name":"The Library","player_choice":"Read","floor":22.0,"gold_loss":0.0,"damage_taken":0.0,"cards_obtained":["Heavy Blade"]},{"damage_healed":0.0,"max_hp_gain":0.0,"max_hp_loss":0.0,"gold_gain":0.0,"cards_transformed":["Defend_R"],"event_name":"Transmorgrifier","player_choice":"Transformed","floor":27.0,"gold_loss":0.0,"damage_taken":0.0,"cards_obtained":["Sentinel"]},{"damage_healed":0.0,"max_hp_gain":0.0,"max_hp_loss":0.0,"gold_gain":0.0,"event_name":"MindBloom","player_choice":"Fight","floor":38.0,"gold_loss":0.0,"damage_taken":0.0},{"damage_healed":0.0,"max_hp_gain":0.0,"max_hp_loss":0.0,"gold_gain":300.0,"event_name":"Wheel of Change","player_choice":"Gold","floor":39.0,"gold_loss":0.0,"damage_taken":0.0},{"damage_healed":0,"gold_gain":0,"player_choice":"Forge","damage_taken":0,"max_hp_gain":0,"max_hp_loss":0,"event_name":"Accursed Blacksmith","floor":45,"gold_loss":0,"cards_upgraded":["Inflame"]},{"damage_healed":0,"gold_gain":0,"player_choice":"Paid","damage_taken":0,"relics_obtained":["Red Mask"],"max_hp_gain":0,"max_hp_loss":0,"event_name":"Tomb of Lord Red Mask","floor":48,"gold_loss":541}],"is_beta":false,"boss_relics":[{"not_picked":["Pandora\u0027s Box","Cursed Key"],"picked":"Fusion Hammer"},{"not_picked":["Velvet Choker","Lizard Tail"],"picked":"Philosopher\u0027s Stone"}],"items_purged_floors":[3],"is_endless":false,"potions_floor_spawned":[11,12,18,24,25,29,35,37,38,44,46],"ascension_level":19}