{"gold_per_floor":[116,66,82,7,7,34,34,69,93,105,128,154,166,252,264,404,416,413,425,94,117,65,65,98,98,98,98,98],"floor_reached":28,"playtime":1457,"items_purged":["Strike_B","Injury"],"score":315,"play_id":"5024ebf1-f884-4eb7-b60b-a651fae65fdc","local_time":"20190215010604","is_ascension_mode":true,"campfire_choices":[{"data":"Chaos","floor":7,"key":"SMITH"},{"floor":10,"key":"REST"},{"floor":15,"key":"REST"},{"floor":23,"key":"REST"},{"floor":25,"key":"REST"}],"neow_cost":"CURSE","seed_source_timestamp":53089716841453,"circlet_count":0,"master_deck":["Strike_B","Defend_B","Defend_B","Defend_B","Zap","Dualcast","Clumsy","Chaos+1","White Noise","Coolheaded","Defragment","Streamline","Melter","Machine Learning","Barrage","Barrage","Compile Driver","Loop","Hologram","Auto Shields"],"relics":["Cracked Core","Bag of Marbles","Bag of Preparation","MawBank","Golden Idol","DataDisk","Inserter","Pear","Anchor","Matryoshka"],"potions_floor_usage":[18,18,19,24],"damage_taken":[{"damage":0,"enemies":"2 Louse","floor":1,"turns":2},{"damage":2,"enemies":"Jaw Worm","floor":3,"turns":3},{"damage":28,"enemies":"3 Sentries","floor":6,"turns":5},{"damage":33,"enemies":"Lagavulin","floor":8,"turns":6},{"damage":0,"enemies":"Cultist","floor":11,"turns":4},{"damage":7,"enemies":"Exordium Wildlife","floor":12,"turns":3},{"damage":16,"enemies":"Gremlin Nob","floor":14,"turns":3},{"damage":51,"enemies":"Hexaghost","floor":16,"turns":10},{"damage":26,"enemies":"2 Thieves","floor":18,"turns":4},{"damage":48,"enemies":"Colosseum Slavers","floor":19,"turns":6},{"damage":12,"enemies":"3 Byrds","floor":21,"turns":5},{"damage":39,"enemies":"Gremlin Leader","floor":24,"turns":6},{"damage":45,"enemies":"Shelled Parasite and Fungi","floor":28,"turns":4}],"seed_played":"-2357536468219249502","potions_obtained":[{"floor":3,"key":"EssenceOfSteel"},{"floor":12,"key":"SteroidPotion"},{"floor":16,"key":"LiquidBronze"},{"floor":21,"key":"SteroidPotion"}],"is_trial":false,"path_per_floor":["M","?","M","$","?","E","R","E","T","R","M","M","?","?","R","B",null,"M","?","$","M","$","R","E","R","T","?","M"],"character_chosen":"DEFECT","items_purchased":["Pear","Compile Driver"],"campfire_rested":4,"item_purchase_floors":[20,22],"current_hp_per_floor":[89,89,87,87,89,61,61,28,28,54,54,47,47,31,57,6,89,63,15,25,13,13,42,3,32,32,32,0],"gold":98,"neow_bonus":"TWENTY_PERCENT_HP_BONUS","is_prod":false,"is_daily":false,"chose_seed":false,"campfire_upgraded":1,"win_rate":0,"timestamp":1550221564,"path_taken":["M","?","M","$","?","E","R","E","T","R","M","?","?","?","R","BOSS","M","?","$","M","$","R","E","R","T","?","M"],"build_version":"2019-01-23","purchased_purges":2,"victory":false,"max_hp_per_floor":[89,89,89,89,89,89,89,89,89,89,89,89,89,89,89,89,89,89,89,99,99,99,99,99,99,99,99,99],"card_choices":[{"not_picked":["Barrage","Ball Lightning"],"picked":"Chaos","floor":1},{"not_picked":["Double Energy","Turbo"],"picked":"White Noise","floor":3},{"not_picked":["Cold Snap","Beam Cell"],"picked":"Coolheaded","floor":6},{"not_picked":["Leap","Rip and Tear"],"picked":"Defragment","floor":8},{"not_picked":["Fusion","Beam Cell"],"picked":"Streamline","floor":11},{"not_picked":["Turbo","Stack","Meteor Strike"],"picked":"SKIP","floor":12},{"not_picked":["Sunder","Hello World"],"picked":"Melter","floor":14},{"not_picked":["Hyperbeam","Buffer"],"picked":"Machine Learning","floor":16},{"not_picked":["Darkness","Redo"],"picked":"Barrage","floor":18},{"not_picked":["Gash","Beam Cell"],"picked":"Barrage","floor":21},{"not_picked":["Steam Power+1","Gash"],"picked":"Loop","floor":24}],"player_experience":284132,"relics_obtained":[{"floor":6,"key":"Bag of Marbles"},{"floor":8,"key":"Bag of Preparation"},{"floor":9,"key":"MawBank"},{"floor":14,"key":"DataDisk"},{"floor":24,"key":"Anchor"},{"floor":26,"key":"Matryoshka"}],"event_choices":[{"cards_removed":["Strike_B"],"damage_healed":0,"gold_gain":0,"player_choice":"Card Removal","damage_taken":0,"max_hp_gain":0,"max_hp_loss":0,"event_name":"The Cleric","floor":2,"gold_loss":50},{"damage_healed":2,"gold_gain":0,"player_choice":"Full Heal","damage_taken":0,"max_hp_gain":0,"max_hp_loss":0,"event_name":"Wheel of Change","floor":5,"gold_loss":0},{"damage_healed":0,"gold_gain":0,"player_choice":"Take Wound","damage_taken":0,"relics_obtained":["Golden Idol"],"max_hp_gain":0,"max_hp_loss":0,"event_name":"Golden Idol","floor":13,"gold_loss":0,"cards_obtained":["Injury"]},{"damage_healed":0,"gold_gain":30,"player_choice":"Searched \u00273\u0027 times","damage_taken":0,"max_hp_gain":0,"max_hp_loss":0,"event_name":"Dead Adventurer","floor":14,"gold_loss":0},{"damage_healed":0,"gold_gain":0,"player_choice":"Fight","damage_taken":0,"max_hp_gain":0,"max_hp_loss":0,"event_name":"Colosseum","floor":19,"gold_loss":0},{"damage_healed":0,"gold_gain":0,"player_choice":"Fled From Nobs","damage_taken":0,"max_hp_gain":0,"max_hp_loss":0,"event_name":"Colosseum","floor":19,"gold_loss":0},{"damage_healed":0,"gold_gain":0,"cards_transformed":["Defend_B","Strike_B"],"player_choice":"Became Test Subject","damage_taken":0,"max_hp_gain":0,"max_hp_loss":0,"event_name":"Drug Dealer","floor":27,"gold_loss":0,"cards_obtained":["Hologram","Auto Shields"]}],"is_beta":false,"boss_relics":[{"not_picked":["Orrery","Snecko Eye"],"picked":"Inserter"}],"items_purged_floors":[4,20],"is_endless":false,"potions_floor_spawned":[3,12,16,21],"killed_by":"Shelled Parasite and Fungi","ascension_level":4}