{"gold_per_floor":[11,11,36,50,68,68,112,112,112,112,62,62,85,104,104,223,223,242,111,136,18,43,43,61,61,61,61,85,99,99,49,49,49],"floor_reached":33,"playtime":2847,"items_purged":["Strike_G","Strike_G","Strike_G"],"score":251,"play_id":"9442971f-5800-4563-863a-b6ce0bb21767","local_time":"20180722000224","is_ascension_mode":false,"campfire_choices":[{"data":"Skewer","floor":6,"key":"SMITH"},{"data":"Noxious Fumes","floor":8,"key":"SMITH"},{"floor":12,"key":"REST"},{"floor":15,"key":"REST"},{"data":"Infinite Blades","floor":23,"key":"SMITH"},{"floor":25,"key":"REST"},{"data":"Tools of the Trade","floor":27,"key":"SMITH"},{"floor":32,"key":"REST"}],"neow_cost":"NO_GOLD","seed_source_timestamp":120466206522215,"circlet_count":0,"master_deck":["Defend_G","Defend_G","Defend_G","Defend_G","Defend_G","Survivor","Neutralize","Tools of the Trade+1","Skewer+1","Poisoned Stab","Deadly Poison","Bane","Noxious Fumes+1","Infinite Blades+1","Bullet Time","Venomology","Footwork","Noxious Fumes","Backstab","Noxious Fumes","Quick Slash+1","Accuracy","Prepared","Blade Dance"],"relics":["Ring of the Serpent","Golden Idol","Incense Burner","Smiling Mask","Bottled Tornado"],"potions_floor_usage":[18,18,20,22,24,28,28,29,30,33],"damage_taken":[{"damage":1,"enemies":"Jaw Worm","floor":1,"turns":5},{"damage":1,"enemies":"Cultist","floor":3,"turns":4},{"damage":0,"enemies":"2 Louse","floor":4,"turns":3},{"damage":4,"enemies":"2 Fungi Beasts","floor":5,"turns":4},{"damage":31,"enemies":"3 Sentries","floor":7,"turns":8},{"damage":2,"enemies":"Looter","floor":13,"turns":4},{"damage":5,"enemies":"Blue Slaver","floor":14,"turns":3},{"damage":13,"enemies":"Slime Boss","floor":16,"turns":10},{"damage":4,"enemies":"Shell Parasite","floor":18,"turns":4},{"damage":9,"enemies":"Chosen","floor":20,"turns":5},{"damage":23,"enemies":"3 Cultists","floor":22,"turns":6},{"damage":31,"enemies":"Snake Plant","floor":24,"turns":4},{"damage":12,"enemies":"Centurion and Healer","floor":28,"turns":5},{"damage":7,"enemies":"Snecko","floor":29,"turns":5},{"damage":0,"enemies":"Snake Plant","floor":30,"turns":1},{"damage":52,"enemies":"Champ","floor":33,"turns":9}],"seed_played":"4331171630841975120","potions_obtained":[{"floor":3,"key":"Weak Potion"},{"floor":4,"key":"Regen Potion"},{"floor":13,"key":"SteroidPotion"},{"floor":14,"key":"EssenceOfSteel"},{"floor":22,"key":"SmokeBomb"}],"is_trial":false,"path_per_floor":["M","?","M","M","M","R","E","R","T","?","?","R","M","M","R","B",null,"M","$","M","$","M","R","M","R","T","R","M","M","M","$","R"],"character_chosen":"THE_SILENT","items_purchased":["Noxious Fumes","Noxious Fumes"],"campfire_rested":4,"item_purchase_floors":[19,21],"current_hp_per_floor":[69,52,51,51,47,47,16,16,16,9,9,30,28,23,44,31,70,66,66,69,69,46,46,15,36,36,36,24,17,17,17,38,0],"gold":49,"neow_bonus":"THREE_RARE_CARDS","is_prod":false,"is_daily":false,"chose_seed":false,"campfire_upgraded":4,"win_rate":0,"timestamp":1532242944,"path_taken":["M","?","M","M","M","R","E","R","T","?","?","R","M","M","R","BOSS","M","$","M","$","?","R","?","R","T","R","M","?","?","?","R","BOSS"],"build_version":"2018-07-19v2","purchased_purges":3,"victory":false,"max_hp_per_floor":[70,70,70,70,70,70,70,70,70,70,70,70,70,70,70,70,70,70,70,70,70,70,70,70,70,70,70,70,70,70,70,70,70],"card_choices":[{"not_picked":["Adrenaline","A Thousand Cuts"],"picked":"Tools of the Trade","floor":0},{"not_picked":["Acrobatics","Poisoned Stab"],"picked":"Skewer","floor":1},{"not_picked":["Choke","Eviscerate"],"picked":"Poisoned Stab","floor":3},{"not_picked":["Acrobatics","Outmaneuver"],"picked":"Deadly Poison","floor":4},{"not_picked":["Slice","Expertise"],"picked":"Bane","floor":5},{"not_picked":["Outmaneuver","Slice"],"picked":"Noxious Fumes","floor":7},{"not_picked":["Flying Knee","Acrobatics"],"picked":"Infinite Blades","floor":13},{"not_picked":["Sucker Punch","Underhanded Strike"],"picked":"Bullet Time","floor":14},{"not_picked":["Phantasmal Killer","Envenom"],"picked":"Venomology","floor":16},{"not_picked":["Bouncing Flask+1","Dodge and Roll"],"picked":"Footwork","floor":18},{"not_picked":["Flechettes","Skewer+1"],"picked":"Backstab","floor":20},{"not_picked":["Terror","Endless Agony+1"],"picked":"Quick Slash+1","floor":22},{"not_picked":["Eviscerate","Terror+1"],"picked":"Accuracy","floor":24},{"not_picked":["Quick Slash","Deadly Poison"],"picked":"Prepared","floor":28},{"not_picked":["Finisher+1","Cloak And Dagger"],"picked":"Blade Dance","floor":29}],"player_experience":63661,"relics_obtained":[{"floor":7,"key":"Incense Burner"},{"floor":9,"key":"Smiling Mask"},{"floor":26,"key":"Bottled Tornado"}],"event_choices":[{"event_name":"Golden Idol","player_choice":"Take Damage","floor":2,"damage_taken":0},{"event_name":"Golden Wing","player_choice":"Card Removal","floor":10,"damage_taken":0},{"event_name":"The Cleric","player_choice":"Card Removal","floor":11,"damage_taken":0}],"is_beta":false,"boss_relics":[{"not_picked":["HoveringKite","Ectoplasm"],"picked":"Ring of the Serpent"}],"items_purged_floors":[19,21,31],"is_endless":false,"potions_floor_spawned":[3,4,13,14,22],"killed_by":"Champ","ascension_level":0}