{"gold_per_floor":[111,286,304,316,330,330,392,392],"floor_reached":8,"playtime":483,"items_purged":[],"score":62,"play_id":"56767b76-4bbe-4bb9-b112-e87db1b7f858","local_time":"20190220223556","is_ascension_mode":true,"campfire_choices":[{"floor":6,"key":"REST"}],"neow_cost":"PERCENT_DAMAGE","seed_source_timestamp":448138470961989,"circlet_count":0,"master_deck":["Defend_G","Defend_G","Defend_G","Defend_G+1","Defend_G+1","Strike_G","Strike_G","Strike_G","Survivor","Neutralize","Dagger Spray","Doubt","Slice","Slice","Footwork","Backflip"],"relics":["Ring of the Snake","War Paint"],"potions_floor_usage":[7,7,8],"damage_taken":[{"damage":1,"enemies":"Cultist","floor":1,"turns":4},{"damage":0,"enemies":"Small Slimes","floor":3,"turns":3},{"damage":2,"enemies":"Jaw Worm","floor":4,"turns":3},{"damage":14,"enemies":"Large Slime","floor":5,"turns":12},{"damage":46,"enemies":"Gremlin Nob","floor":7,"turns":7},{"damage":3,"enemies":"Gremlin Gang","floor":8,"turns":2}],"seed_played":"2724262285115504865","potions_obtained":[{"floor":4,"key":"GhostInAJar"},{"floor":5,"key":"AttackPotion"},{"floor":7,"key":"Block Potion"}],"is_trial":false,"path_per_floor":["M","?","M","M","M","R","?","M"],"character_chosen":"THE_SILENT","items_purchased":[],"campfire_rested":1,"item_purchase_floors":[],"current_hp_per_floor":[44,44,44,42,28,49,3,0],"gold":392,"neow_bonus":"REMOVE_TWO","is_prod":false,"is_daily":false,"chose_seed":false,"campfire_upgraded":0,"win_rate":0,"timestamp":1550730956,"path_taken":["M","?","M","M","M","R","?","M"],"build_version":"2019-01-23","purchased_purges":0,"victory":false,"max_hp_per_floor":[70,70,70,70,70,70,70,70],"card_choices":[{"not_picked":["Well Laid Plans","Blade Dance"],"picked":"Dagger Spray","floor":1},{"not_picked":["Outmaneuver","Accuracy"],"picked":"Slice","floor":3},{"not_picked":["Setup","Dodge and Roll"],"picked":"Slice","floor":4},{"not_picked":["Tactician","Sucker Punch"],"picked":"Footwork","floor":5},{"not_picked":["Quick Slash","Blade Dance"],"picked":"Backflip","floor":7}],"player_experience":303123,"relics_obtained":[{"floor":7,"key":"War Paint"}],"event_choices":[{"damage_healed":0,"gold_gain":175,"player_choice":"AGREE","damage_taken":0,"max_hp_gain":0,"max_hp_loss":0,"event_name":"Liars Game","floor":2,"gold_loss":0,"cards_obtained":["Doubt"]},{"damage_healed":0,"gold_gain":0,"player_choice":"Searched \u00271\u0027 times","damage_taken":0,"max_hp_gain":0,"max_hp_loss":0,"event_name":"Dead Adventurer","floor":7,"gold_loss":0}],"is_beta":false,"boss_relics":[],"items_purged_floors":[],"is_endless":false,"potions_floor_spawned":[4,5,7],"killed_by":"Gremlin Gang","ascension_level":6}