{"gold_per_floor":[119,133,149,165,181,181,215,215,215,243,263,263,263,283,283,385,385,396,396,416,416,449,449,476,476,476,491,178,190,190,223,223,320,320,331,346,158,158,172,172,185,7,7,7,7,20,20,35,35,35],"floor_reached":50,"playtime":4378,"items_purged":["Strike_G","Strike_G"],"score":667,"play_id":"5747d786-c0b0-431f-aa39-2d9b79d1bbb8","local_time":"20190224212053","is_ascension_mode":true,"campfire_choices":[{"floor":6,"key":"REST"},{"data":"Neutralize","floor":8,"key":"SMITH"},{"data":"Noxious Fumes","floor":13,"key":"SMITH"},{"floor":15,"key":"REST"},{"floor":23,"key":"REST"},{"floor":25,"key":"REST"},{"floor":30,"key":"REST"},{"floor":32,"key":"REST"},{"floor":40,"key":"REST"},{"data":"Distraction","floor":45,"key":"SMITH"},{"floor":47,"key":"REST"},{"floor":49,"key":"REST"}],"neow_cost":"NONE","seed_source_timestamp":785390712153300,"circlet_count":0,"master_deck":["Defend_G","Defend_G","Defend_G","Defend_G","Defend_G","Survivor","Neutralize+1","Flying Knee","Quick Slash","Distraction+1","Noxious Fumes+1","Noxious Fumes+1","Infinite Blades+1","A Thousand Cuts+1","Blade Dance","Infinite Blades+1","Die Die Die","Infinite Blades+1","Deflect+1","Adrenaline","Noxious Fumes+1","Backflip","Blade Dance+1","Bullet Time","PiercingWail+1","Flash of Steel","Escape Plan+1","Master of Strategy","Deflect+1","Endless Agony"],"relics":["Empty Cage","Frozen Egg 2","Bottled Flame","Orichalcum","WristBlade","Oddly Smooth Stone","Red Mask","Peace Pipe","Shuriken","Blood Vial","The Specimen","HoveringKite","Letter Opener"],"potions_floor_usage":[7,7,7,16,22,31,33,39,41,48,50],"damage_taken":[{"damage":5,"enemies":"Cultist","floor":1,"turns":6},{"damage":3,"enemies":"Jaw Worm","floor":2,"turns":6},{"damage":3,"enemies":"Small Slimes","floor":3,"turns":4},{"damage":1,"enemies":"Looter","floor":4,"turns":4},{"damage":19,"enemies":"Exordium Wildlife","floor":5,"turns":5},{"damage":27,"enemies":"Gremlin Nob","floor":7,"turns":5},{"damage":4,"enemies":"Lagavulin","floor":10,"turns":7},{"damage":7,"enemies":"Blue Slaver","floor":11,"turns":4},{"damage":0,"enemies":"Exordium Thugs","floor":14,"turns":3},{"damage":2,"enemies":"The Guardian","floor":16,"turns":8},{"damage":13,"enemies":"Shell Parasite","floor":18,"turns":4},{"damage":2,"enemies":"Chosen","floor":20,"turns":3},{"damage":31,"enemies":"Masked Bandits","floor":22,"turns":4},{"damage":8,"enemies":"Book of Stabbing","floor":24,"turns":4},{"damage":4,"enemies":"3 Cultists","floor":27,"turns":4},{"damage":7,"enemies":"Snecko","floor":29,"turns":4},{"damage":20,"enemies":"Gremlin Leader","floor":31,"turns":5},{"damage":11,"enemies":"Automaton","floor":33,"turns":6},{"damage":20,"enemies":"3 Shapes","floor":35,"turns":4},{"damage":19,"enemies":"3 Darklings","floor":36,"turns":5},{"damage":1,"enemies":"Spire Growth","floor":39,"turns":4},{"damage":15,"enemies":"Jaw Worm Horde","floor":41,"turns":4},{"damage":30,"enemies":"Maw","floor":46,"turns":6},{"damage":17,"enemies":"Writhing Mass","floor":48,"turns":5},{"damage":67,"enemies":"Awakened One","floor":50,"turns":3}],"seed_played":"258068393418683013","potions_obtained":[{"floor":1,"key":"Regen Potion"},{"floor":4,"key":"GamblersBrew"},{"floor":5,"key":"Ancient Potion"},{"floor":10,"key":"GamblersBrew"},{"floor":11,"key":"GhostInAJar"},{"floor":27,"key":"PowerPotion"},{"floor":29,"key":"Weak Potion"},{"floor":33,"key":"GhostInAJar"},{"floor":35,"key":"Fire Potion"},{"floor":39,"key":"SteroidPotion"},{"floor":46,"key":"Regen Potion"}],"is_trial":false,"path_per_floor":["M","M","M","M","M","R","E","R","T","E","M","?","R","M","R","B",null,"M","T","M","?","?","R","E","R","T","M","$","M","R","E","R","B",null,"M","M","$","?","M","R","M","$","T","?","R","M","R","M","R","B"],"character_chosen":"THE_SILENT","items_purchased":["Blood Vial","Noxious Fumes+1","Flash of Steel","Master of Strategy"],"campfire_rested":9,"item_purchase_floors":[28,28,37,42],"current_hp_per_floor":[58,55,52,51,32,53,41,41,41,37,30,30,30,30,51,49,65,52,52,50,37,6,28,20,42,42,38,38,33,55,37,59,50,69,51,34,34,34,35,57,44,44,44,44,44,16,38,23,45,0],"gold":35,"neow_bonus":"BOSS_RELIC","is_prod":false,"is_daily":false,"chose_seed":false,"campfire_upgraded":3,"win_rate":0,"timestamp":1551072053,"path_taken":["M","M","?","M","M","R","E","R","T","E","M","?","R","M","R","BOSS","M","?","?","?","?","R","E","R","T","M","?","?","R","E","R","BOSS","M","M","$","?","M","R","M","?","T","?","R","M","R","M","R","BOSS"],"build_version":"2019-01-23","purchased_purges":2,"victory":false,"max_hp_per_floor":[70,70,70,70,70,70,70,70,70,70,70,70,70,70,70,70,70,70,70,70,75,75,75,75,75,75,75,75,75,75,75,75,75,75,75,75,75,75,75,75,75,75,75,75,75,75,75,75,75,75],"card_choices":[{"not_picked":["Flechettes","Dodge and Roll"],"picked":"Flying Knee","floor":1},{"not_picked":["Dagger Spray","Reflex"],"picked":"Quick Slash","floor":2},{"not_picked":["Choke","Deflect"],"picked":"Distraction","floor":3},{"not_picked":["Dodge and Roll","Underhanded Strike"],"picked":"Noxious Fumes","floor":4},{"not_picked":["Bouncing Flask","Dodge and Roll"],"picked":"Noxious Fumes","floor":5},{"not_picked":["Burst","Deflect"],"picked":"Infinite Blades","floor":7},{"not_picked":["Choke","Prepared"],"picked":"A Thousand Cuts+1","floor":10},{"not_picked":["Calculated Gamble","Acrobatics"],"picked":"Blade Dance","floor":11},{"not_picked":["Slice","Bane"],"picked":"Infinite Blades+1","floor":14},{"not_picked":["Glass Knife","Doppelganger"],"picked":"Die Die Die","floor":16},{"not_picked":["Escape Plan","Quick Slash"],"picked":"Endless Agony+1","floor":18},{"not_picked":["Dash","Flying Knee+1"],"picked":"Infinite Blades+1","floor":20},{"not_picked":["Prepared","Sucker Punch"],"picked":"Deflect+1","floor":22},{"not_picked":["Poisoned Stab","Deadly Poison"],"picked":"Adrenaline","floor":24},{"not_picked":["Deflect","Outmaneuver+1","Blur"],"picked":"SKIP","floor":27},{"not_picked":["PiercingWail+1","Acrobatics"],"picked":"Backflip","floor":29},{"not_picked":["Leg Sweep+1","Venomology"],"picked":"Blade Dance+1","floor":31},{"not_picked":["Burst","Storm of Steel"],"picked":"Bullet Time","floor":33},{"not_picked":["Slice","Bouncing Flask+1","Sucker Punch+1"],"picked":"SKIP","floor":35},{"not_picked":["Deadly Poison+1","Dagger Throw"],"picked":"PiercingWail+1","floor":36},{"not_picked":["Outmaneuver+1","Flying Knee+1","Slice"],"picked":"SKIP","floor":39},{"not_picked":["Setup+1","Bane+1"],"picked":"Escape Plan+1","floor":41},{"not_picked":["Dagger Spray","Corpse Explosion"],"picked":"Deflect+1","floor":46},{"not_picked":["Cloak And Dagger","Well Laid Plans+1"],"picked":"Endless Agony","floor":48}],"player_experience":347299,"relics_obtained":[{"floor":7,"key":"Frozen Egg 2"},{"floor":9,"key":"Bottled Flame"},{"floor":10,"key":"Orichalcum"},{"floor":19,"key":"Oddly Smooth Stone"},{"floor":22,"key":"Red Mask"},{"floor":24,"key":"Peace Pipe"},{"floor":26,"key":"Shuriken"},{"floor":31,"key":"The Specimen"},{"floor":43,"key":"Letter Opener"}],"event_choices":[{"damage_healed":0,"gold_gain":0,"player_choice":"Upgraded","damage_taken":0,"max_hp_gain":0,"max_hp_loss":0,"event_name":"Upgrade Shrine","floor":12,"gold_loss":0,"cards_upgraded":["Noxious Fumes"]},{"damage_healed":0,"gold_gain":0,"player_choice":"Shed Blood","damage_taken":18,"max_hp_gain":5,"max_hp_loss":0,"event_name":"Forgotten Altar","floor":21,"gold_loss":0},{"damage_healed":0,"gold_gain":0,"player_choice":"Fought Bandits","damage_taken":0,"max_hp_gain":0,"max_hp_loss":0,"event_name":"Masked Bandits","floor":22,"gold_loss":0},{"cards_removed":["Strike_G"],"damage_healed":0,"gold_gain":0,"player_choice":"Purged","damage_taken":0,"max_hp_gain":0,"max_hp_loss":0,"event_name":"Purifier","floor":38,"gold_loss":0},{"cards_removed":["Endless Agony"],"damage_healed":0,"gold_gain":0,"player_choice":"Removed Attack","damage_taken":0,"max_hp_gain":0,"max_hp_loss":0,"event_name":"Falling","floor":44,"gold_loss":0}],"is_beta":false,"boss_relics":[{"not_picked":["Astrolabe","Ectoplasm"],"picked":"WristBlade"},{"not_picked":["Lizard Tail","Cursed Key"],"picked":"HoveringKite"}],"items_purged_floors":[28,37],"is_endless":false,"potions_floor_spawned":[1,4,5,10,11,27,29,33,35,39,46],"killed_by":"Awakened One","ascension_level":7}