{"gold_per_floor":[109,109,109,59,59,59,93,113,113,127,146,146,170,184,184,184],"floor_reached":16,"playtime":889,"items_purged":[],"score":133,"play_id":"c3a0e76e-7d0a-496a-9737-de6e4a58d147","local_time":"20190220220238","is_ascension_mode":true,"campfire_choices":[{"data":"Neutralize","floor":6,"key":"SMITH"},{"floor":15,"key":"REST"}],"neow_cost":"NONE","seed_source_timestamp":445735341359143,"circlet_count":0,"master_deck":["Defend_G","Defend_G","Defend_G","Defend_G","Defend_G","Strike_G","Strike_G","Strike_G","Strike_G","Strike_G","Survivor","Neutralize+1","Cloak And Dagger","Regret","Cloak And Dagger","Venomology","Heel Hook","Dagger Throw","Distraction","Bane"],"relics":["Ring of the Snake","Blood Vial","Golden Idol","Thread and Needle","Ancient Tea Set","Pen Nib","Darkstone Periapt"],"potions_floor_usage":[11,14,16,16,16],"damage_taken":[{"damage":5,"enemies":"Cultist","floor":1,"turns":6},{"damage":54,"enemies":"Lagavulin","floor":7,"turns":12},{"damage":0,"enemies":"2 Louse","floor":8,"turns":3},{"damage":2,"enemies":"Jaw Worm","floor":10,"turns":6},{"damage":0,"enemies":"2 Fungi Beasts","floor":11,"turns":3},{"damage":1,"enemies":"Exordium Thugs","floor":13,"turns":5},{"damage":2,"enemies":"3 Louse","floor":14,"turns":4},{"damage":40,"enemies":"Slime Boss","floor":16,"turns":6}],"seed_played":"-7118064346958116770","potions_obtained":[{"floor":7,"key":"LiquidBronze"},{"floor":10,"key":"Energy Potion"},{"floor":11,"key":"Energy Potion"}],"is_trial":false,"path_per_floor":["M","$","?","?","?","R","E","M","T","M","M","T","M","M","R","B"],"character_chosen":"THE_SILENT","items_purchased":[],"campfire_rested":1,"item_purchase_floors":[],"current_hp_per_floor":[60,60,60,60,60,60,8,10,10,10,12,12,13,13,34,0],"gold":184,"neow_bonus":"RANDOM_COMMON_RELIC","is_prod":false,"is_daily":false,"chose_seed":false,"campfire_upgraded":1,"win_rate":0,"timestamp":1550728958,"path_taken":["M","?","?","?","?","R","E","M","T","?","M","?","M","M","R","BOSS"],"build_version":"2019-01-23","purchased_purges":0,"victory":false,"max_hp_per_floor":[70,70,70,70,70,70,70,70,70,70,70,70,70,70,70,70],"card_choices":[{"not_picked":["Blade Dance","Sucker Punch"],"picked":"Cloak And Dagger","floor":1},{"not_picked":["Leg Sweep","Deadly Poison"],"picked":"Cloak And Dagger","floor":7},{"not_picked":["Riddle With Holes","Backflip"],"picked":"Venomology","floor":8},{"not_picked":["Dodge and Roll","Calculated Gamble"],"picked":"Heel Hook","floor":10},{"not_picked":["Poisoned Stab","Backflip"],"picked":"Dagger Throw","floor":11},{"not_picked":["Masterful Stab","Blade Dance"],"picked":"Distraction","floor":13},{"not_picked":["Deadly Poison","Wraith Form v2"],"picked":"Bane","floor":14}],"player_experience":300744,"relics_obtained":[{"floor":7,"key":"Ancient Tea Set"},{"floor":9,"key":"Pen Nib"},{"floor":12,"key":"Darkstone Periapt"}],"event_choices":[{"damage_healed":0,"gold_gain":0,"player_choice":"Take Wound","damage_taken":0,"relics_obtained":["Golden Idol"],"max_hp_gain":0,"max_hp_loss":0,"event_name":"Golden Idol","floor":3,"gold_loss":0,"cards_obtained":["Injury"]},{"cards_removed":["Injury"],"damage_healed":0,"gold_gain":0,"player_choice":"Card Removal","damage_taken":0,"max_hp_gain":0,"max_hp_loss":0,"event_name":"The Cleric","floor":4,"gold_loss":50},{"damage_healed":0,"gold_gain":0,"player_choice":"Box","damage_taken":0,"relics_obtained":["Thread and Needle"],"max_hp_gain":0,"max_hp_loss":0,"event_name":"Big Fish","floor":5,"gold_loss":0,"cards_obtained":["Regret"]}],"is_beta":false,"boss_relics":[],"items_purged_floors":[],"is_endless":false,"potions_floor_spawned":[7,10,11,13],"killed_by":"Slime Boss","ascension_level":6}