{"gold_per_floor":[117,137,153,103,103,137,137,163,163,163,163,181,181,208,208,308,358,368,45,58,71,0,30,30,56,56,56,76,95,95,95,95,198,198,212,232,232,112,126,158,158,158,183,183,183,202,89,115,115,115],"floor_reached":51,"playtime":2189,"items_purged":["Strike_R"],"score":1142,"play_id":"296fc8d5-40cb-4f64-ba52-8ba2a3288aca","local_time":"20190321091244","is_ascension_mode":true,"campfire_choices":[{"floor":7,"key":"REST"},{"floor":10,"key":"REST"},{"data":"Immolate","floor":13,"key":"SMITH"},{"data":"True Grit","floor":15,"key":"SMITH"},{"floor":24,"key":"REST"},{"floor":27,"key":"REST"},{"data":"Heavy Blade","floor":32,"key":"SMITH"},{"data":"Dark Embrace","floor":41,"key":"SMITH"},{"floor":44,"key":"REST"},{"floor":49,"key":"REST"}],"neow_cost":"NONE","seed_source_timestamp":548339449408933,"circlet_count":0,"master_deck":["AscendersBane","Strike_R","Strike_R","Strike_R","Defend_R","Defend_R","Defend_R","Defend_R+1","Bash+1","Twin Strike","True Grit+1","Spot Weakness","Twin Strike","Immolate+1","Second Wind","Sentinel","Fiend Fire","Disarm","Sever Soul","Heavy Blade+1","Dropkick","Twin Strike","Pommel Strike","Spot Weakness+1","Pommel Strike+1","Shrug It Off","Shockwave","Dark Embrace+1","Uppercut+1","Infernal Blade+1","Metallicize","Flex+1","Flash of Steel","Pain","Corruption","Heavy Blade","Disarm","Inflame"],"relics":["Burning Blood","Orichalcum","Bag of Marbles","Matryoshka","Lantern","Strawberry","Smiling Mask","Tiny House","Brimstone","StoneCalendar","Anchor","Centennial Puzzle","Meat on the Bone","Nilry\u0027s Codex","Cursed Key","Ancient Tea Set","PreservedInsect","Mercury Hourglass"],"potions_floor_usage":[8,16,16,16,18,23,28,33,50,50],"damage_taken":[{"damage":5,"enemies":"Jaw Worm","floor":1,"turns":4},{"damage":9,"enemies":"2 Louse","floor":2,"turns":3},{"damage":4,"enemies":"Small Slimes","floor":3,"turns":3},{"damage":50,"enemies":"Lagavulin","floor":6,"turns":9},{"damage":26,"enemies":"Gremlin Nob","floor":8,"turns":4},{"damage":9,"enemies":"Looter","floor":12,"turns":3},{"damage":14,"enemies":"Lagavulin","floor":14,"turns":3},{"damage":40,"enemies":"The Guardian","floor":16,"turns":10},{"damage":18,"enemies":"Chosen","floor":18,"turns":5},{"damage":10,"enemies":"Shell Parasite","floor":20,"turns":2},{"damage":6,"enemies":"Snecko","floor":21,"turns":3},{"damage":40,"enemies":"Book of Stabbing","floor":23,"turns":4},{"damage":49,"enemies":"Slavers","floor":25,"turns":4},{"damage":22,"enemies":"Sentry and Sphere","floor":28,"turns":4},{"damage":0,"enemies":"Chosen and Byrds","floor":29,"turns":4},{"damage":61,"enemies":"Collector","floor":33,"turns":7},{"damage":18,"enemies":"3 Darklings","floor":35,"turns":3},{"damage":11,"enemies":"3 Shapes","floor":36,"turns":3},{"damage":25,"enemies":"Spire Growth","floor":39,"turns":4},{"damage":20,"enemies":"Reptomancer","floor":40,"turns":3},{"damage":7,"enemies":"Sphere and 2 Shapes","floor":46,"turns":3},{"damage":11,"enemies":"Giant Head","floor":48,"turns":4},{"damage":79,"enemies":"Donu and Deca","floor":50,"turns":5}],"seed_played":"-8176002640937464719","potions_obtained":[{"floor":2,"key":"Weak Potion"},{"floor":3,"key":"AttackPotion"},{"floor":6,"key":"SpeedPotion"},{"floor":8,"key":"Regen Potion"},{"floor":16,"key":"Swift Potion"},{"floor":17,"key":"Energy Potion"},{"floor":23,"key":"Fire Potion"},{"floor":25,"key":"Strength Potion"},{"floor":29,"key":"Weak Potion"},{"floor":35,"key":"Energy Potion"},{"floor":39,"key":"Ancient Potion"}],"is_trial":false,"path_per_floor":["?","?","?","?","?","?","?","?","?","$"],"character_chosen":"IRONCLAD","items_purchased":["Brimstone","Heavy Blade","Dropkick","Metallicize","Heavy Blade","Disarm"],"campfire_rested":6,"item_purchase_floors":[19,19,19,38,47,47],"current_hp_per_floor":[73,70,72,72,72,28,52,32,39,65,65,62,62,54,54,29,78,66,66,62,62,62,28,55,12,12,39,35,53,37,67,67,24,75,63,58,58,58,51,49,49,49,49,75,75,74,74,69,87,26],"gold":115,"neow_bonus":"RANDOM_COMMON_RELIC","is_prod":false,"is_daily":false,"chose_seed":false,"campfire_upgraded":4,"win_rate":0,"timestamp":1553155964,"path_taken":["M","M","M","?","?","E","R","E","T","R","?","M","R","E","R","BOSS","M","$","M","M","?","E","R","E","T","R","M","M","?","?","R","BOSS","M","M","?","$","M","E","R","?","T","R","?","M","?","E","R","BOSS"],"build_version":"2019-01-23","purchased_purges":1,"victory":true,"max_hp_per_floor":[80,80,80,80,80,80,80,80,87,87,87,87,87,87,87,87,92,92,92,92,92,92,92,92,92,92,92,92,92,92,92,92,92,92,92,92,87,87,87,87,87,87,87,87,87,87,87,87,87,87],"card_choices":[{"not_picked":["Shrug It Off","Sentinel"],"picked":"Twin Strike","floor":1},{"not_picked":["Heavy Blade","Anger"],"picked":"True Grit","floor":2},{"not_picked":["Rupture","Burning Pact"],"picked":"Spot Weakness","floor":3},{"not_picked":["Pommel Strike","Wild Strike"],"picked":"Twin Strike","floor":6},{"not_picked":["Shrug It Off","Carnage"],"picked":"Immolate","floor":8},{"not_picked":["Headbutt","Wild Strike"],"picked":"Second Wind","floor":12},{"not_picked":["Cleave","Headbutt"],"picked":"Sentinel","floor":14},{"not_picked":["Juggernaut","Limit Break"],"picked":"Fiend Fire","floor":16},{"not_picked":["Carnage","Second Wind"],"picked":"Disarm","floor":17},{"not_picked":["Havoc","Wild Strike"],"picked":"Sever Soul","floor":18},{"not_picked":["Armaments","Headbutt"],"picked":"Twin Strike","floor":20},{"not_picked":["Body Slam+1","Rampage+1"],"picked":"Pommel Strike","floor":21},{"not_picked":["Impervious","Juggernaut"],"picked":"Spot Weakness+1","floor":23},{"not_picked":["Combust","Iron Wave"],"picked":"Pommel Strike+1","floor":25},{"not_picked":["Anger","Warcry"],"picked":"Shrug It Off","floor":28},{"not_picked":["Twin Strike","Headbutt+1"],"picked":"Shockwave","floor":29},{"not_picked":["Brutality","Berserk"],"picked":"Dark Embrace","floor":33},{"not_picked":["Body Slam+1","Armaments"],"picked":"Uppercut+1","floor":35},{"not_picked":["Bloodletting","Combust"],"picked":"Infernal Blade+1","floor":36},{"not_picked":["Burning Pact+1","Sword Boomerang+1"],"picked":"Flex+1","floor":39},{"not_picked":["Anger","Iron Wave+1","True Grit"],"picked":"SKIP","floor":40},{"not_picked":["Forethought","PanicButton"],"picked":"Flash of Steel","floor":42},{"not_picked":["Battle Trance","Pommel Strike"],"picked":"Corruption","floor":46},{"not_picked":["Clash+1","Headbutt+1"],"picked":"Inflame","floor":48}],"player_experience":447540,"relics_obtained":[{"floor":6,"key":"Bag of Marbles"},{"floor":8,"key":"Matryoshka"},{"floor":9,"key":"Lantern"},{"floor":9,"key":"Strawberry"},{"floor":14,"key":"Smiling Mask"},{"floor":23,"key":"StoneCalendar"},{"floor":25,"key":"Anchor"},{"floor":26,"key":"Centennial Puzzle"},{"floor":26,"key":"Meat on the Bone"},{"floor":30,"key":"Nilry\u0027s Codex"},{"floor":40,"key":"Ancient Tea Set"},{"floor":43,"key":"PreservedInsect"},{"floor":48,"key":"Mercury Hourglass"}],"event_choices":[{"cards_removed":["Strike_R"],"damage_healed":0,"gold_gain":0,"player_choice":"Card Removal","damage_taken":0,"max_hp_gain":0,"max_hp_loss":0,"event_name":"The Cleric","floor":4,"gold_loss":50},{"damage_healed":0,"gold_gain":0,"player_choice":"Ignored","damage_taken":0,"max_hp_gain":0,"max_hp_loss":0,"event_name":"Shining Light","floor":5,"gold_loss":0},{"damage_healed":0,"gold_gain":0,"player_choice":"Grow","damage_taken":0,"max_hp_gain":0,"max_hp_loss":0,"event_name":"Living Wall","floor":11,"gold_loss":0,"cards_upgraded":["Bash"]},{"damage_healed":0,"gold_gain":0,"player_choice":"Paid Fearfully","damage_taken":0,"max_hp_gain":0,"max_hp_loss":0,"event_name":"Masked Bandits","floor":22,"gold_loss":71},{"damage_healed":0,"gold_gain":0,"player_choice":"Obtained Book","damage_taken":16,"max_hp_gain":0,"max_hp_loss":0,"event_name":"Cursed Tome","floor":30,"gold_loss":0},{"damage_healed":30,"gold_gain":0,"player_choice":"Heal","damage_taken":0,"max_hp_gain":0,"max_hp_loss":0,"event_name":"The Library","floor":31,"gold_loss":0},{"damage_healed":0,"gold_gain":0,"player_choice":"Max HP","damage_taken":0,"max_hp_gain":0,"max_hp_loss":5,"event_name":"Winding Halls","floor":37,"gold_loss":0},{"damage_healed":0,"gold_gain":0,"player_choice":"Memory 1","damage_taken":0,"max_hp_gain":0,"max_hp_loss":0,"event_name":"SensoryStone","floor":42,"gold_loss":0},{"damage_healed":0,"gold_gain":0,"player_choice":"Ignored","damage_taken":0,"max_hp_gain":0,"max_hp_loss":0,"event_name":"Mysterious Sphere","floor":45,"gold_loss":0}],"is_beta":false,"boss_relics":[{"not_picked":["Busted Crown","Lizard Tail"],"picked":"Tiny House"},{"not_picked":["Coffee Dripper","Runic Cube"],"picked":"Cursed Key"}],"items_purged_floors":[38],"is_endless":false,"potions_floor_spawned":[2,3,6,8,16,23,25,29,35,39,46],"ascension_level":10}