{"gold_per_floor":[117,42,56,131,131,131,164,164,191,191,208,208,223,240,240,338,338,356,368,368,10,10,10,35,52,76,76,95,95,114,114,114,215,215,233,108,118,118,172,202,202,220,245,245,245,95,126,136,136,136],"floor_reached":51,"playtime":3631,"items_purged":["Shame","Defend_R","Sword Boomerang","Thunderclap"],"score":790,"play_id":"4302c102-819e-4799-8113-83df1d6c5499","local_time":"20180930164613","is_ascension_mode":true,"campfire_choices":[{"data":"Bash","floor":6,"key":"SMITH"},{"data":"Double Tap","floor":8,"key":"SMITH"},{"data":"Cleave","floor":10,"key":"SMITH"},{"floor":12,"key":"REST"},{"data":"Armaments","floor":15,"key":"SMITH"},{"data":"Metallicize","floor":23,"key":"SMITH"},{"data":"Infernal Blade","floor":27,"key":"SMITH"},{"data":"Feed","floor":29,"key":"SMITH"},{"floor":32,"key":"REST"},{"floor":41,"key":"REST"},{"data":"Iron Wave","floor":45,"key":"SMITH"},{"floor":49,"key":"REST"}],"neow_cost":"CURSE","seed_source_timestamp":1490526889490151,"circlet_count":0,"master_deck":["Bash+1","Iron Wave+1","Cleave+1","Double Tap+1","Armaments+1","Disarm","Battle Trance","Bludgeon","Wild Strike","True Grit+1","Metallicize+1","Infernal Blade+1","Feed+1","Uppercut+1","Juggernaut","Pommel Strike","Headbutt","Clash","Warcry","Cleave","Inflame","Iron Wave+1","Iron Wave+1","Entrench","Shrug It Off+1","Spot Weakness+1"],"relics":["Burning Blood","Pantograph","PreservedInsect","Mark of Pain","Bottled Lightning","Mummified Hand","Singing Bowl","Ancient Tea Set","Pandora\u0027s Box","Calipers","Bronze Scales","Lantern","Torii"],"potions_floor_usage":[33,33,39,50,50,50],"damage_taken":[{"damage":7,"enemies":"2 Louse","floor":1,"turns":3},{"damage":15,"enemies":"Small Slimes","floor":3,"turns":4},{"damage":44,"enemies":"Lagavulin","floor":7,"turns":11},{"damage":0,"enemies":"Cultist","floor":11,"turns":2},{"damage":8,"enemies":"3 Louse","floor":13,"turns":3},{"damage":14,"enemies":"Exordium Thugs","floor":14,"turns":5},{"damage":66,"enemies":"Hexaghost","floor":16,"turns":10},{"damage":5,"enemies":"Chosen","floor":18,"turns":4},{"damage":25,"enemies":"Shell Parasite","floor":19,"turns":5},{"damage":8,"enemies":"Book of Stabbing","floor":24,"turns":6},{"damage":10,"enemies":"Snake Plant","floor":25,"turns":4},{"damage":0,"enemies":"3 Cultists","floor":28,"turns":4},{"damage":33,"enemies":"Sentry and Sphere","floor":30,"turns":7},{"damage":68,"enemies":"Collector","floor":33,"turns":9},{"damage":37,"enemies":"3 Darklings","floor":35,"turns":4},{"damage":30,"enemies":"3 Shapes","floor":37,"turns":8},{"damage":35,"enemies":"Mysterious Sphere","floor":39,"turns":5},{"damage":13,"enemies":"Giant Head","floor":40,"turns":6},{"damage":23,"enemies":"3 Darklings","floor":42,"turns":3},{"damage":10,"enemies":"2 Orb Walkers","floor":47,"turns":3},{"damage":19,"enemies":"Reptomancer","floor":48,"turns":4},{"damage":59,"enemies":"Donu and Deca","floor":50,"turns":9}],"seed_played":"3822331745439722951","potions_obtained":[{"floor":1,"key":"SteroidPotion"},{"floor":7,"key":"FearPotion"},{"floor":16,"key":"Dexterity Potion"},{"floor":19,"key":"Dexterity Potion"},{"floor":35,"key":"EssenceOfSteel"},{"floor":40,"key":"SkillPotion"},{"floor":48,"key":"BloodPotion"}],"is_trial":false,"path_per_floor":["M","$","M","?","?","R","E","R","T","R","M","R","M","M","R","B",null,"M","M","?","$","T","R","E","M","T","R","M","R","M","?","R","B",null,"M","$","M","$","?","E","R","M","T","?","R","$","E","M","R","B"],"character_chosen":"IRONCLAD","items_purchased":["Bottled Lightning"],"campfire_rested":4,"item_purchase_floors":[21],"current_hp_per_floor":[95,95,86,75,75,75,37,37,37,37,43,71,69,61,61,26,96,96,77,77,77,77,77,75,73,73,73,79,79,56,35,67,30,107,76,76,56,56,33,26,61,44,44,44,44,44,44,31,67,51],"gold":136,"neow_bonus":"TWENTY_PERCENT_HP_BONUS","is_prod":false,"is_daily":false,"chose_seed":false,"campfire_upgraded":8,"win_rate":0,"timestamp":1538351173,"path_taken":["M","$","M","?","?","R","E","R","T","R","M","R","M","?","R","BOSS","M","M","?","$","?","R","E","M","T","R","?","R","?","?","R","BOSS","M","$","M","$","?","E","R","M","T","?","R","$","E","M","R","BOSS"],"build_version":"2018-09-27","purchased_purges":4,"victory":true,"max_hp_per_floor":[96,96,96,96,96,96,96,96,96,96,96,96,96,96,96,96,96,96,96,96,96,96,96,96,98,98,98,98,98,102,107,107,107,107,107,107,111,111,117,117,117,117,117,117,117,117,121,121,121,121],"card_choices":[{"not_picked":["Flex","Clash"],"picked":"Iron Wave","floor":1},{"not_picked":["Flex","Anger"],"picked":"Cleave","floor":3},{"not_picked":["Thunderclap","Carnage"],"picked":"Double Tap","floor":7},{"not_picked":["Heavy Blade","Body Slam"],"picked":"Armaments","floor":11},{"not_picked":["Sword Boomerang","Perfected Strike"],"picked":"Disarm","floor":13},{"not_picked":["Wild Strike","Perfected Strike"],"picked":"Battle Trance","floor":14},{"not_picked":["Offering","Dark Embrace"],"picked":"Bludgeon","floor":16},{"not_picked":["Feel No Pain","Clothesline"],"picked":"Wild Strike","floor":18},{"not_picked":["Perfected Strike","Clash"],"picked":"True Grit+1","floor":19},{"not_picked":["Power Through","Shockwave+1"],"picked":"Infernal Blade","floor":24},{"not_picked":["True Grit","Fire Breathing","Clash+1"],"picked":"Singing Bowl","floor":25},{"not_picked":["Wild Strike","Seeing Red"],"picked":"Feed","floor":28},{"not_picked":["Power Through","Shockwave+1"],"picked":"Uppercut+1","floor":30},{"not_picked":["Impervious","Immolate"],"picked":"Juggernaut","floor":33},{"not_picked":["Clothesline","Perfected Strike"],"picked":"Inflame","floor":35},{"not_picked":["Clash+1","Warcry+1"],"picked":"Iron Wave+1","floor":37},{"not_picked":["Headbutt+1","Clash","Perfected Strike"],"picked":"Singing Bowl","floor":39},{"not_picked":["Anger+1","Searing Blow+1"],"picked":"Iron Wave","floor":40},{"not_picked":["Feed","Blood for Blood"],"picked":"Entrench","floor":42},{"not_picked":["Infernal Blade","Twin Strike+1"],"picked":"Shrug It Off+1","floor":47},{"not_picked":["Combust","Infernal Blade"],"picked":"Spot Weakness+1","floor":48}],"player_experience":170457,"relics_obtained":[{"floor":7,"key":"Pantograph"},{"floor":9,"key":"PreservedInsect"},{"floor":22,"key":"Mummified Hand"},{"floor":24,"key":"Singing Bowl"},{"floor":26,"key":"Ancient Tea Set"},{"floor":39,"key":"Calipers"},{"floor":40,"key":"Bronze Scales"},{"floor":43,"key":"Lantern"},{"floor":47,"key":"Torii"}],"event_choices":[{"event_name":"World of Goop","player_choice":"Gather Gold","floor":4,"damage_taken":0},{"event_name":"Upgrade Shrine","player_choice":"Upgraded","floor":5,"damage_taken":0},{"event_name":"The Library","player_choice":"Read","floor":20,"damage_taken":0},{"event_name":"Forgotten Altar","player_choice":"Shed Blood","floor":31,"damage_taken":0},{"event_name":"Mysterious Sphere","player_choice":"Fight","floor":39,"damage_taken":0},{"event_name":"Falling","player_choice":"Removed Skill","floor":44,"damage_taken":0}],"is_beta":false,"boss_relics":[{"not_picked":["Tiny House","White Beast Statue"],"picked":"Mark of Pain"},{"not_picked":["Snecko Eye","Cursed Key"],"picked":"Pandora\u0027s Box"}],"items_purged_floors":[2,21,36,46],"is_endless":false,"potions_floor_spawned":[1,7,16,19,28,35,40,48],"ascension_level":2}