{"gold_per_floor":[363,378,396,396,396,396,424,424,424,108,126,126,140,154,154,255,255,210,210,135,135,135,135,135,135,135,135,35,35,35,35,35,35,35,35,35,35,35,35,35,35,35,35,35,35,35,35,35,35,35],"floor_reached":51,"playtime":3731,"items_purged":["Decay","Strike_B"],"score":704,"play_id":"3db035b8-ed8e-40c4-af0b-c4d58ace982e","local_time":"20180922193034","is_ascension_mode":true,"campfire_choices":[{"data":"Zap","floor":6,"key":"SMITH"},{"data":"Beam Cell","floor":8,"key":"SMITH"},{"floor":12,"key":"REST"},{"data":"Loop","floor":15,"key":"SMITH"},{"data":"Static Discharge","floor":23,"key":"SMITH"},{"data":"Electrodynamics","floor":25,"key":"SMITH"},{"floor":32,"key":"REST"},{"data":"Self Repair","floor":40,"key":"SMITH"},{"data":"Lockon","floor":45,"key":"SMITH"},{"data":"Static Discharge","floor":47,"key":"SMITH"},{"data":"Static Discharge","floor":49,"key":"SMITH"}],"neow_cost":"CURSE","seed_source_timestamp":809013962113764,"circlet_count":0,"master_deck":["Defend_B","Defend_B","Zap+1","Gash","Loop+1","Beam Cell+1","Electrodynamics+1","Ball Lightning","Beam Cell","Double Energy","Gash","Electrodynamics+1","Static Discharge+1","Defragment+1","Beam Cell+1","Self Repair+1","RitualDagger","Static Discharge+1","Undo","Echo Form","Static Discharge+1","Fusion+1","Undo+1","Lockon+1","Gash+1","Leap","Panache","Gash"],"relics":["Cracked Core","Dead Branch","Bird Faced Urn","Bottled Lightning","Ectoplasm","Potion Belt","Meat on the Bone","Empty Cage","Nunchaku","Happy Flower","Bag of Preparation"],"potions_floor_usage":[16,16,33,33,35,37,37,41,41,41,41,41,41,50,50],"damage_taken":[{"damage":1,"enemies":"Cultist","floor":1,"turns":3},{"damage":7,"enemies":"Small Slimes","floor":2,"turns":3},{"damage":6,"enemies":"2 Louse","floor":3,"turns":3},{"damage":25,"enemies":"Lagavulin","floor":7,"turns":6},{"damage":16,"enemies":"Large Slime","floor":11,"turns":3},{"damage":11,"enemies":"Gremlin Gang","floor":13,"turns":3},{"damage":0,"enemies":"Blue Slaver","floor":14,"turns":2},{"damage":21,"enemies":"The Guardian","floor":16,"turns":8},{"damage":15,"enemies":"2 Thieves","floor":18,"turns":3},{"damage":0,"enemies":"Spheric Guardian","floor":21,"turns":3},{"damage":14,"enemies":"Snake Plant","floor":24,"turns":2},{"damage":27,"enemies":"Gremlin Leader","floor":27,"turns":3},{"damage":37,"enemies":"Shelled Parasite and Fungi","floor":30,"turns":3},{"damage":0,"enemies":"Sentry and Sphere","floor":31,"turns":1},{"damage":44,"enemies":"Champ","floor":33,"turns":7},{"damage":30,"enemies":"3 Darklings","floor":35,"turns":3},{"damage":18,"enemies":"Orb Walker","floor":36,"turns":3},{"damage":47,"enemies":"Transient","floor":37,"turns":5},{"damage":40,"enemies":"Mind Bloom Boss Battle","floor":38,"turns":4},{"damage":9,"enemies":"Maw","floor":39,"turns":6},{"damage":42,"enemies":"Nemesis","floor":41,"turns":7},{"damage":0,"enemies":"Sphere and 2 Shapes","floor":48,"turns":2},{"damage":51,"enemies":"Time Eater","floor":50,"turns":6}],"seed_played":"5115726605068821473","potions_obtained":[{"floor":3,"key":"SpeedPotion"},{"floor":11,"key":"SkillPotion"},{"floor":14,"key":"PowerPotion"},{"floor":16,"key":"FocusPotion"},{"floor":21,"key":"Explosive Potion"},{"floor":27,"key":"Fire Potion"},{"floor":31,"key":"SkillPotion"},{"floor":33,"key":"Weak Potion"},{"floor":36,"key":"EssenceOfSteel"},{"floor":39,"key":"EntropicBrew"},{"floor":41,"key":"Energy Potion"},{"floor":48,"key":"FearPotion"}],"is_trial":false,"path_per_floor":["M","M","M","?","?","R","E","R","T","$","M","R","M","M","R","B",null,"M","?","?","M","?","R","M","R","T","E","$","?","M","M","R","B",null,"M","M","M","?","M","R","E","?","T","?","R","?","R","M","R","B"],"character_chosen":"DEFECT","items_purchased":["Bottled Lightning"],"campfire_rested":2,"item_purchase_floors":[10],"current_hp_per_floor":[74,67,61,54,54,54,29,29,29,29,17,39,32,36,36,29,75,62,62,62,72,72,72,61,61,61,42,42,36,28,44,66,45,75,64,56,55,41,68,68,56,56,56,56,56,56,56,60,60,53],"gold":35,"neow_bonus":"TWO_FIFTY_GOLD","is_prod":false,"is_daily":false,"chose_seed":false,"campfire_upgraded":9,"win_rate":0,"timestamp":1537669834,"path_taken":["M","?","M","?","?","R","E","R","T","$","M","R","M","M","R","BOSS","M","?","?","M","?","R","M","R","T","E","$","?","?","M","R","BOSS","M","M","M","?","M","R","E","?","T","?","R","?","R","M","R","BOSS"],"build_version":"2018-09-20","purchased_purges":2,"victory":true,"max_hp_per_floor":[75,75,75,75,75,75,75,75,75,75,75,75,75,75,75,75,75,75,75,75,75,75,75,75,75,75,75,75,75,75,75,75,75,75,75,75,75,75,75,75,75,75,75,75,75,75,75,75,75,75],"card_choices":[{"not_picked":["Hello World","Leap"],"picked":"Gash","floor":1},{"not_picked":["Leap","Compile Driver"],"picked":"Loop","floor":2},{"not_picked":["Hologram","Coolheaded"],"picked":"Beam Cell","floor":3},{"not_picked":["Undo","Multi-Cast"],"picked":"Ball Lightning","floor":7},{"not_picked":["Leap","Hologram"],"picked":"Beam Cell","floor":11},{"not_picked":["Conserve Battery","Hello World"],"picked":"Double Energy","floor":13},{"not_picked":["Conserve Battery","Stack"],"picked":"Gash","floor":14},{"not_picked":["Meteor Strike","Machine Learning"],"picked":"Electrodynamics","floor":16},{"not_picked":["Genetic Algorithm","Redo"],"picked":"Static Discharge","floor":18},{"not_picked":["Lockon+1","Compile Driver"],"picked":"Defragment","floor":21},{"not_picked":["Aggregate+1","Coolheaded"],"picked":"Beam Cell+1","floor":24},{"not_picked":["Skim+1","Sunder"],"picked":"Self Repair","floor":27},{"not_picked":["Heatsinks+1","Reinforced Body+1"],"picked":"Static Discharge","floor":30},{"not_picked":["Coolheaded","Hello World"],"picked":"Undo","floor":31},{"not_picked":["Rainbow","Buffer"],"picked":"Echo Form","floor":33},{"not_picked":["Streamline+1","Compile Driver+1"],"picked":"Static Discharge","floor":35},{"not_picked":["Steam Power+1","Compile Driver"],"picked":"Hologram+1","floor":36},{"not_picked":["Redo+1","White Noise"],"picked":"Fusion+1","floor":37},{"not_picked":["Sweeping Beam","Reprogram"],"picked":"Undo+1","floor":38},{"not_picked":["Coolheaded+1","Streamline"],"picked":"Lockon","floor":39},{"not_picked":["Hologram","Fusion"],"picked":"Gash+1","floor":41},{"not_picked":["Violence","Magnetism"],"picked":"Panache","floor":46},{"not_picked":["Storm+1","Sweeping Beam"],"picked":"Gash","floor":48}],"player_experience":143412,"relics_obtained":[{"floor":7,"key":"Dead Branch"},{"floor":9,"key":"Bird Faced Urn"},{"floor":26,"key":"Potion Belt"},{"floor":27,"key":"Meat on the Bone"},{"floor":38,"key":"Nunchaku"},{"floor":41,"key":"Happy Flower"},{"floor":43,"key":"Bag of Preparation"}],"event_choices":[{"event_name":"Golden Wing","player_choice":"Card Removal","floor":4,"damage_taken":0},{"event_name":"Transmorgrifier","player_choice":"Transform","floor":5,"damage_taken":0},{"event_name":"Accursed Blacksmith","player_choice":"Forge","floor":19,"damage_taken":0},{"event_name":"Beggar","player_choice":"Gave Gold","floor":20,"damage_taken":0},{"event_name":"Upgrade Shrine","player_choice":"Upgraded","floor":22,"damage_taken":0},{"event_name":"Nest","player_choice":"Joined the Cult","floor":29,"damage_taken":0},{"event_name":"MindBloom","player_choice":"Fight","floor":38,"damage_taken":0},{"event_name":"Falling","player_choice":"Removed Skill","floor":42,"damage_taken":0},{"event_name":"Transmorgrifier","player_choice":"Transform","floor":44,"damage_taken":0},{"event_name":"SensoryStone","player_choice":"Memory 1","floor":46,"damage_taken":0}],"is_beta":false,"boss_relics":[{"not_picked":["Astrolabe","Velvet Choker"],"picked":"Ectoplasm"},{"not_picked":["Tiny House","Black Star"],"picked":"Empty Cage"}],"items_purged_floors":[10,28],"is_endless":false,"potions_floor_spawned":[3,11,14,16,21,27,31,33,36,39,41,48],"ascension_level":1}