{"gold_per_floor":[218,393,19,19,19,51,71,81,152,152,171,18,18,50,50,155,155,144,144,19,35,88,122,122,150,150,167,17,17,51,67,67,163,163,180,229,229,1228,1228,1228,1256,490,490,516,516,16,16,36,36,36],"floor_reached":51,"playtime":1857,"items_purged":["Doubt","Regret","Strike_R","Strike_R","Normality","Normality"],"score":820,"play_id":"101cf743-2ff0-4535-a282-25e1ddb03db8","local_time":"20190317214518","is_ascension_mode":false,"campfire_choices":[{"data":"Heavy Blade","floor":10.0,"key":"SMITH"},{"data":"Flex","floor":13.0,"key":"SMITH"},{"data":"Inflame","floor":15.0,"key":"SMITH"},{"data":"Flex","floor":24,"key":"SMITH"},{"data":"Heavy Blade","floor":29,"key":"SMITH"},{"data":"Demon Form","floor":32,"key":"SMITH"},{"data":"Demon Form","floor":40,"key":"SMITH"},{"data":"Whirlwind","floor":47,"key":"SMITH"},{"floor":49,"key":"DIG"}],"neow_cost":"NONE","seed_source_timestamp":9983446207968,"circlet_count":0,"master_deck":["Strike_R+1","Strike_R+1","Strike_R","Defend_R","Defend_R","Defend_R","Bash","Metallicize","Heavy Blade+1","Flex+1","Iron Wave","Flame Barrier","Flex+1","Inflame+1","Demon Form+1","Wild Strike+1","Sword Boomerang","PanicButton","Warcry+1","Metallicize","Heavy Blade+1","Demon Form+1","Pummel","Offering","Armaments+1","Pommel Strike+1","Writhe","Headbutt","Heavy Blade+1","Double Tap+1","Whirlwind+1","Shrug It Off+1","Burning Pact+1"],"special_seed":0,"relics":["Burning Blood","Sling","Blood Vial","Paper Frog","Self Forming Clay","Charon\u0027s Ashes","Mark of Pain","Lantern","Question Card","Torii","Dodecahedron","Red Mask","Philosopher\u0027s Stone","Prayer Wheel","Anchor","Juzu Bracelet","Pantograph","DollysMirror","Shovel","Toxic Egg 2","Chemical X","Vajra"],"potions_floor_usage":[25,30,44,50],"damage_taken":[{"damage":2.0,"enemies":"Small Slimes","floor":1.0,"turns":5.0},{"damage":16.0,"enemies":"Lagavulin","floor":6.0,"turns":5.0},{"damage":3.0,"enemies":"2 Louse","floor":7.0,"turns":2.0},{"damage":13.0,"enemies":"Jaw Worm","floor":8.0,"turns":3.0},{"damage":20.0,"enemies":"Exordium Thugs","floor":11.0,"turns":7.0},{"damage":10.0,"enemies":"3 Sentries","floor":14.0,"turns":6.0},{"damage":27.0,"enemies":"Slime Boss","floor":16.0,"turns":7.0},{"damage":12,"enemies":"2 Thieves","floor":18,"turns":4},{"damage":9,"enemies":"Shell Parasite","floor":21,"turns":4},{"damage":44,"enemies":"Book of Stabbing","floor":23,"turns":6},{"damage":10,"enemies":"Slavers","floor":25,"turns":4},{"damage":16,"enemies":"Sentry and Sphere","floor":27,"turns":6},{"damage":7,"enemies":"Masked Bandits","floor":30,"turns":3},{"damage":8,"enemies":"Snake Plant","floor":31,"turns":4},{"damage":11,"enemies":"Collector","floor":33,"turns":6},{"damage":14,"enemies":"3 Darklings","floor":35,"turns":4},{"damage":15,"enemies":"2 Orb Walkers","floor":36,"turns":4},{"damage":76,"enemies":"Nemesis","floor":41,"turns":9},{"damage":7,"enemies":"Giant Head","floor":44,"turns":5},{"damage":6,"enemies":"Orb Walker","floor":48,"turns":1},{"damage":51,"enemies":"Donu and Deca","floor":50,"turns":5}],"seed_played":"749729668668554392","potions_obtained":[{"floor":1.0,"key":"Block Potion"},{"floor":6.0,"key":"Ancient Potion"},{"floor":11.0,"key":"Fire Potion"},{"floor":21,"key":"Regen Potion"},{"floor":25,"key":"Poison Potion"},{"floor":33,"key":"Energy Potion"},{"floor":48,"key":"Block Potion"}],"is_trial":false,"path_per_floor":["M","?","$","?","?","E","M","M","T","R","M","$","R","E","R","B",null,"M","?","$","M","T","E","R","E","T","M","$","R","?","M","R","B",null,"M","?","?","?","?","R","E","$","T","E","?","$","R","M","R","B",null],"character_chosen":"IRONCLAD","items_purchased":["Heavy Blade","Flex","Sling","Flex","Juzu Bracelet","Pantograph","DollysMirror","Chemical X","Whirlwind","Shrug It Off+1"],"campfire_rested":0,"item_purchase_floors":[3,3,3,12,42,42,42,46,46,46],"current_hp_per_floor":[80,80,80,80,64,56,61,56,56,56,44,44,44,42,42,23,80,74,74,74,73,73,37,37,47,47,39,39,39,40,40,40,37,80,72,65,65,65,80,80,10,10,10,11,70,70,70,70,70,25],"gold":36,"neow_bonus":"HUNDRED_GOLD","is_prod":false,"is_daily":false,"chose_seed":false,"campfire_upgraded":8,"win_rate":0,"timestamp":1552880718,"path_taken":["M","?","$","?","?","E","M","M","T","R","M","$","R","E","R","BOSS","M","?","?","?","?","E","R","E","T","M","$","R","?","M","R","BOSS","M","?","?","?","?","R","E","?","T","E","?","$","R","M","R","BOSS"],"build_version":"2019-01-23","purchased_purges":6,"victory":true,"max_hp_per_floor":[80,80,80,80,80,80,80,80,80,80,80,80,80,80,80,80,80,80,80,80,80,80,80,80,80,80,80,80,80,80,80,80,80,80,80,80,80,80,80,80,80,80,80,80,70,70,70,70,70,70],"card_choices":[{"not_picked":["Anger","Clash"],"picked":"Metallicize","floor":1.0},{"not_picked":["Wild Strike","Clash"],"picked":"Iron Wave","floor":6.0},{"not_picked":["Iron Wave","Dropkick","Body Slam"],"picked":"SKIP","floor":7.0},{"not_picked":["Iron Wave","Dropkick","Body Slam"],"picked":"SKIP","floor":7.0},{"not_picked":["Havoc","Sever Soul","Warcry"],"picked":"SKIP","floor":8.0},{"not_picked":["Cleave","Fire Breathing"],"picked":"Flame Barrier","floor":11.0},{"not_picked":["Pommel Strike","Clash"],"picked":"Inflame","floor":14.0},{"not_picked":["Impervious","Reaper"],"picked":"Demon Form","floor":16.0},{"not_picked":["Bloodletting","Havoc"],"picked":"Wild Strike+1","floor":18},{"not_picked":["Wild Strike","True Grit"],"picked":"Warcry+1","floor":21},{"not_picked":["Ghostly Armor","Sword Boomerang"],"picked":"Metallicize","floor":23},{"not_picked":["Sentinel","Feel No Pain","Pummel+1"],"picked":"Heavy Blade","floor":25},{"not_picked":["True Grit","Thunderclap","Dropkick","Anger"],"picked":"SKIP","floor":27},{"not_picked":["Body Slam","Anger","Pommel Strike"],"picked":"Demon Form","floor":30},{"not_picked":["Sentinel","Clothesline","Cleave"],"picked":"Pummel","floor":31},{"not_picked":["Juggernaut","Fiend Fire","Demon Form"],"picked":"Offering","floor":33},{"not_picked":["Power Through","Perfected Strike+1","Havoc"],"picked":"Armaments+1","floor":35},{"not_picked":["Warcry","Armaments","Power Through"],"picked":"Pommel Strike+1","floor":36},{"not_picked":["Power Through+1","Flex","Bloodletting+1"],"picked":"Headbutt","floor":41},{"not_picked":["Bludgeon","Sever Soul","Wild Strike+1"],"picked":"Double Tap","floor":44},{"not_picked":["Metallicize+1","True Grit+1","Body Slam+1"],"picked":"Burning Pact+1","floor":48},{"not_picked":["Clothesline+1","Second Wind+1","Pommel Strike","Rampage"],"picked":"SKIP","floor":48}],"player_experience":1058511,"relics_obtained":[{"floor":6.0,"key":"Paper Frog"},{"floor":9.0,"key":"Self Forming Clay"},{"floor":14.0,"key":"Charon\u0027s Ashes"},{"floor":22,"key":"Lantern"},{"floor":23,"key":"Question Card"},{"floor":25,"key":"Torii"},{"floor":26,"key":"Dodecahedron"},{"floor":30,"key":"Red Mask"},{"floor":36,"key":"Prayer Wheel"},{"floor":41,"key":"Anchor"},{"floor":43,"key":"Shovel"},{"floor":44,"key":"Toxic Egg 2"},{"floor":49,"key":"Vajra"}],"event_choices":[{"damage_healed":0.0,"max_hp_gain":0.0,"max_hp_loss":0.0,"gold_gain":175.0,"event_name":"Liars Game","player_choice":"AGREE","floor":2.0,"gold_loss":0.0,"damage_taken":0.0,"cards_obtained":["Doubt"]},{"damage_healed":0.0,"max_hp_gain":0.0,"max_hp_loss":0.0,"gold_gain":0.0,"event_name":"Big Fish","player_choice":"Box","floor":4.0,"gold_loss":0.0,"damage_taken":0.0,"relics_obtained":["Blood Vial"],"cards_obtained":["Regret"]},{"damage_healed":0.0,"max_hp_gain":0.0,"max_hp_loss":0.0,"gold_gain":0.0,"event_name":"Shining Light","player_choice":"Entered Light","floor":5.0,"gold_loss":0.0,"damage_taken":16.0,"cards_upgraded":["Strike_R","Strike_R"]},{"damage_healed":0,"gold_gain":0,"player_choice":"2 cards matched","damage_taken":0,"max_hp_gain":0,"max_hp_loss":0,"event_name":"Match and Keep!","floor":19,"gold_loss":0,"cards_obtained":["Sword Boomerang","PanicButton"]},{"damage_healed":0,"gold_gain":0,"player_choice":"Fought Bandits","damage_taken":0,"max_hp_gain":0,"max_hp_loss":0,"event_name":"Masked Bandits","floor":30,"gold_loss":0},{"damage_healed":0,"gold_gain":0,"player_choice":"Fight","damage_taken":0,"max_hp_gain":0,"max_hp_loss":0,"event_name":"Mysterious Sphere","floor":36,"gold_loss":0},{"cards_removed":["Defend_R"],"damage_healed":0,"gold_gain":0,"player_choice":"Removed Skill","damage_taken":0,"max_hp_gain":0,"max_hp_loss":0,"event_name":"Falling","floor":37,"gold_loss":0},{"damage_healed":0,"gold_gain":999,"player_choice":"Gold","damage_taken":0,"max_hp_gain":0,"max_hp_loss":0,"event_name":"MindBloom","floor":38,"gold_loss":0,"cards_obtained":["Normality","Normality"]},{"damage_healed":20,"gold_gain":0,"player_choice":"Writhe","damage_taken":0,"max_hp_gain":0,"max_hp_loss":0,"event_name":"Winding Halls","floor":39,"gold_loss":0,"cards_obtained":["Writhe"]},{"damage_healed":70,"gold_gain":0,"player_choice":"Heal","damage_taken":0,"max_hp_gain":0,"max_hp_loss":10,"event_name":"The Moai Head","floor":45,"gold_loss":0}],"is_beta":false,"boss_relics":[{"not_picked":["Runic Cube","Astrolabe"],"picked":"Mark of Pain"},{"not_picked":["Lizard Tail","Runic Dome"],"picked":"Philosopher\u0027s Stone"}],"items_purged_floors":[3,12,20,28,42,46],"is_endless":false,"potions_floor_spawned":[1,6,11,21,25,33,48],"ascension_level":0}