{"gold_per_floor":[115,115,115,130,130,155,155,155,181,197,197,197,197,221,221,341,341,359,380,401,526,526,526,547,547,547,562,334,334,359,107,107,231,231,256,256,276,609,609,641,641,641,641,641,641,660,522,537,537,537],"floor_reached":51,"playtime":896,"items_purged":["Strike_R","Strike_R"],"score":723,"play_id":"8db313f7-d2f3-4c95-bc3b-1cc229a05473","local_time":"20190320235702","is_ascension_mode":false,"campfire_choices":[{"data":"Whirlwind","floor":7.0,"key":"SMITH"},{"data":"Flex","floor":11.0,"key":"SMITH"},{"data":"Rage","floor":13.0,"key":"SMITH"},{"data":"Bash","floor":15.0,"key":"SMITH"},{"data":"Double Tap","floor":23,"key":"SMITH"},{"data":"Disarm","floor":25,"key":"SMITH"},{"data":"Headbutt","floor":32,"key":"SMITH"},{"floor":41,"key":"REST"},{"data":"Infernal Blade","floor":44,"key":"SMITH"},{"floor":49,"key":"REST"}],"neow_cost":"NONE","seed_source_timestamp":52786413964626,"circlet_count":0,"master_deck":["Strike_R","Strike_R+1","Defend_R","Defend_R","Defend_R","Defend_R","Bash+1","Whirlwind+1","Flex+1","Rage+1","Headbutt+1","Ghostly Armor","Double Tap+1","Headbutt+1","Disarm+1","Sword Boomerang+1","Shockwave+1","Reaper+1","Havoc+1","Infernal Blade+1","Clumsy","Parasite","Heavy Blade+1","Whirlwind+1"],"special_seed":0,"relics":["Burning Blood","Boot","Centennial Puzzle","Potion Belt","Vajra","Bag of Marbles","Velvet Choker","Thread and Needle","Bottled Flame","Pantograph","Mercury Hourglass","Juzu Bracelet","Enchiridion","Membership Card","Cursed Key","Letter Opener","Whetstone","Smiling Mask","Anchor"],"potions_floor_usage":[21,33,33,33,40,46,50,50,50,50,50,50],"damage_taken":[{"damage":1.0,"enemies":"Jaw Worm","floor":1.0,"turns":3.0},{"damage":7.0,"enemies":"2 Louse","floor":4.0,"turns":2.0},{"damage":28.0,"enemies":"Gremlin Nob","floor":6.0,"turns":4.0},{"damage":0.0,"enemies":"Small Slimes","floor":10.0,"turns":3.0},{"damage":0.0,"enemies":"Gremlin Gang","floor":14.0,"turns":3.0},{"damage":14.0,"enemies":"The Guardian","floor":16.0,"turns":8.0},{"damage":0,"enemies":"2 Thieves","floor":18,"turns":1},{"damage":0,"enemies":"Chosen","floor":19,"turns":5},{"damage":20,"enemies":"Snecko","floor":20,"turns":4},{"damage":5,"enemies":"Colosseum Slavers","floor":21,"turns":4},{"damage":3,"enemies":"Colosseum Nobs","floor":21,"turns":2},{"damage":6,"enemies":"Cultist and Chosen","floor":24,"turns":2},{"damage":0,"enemies":"Snake Plant","floor":27,"turns":1},{"damage":0,"enemies":"Snecko","floor":30,"turns":2},{"damage":14,"enemies":"Collector","floor":33,"turns":4},{"damage":0,"enemies":"3 Darklings","floor":35,"turns":1},{"damage":0,"enemies":"Orb Walker","floor":37,"turns":1},{"damage":42,"enemies":"Nemesis","floor":40,"turns":5},{"damage":19,"enemies":"Transient","floor":46,"turns":5},{"damage":0,"enemies":"3 Darklings","floor":48,"turns":1},{"damage":54,"enemies":"Time Eater","floor":50,"turns":6}],"seed_played":"5848369534994430437","potions_obtained":[{"floor":1.0,"key":"Ancient Potion"},{"floor":4.0,"key":"Fire Potion"},{"floor":10.0,"key":"Fire Potion"},{"floor":12.0,"key":"LiquidBronze"},{"floor":12.0,"key":"EssenceOfSteel"},{"floor":12.0,"key":"EntropicBrew"},{"floor":19,"key":"PowerPotion"},{"floor":24,"key":"SteroidPotion"},{"floor":27,"key":"Ancient Potion"},{"floor":33,"key":"Block Potion"},{"floor":35,"key":"Explosive Potion"},{"floor":37,"key":"LiquidBronze"},{"floor":48,"key":"SteroidPotion"}],"is_trial":false,"path_per_floor":["M","?","?","M","?","E","R","?","T","M","R","?","R","M","R","B",null,"M","M","M","?","T","R","M","R","T","M","$","?","M","$","R","B",null,"M","?","M","?","?","E","R","T","T","R","?","M","?","M","R","B",null],"character_chosen":"IRONCLAD","items_purchased":["Juzu Bracelet","Membership Card"],"campfire_rested":2,"item_purchase_floors":[28,31],"current_hp_per_floor":[80,73,73,72,65,43,43,43,43,49,49,49,49,55,55,47,74,74,74,60,64,64,64,64,64,64,70,70,54,60,60,60,66,74,74,74,74,74,70,34,55,55,55,55,55,51,51,57,70,27],"gold":537,"neow_bonus":"RANDOM_COMMON_RELIC","is_prod":false,"is_daily":false,"chose_seed":false,"campfire_upgraded":8,"win_rate":0,"timestamp":1553147822,"path_taken":["M","?","?","M","?","E","R","?","T","?","R","?","R","M","R","BOSS","M","?","M","?","?","R","M","R","T","?","$","?","M","$","R","BOSS","M","?","M","?","?","E","R","?","T","R","?","M","?","M","R","BOSS"],"build_version":"2019-01-23","purchased_purges":2,"victory":true,"max_hp_per_floor":[80,80,80,80,80,80,80,74,74,74,74,74,74,74,74,74,74,74,74,74,74,74,74,74,74,74,74,74,74,74,74,74,74,74,74,74,74,74,70,70,70,70,70,70,70,70,70,70,70,70],"card_choices":[{"not_picked":["Wild Strike","Warcry"],"picked":"Whirlwind","floor":1.0},{"not_picked":["Sever Soul","Iron Wave"],"picked":"Flex","floor":4.0},{"not_picked":["Power Through","Intimidate"],"picked":"Rage","floor":6.0},{"not_picked":["Warcry","Evolve"],"picked":"Headbutt","floor":10.0},{"not_picked":["Perfected Strike","Wild Strike"],"picked":"Ghostly Armor","floor":14.0},{"not_picked":["Offering","Impervious"],"picked":"Double Tap","floor":16.0},{"not_picked":["Clothesline","Body Slam","Havoc"],"picked":"SKIP","floor":18},{"not_picked":["Twin Strike","Body Slam"],"picked":"Headbutt+1","floor":19},{"not_picked":["Body Slam+1","Bloodletting","Sword Boomerang"],"picked":"SKIP","floor":20},{"not_picked":["Hemokinesis","Combust+1"],"picked":"Disarm","floor":21},{"not_picked":["Reckless Charge","Warcry"],"picked":"Sword Boomerang+1","floor":24},{"not_picked":["Anger","Bloodletting"],"picked":"Shockwave+1","floor":27},{"not_picked":["Dropkick","Anger","Juggernaut"],"picked":"SKIP","floor":30},{"not_picked":["Bludgeon","Juggernaut"],"picked":"Reaper","floor":33},{"not_picked":["Pommel Strike+1","Cleave"],"picked":"Havoc+1","floor":35},{"not_picked":["Perfected Strike","Warcry","Combust+1"],"picked":"SKIP","floor":37},{"not_picked":["Seeing Red","Wild Strike"],"picked":"Infernal Blade","floor":40},{"not_picked":["Sword Boomerang","Flex+1"],"picked":"Heavy Blade+1","floor":46},{"not_picked":["Perfected Strike","Sentinel+1"],"picked":"Whirlwind+1","floor":48}],"player_experience":1091363,"relics_obtained":[{"floor":6.0,"key":"Vajra"},{"floor":9.0,"key":"Bag of Marbles"},{"floor":21,"key":"Thread and Needle"},{"floor":21,"key":"Bottled Flame"},{"floor":22,"key":"Pantograph"},{"floor":26,"key":"Mercury Hourglass"},{"floor":29,"key":"Enchiridion"},{"floor":40,"key":"Letter Opener"},{"floor":42,"key":"Whetstone"},{"floor":43,"key":"Smiling Mask"}],"event_choices":[{"damage_healed":0.0,"max_hp_gain":0.0,"max_hp_loss":0.0,"gold_gain":0.0,"event_name":"Scrap Ooze","player_choice":"Success","floor":2.0,"gold_loss":0.0,"damage_taken":7.0,"relics_obtained":["Centennial Puzzle"]},{"damage_healed":0.0,"max_hp_gain":0.0,"max_hp_loss":0.0,"gold_gain":0.0,"event_name":"Big Fish","player_choice":"Box","floor":3.0,"gold_loss":0.0,"damage_taken":0.0,"relics_obtained":["Potion Belt"],"cards_obtained":["Regret"]},{"cards_removed":["Regret"],"damage_healed":0.0,"max_hp_gain":0.0,"max_hp_loss":0.0,"gold_gain":0.0,"event_name":"Golden Wing","player_choice":"Card Removal","floor":5.0,"gold_loss":0.0,"damage_taken":7.0},{"damage_healed":0.0,"max_hp_gain":0.0,"max_hp_loss":6.0,"gold_gain":0.0,"event_name":"Golden Idol","player_choice":"Lose Max HP","floor":8.0,"gold_loss":0.0,"damage_taken":0.0,"relics_obtained":["Golden Idol"]},{"damage_healed":0.0,"max_hp_gain":0.0,"max_hp_loss":0.0,"gold_gain":0.0,"event_name":"Lab","player_choice":"Got Potions","floor":12.0,"gold_loss":0.0,"damage_taken":0.0},{"damage_healed":0,"gold_gain":0,"player_choice":"Fight","damage_taken":0,"max_hp_gain":0,"max_hp_loss":0,"event_name":"Colosseum","floor":21,"gold_loss":0},{"damage_healed":0,"gold_gain":0,"player_choice":"Fought Nobs","damage_taken":0,"max_hp_gain":0,"max_hp_loss":0,"event_name":"Colosseum","floor":21,"gold_loss":0},{"damage_healed":0,"gold_gain":0,"player_choice":"Obtained Book","damage_taken":16,"max_hp_gain":0,"max_hp_loss":0,"event_name":"Cursed Tome","floor":29,"gold_loss":0},{"cards_removed":["Strike_R"],"damage_healed":0,"gold_gain":0,"player_choice":"Removed Attack","damage_taken":0,"max_hp_gain":0,"max_hp_loss":0,"event_name":"Falling","floor":36,"gold_loss":0},{"damage_healed":0,"gold_gain":333,"player_choice":"Gave Idol","damage_taken":0,"max_hp_gain":0,"max_hp_loss":0,"event_name":"The Moai Head","floor":38,"relics_lost":["Golden Idol"],"gold_loss":0},{"damage_healed":0,"gold_gain":0,"player_choice":"Max HP","damage_taken":0,"max_hp_gain":0,"max_hp_loss":4,"event_name":"Winding Halls","floor":39,"gold_loss":0},{"damage_healed":0,"gold_gain":0,"player_choice":"Ignored","damage_taken":0,"max_hp_gain":0,"max_hp_loss":0,"event_name":"Mysterious Sphere","floor":45,"gold_loss":0},{"damage_healed":0,"gold_gain":0,"player_choice":"Paid Gold","damage_taken":0,"relics_obtained":["Anchor"],"max_hp_gain":0,"max_hp_loss":0,"event_name":"WeMeetAgain","floor":47,"gold_loss":138}],"is_beta":false,"boss_relics":[{"not_picked":["White Beast Statue","Lizard Tail"],"picked":"Velvet Choker"},{"not_picked":["Runic Dome","Orrery"],"picked":"Cursed Key"}],"items_purged_floors":[28,31],"is_endless":false,"potions_floor_spawned":[1,4,10,19,21,24,27,33,35,37,48],"ascension_level":0}