{"gold_per_floor":[359,376,93,105,55,90,90,90,113,125,155,175,187,206,206,305,305,320,331,347,365,162,162],"floor_reached":23,"playtime":1594,"items_purged":["Decay","Strike_G"],"score":283,"play_id":"7adeed26-044a-4aa8-addb-871d2eeb0e96","local_time":"20180801202518","is_ascension_mode":true,"campfire_choices":[{"floor":7,"key":"REST"},{"floor":15,"key":"REST"}],"neow_cost":"CURSE","seed_source_timestamp":82554973920138,"circlet_count":0,"master_deck":["Defend_G","Defend_G","Defend_G","Defend_G","Defend_G","Strike_G","Strike_G","Strike_G","Survivor","Neutralize","Cloak And Dagger","Footwork","Dodge and Roll","Caltrops","Neutralize","Purity","Blade Dance","Quick Slash","Backstab","Backstab","Escape Plan","Bullet Time","Accuracy","Heel Hook+1","Dash+1","Setup","Blind"],"relics":["Ring of the Snake","Sling","Vajra","Strawberry","Mercury Hourglass","Sozu"],"potions_floor_usage":[11,16,16,16],"damage_taken":[{"damage":3,"enemies":"Small Slimes","floor":1,"turns":6},{"damage":6,"enemies":"2 Louse","floor":2,"turns":3},{"damage":0,"enemies":"Cultist","floor":4,"turns":4},{"damage":32,"enemies":"Gremlin Nob","floor":6,"turns":6},{"damage":19,"enemies":"Lots of Slimes","floor":10,"turns":5},{"damage":13,"enemies":"3 Sentries","floor":11,"turns":6},{"damage":0,"enemies":"Red Slaver","floor":12,"turns":3},{"damage":2,"enemies":"Looter","floor":13,"turns":3},{"damage":6,"enemies":"Exordium Thugs","floor":14,"turns":4},{"damage":0,"enemies":"The Guardian","floor":16,"turns":11},{"damage":0,"enemies":"3 Byrds","floor":18,"turns":5},{"damage":12,"enemies":"Shell Parasite","floor":19,"turns":4},{"damage":32,"enemies":"Snecko","floor":20,"turns":6},{"damage":20,"enemies":"Cultist and Chosen","floor":21,"turns":6},{"damage":18,"enemies":"Book of Stabbing","floor":23,"turns":3}],"seed_played":"-3371000385411706089","potions_obtained":[{"floor":1,"key":"LiquidBronze"},{"floor":4,"key":"Block Potion"},{"floor":6,"key":"PowerPotion"},{"floor":13,"key":"Dexterity Potion"}],"is_trial":false,"path_per_floor":["M","M","$","M","?","E","R","?","T","M","E","M","M","M","R","B",null,"M","M","M","M","$"],"character_chosen":"THE_SILENT","items_purchased":["Sling","Blind"],"campfire_rested":2,"item_purchase_floors":[3,22],"current_hp_per_floor":[67,61,61,61,61,29,50,50,57,38,25,25,23,17,40,40,77,77,65,33,13,13,0],"gold":162,"neow_bonus":"TWO_FIFTY_GOLD","is_prod":false,"is_daily":false,"chose_seed":false,"campfire_upgraded":0,"win_rate":0,"timestamp":1533180318,"path_taken":["M","M","$","M","?","E","R","?","T","M","E","M","?","M","R","BOSS","M","M","M","M","$","E"],"build_version":"2018-07-26","purchased_purges":2,"victory":false,"max_hp_per_floor":[70,70,70,70,70,70,70,70,77,77,77,77,77,77,77,77,77,77,77,77,77,77,77],"card_choices":[{"not_picked":["Endless Agony","Bane"],"picked":"Cloak And Dagger","floor":1},{"not_picked":["Eviscerate","Flying Knee"],"picked":"Footwork","floor":2},{"not_picked":["Bane","PiercingWail"],"picked":"Dodge and Roll","floor":4},{"not_picked":["Dagger Throw","Concentrate"],"picked":"Caltrops","floor":6},{"not_picked":["Storm of Steel","Poisoned Stab"],"picked":"Blade Dance","floor":10},{"not_picked":["Poisoned Stab","Sucker Punch"],"picked":"Quick Slash","floor":11},{"not_picked":["Flying Knee","Underhanded Strike"],"picked":"Backstab","floor":12},{"not_picked":["Acrobatics","Grand Finale"],"picked":"Backstab","floor":13},{"not_picked":["Quick Slash","Dagger Throw"],"picked":"Escape Plan","floor":14},{"not_picked":["Glass Knife","Die Die Die"],"picked":"Bullet Time","floor":16},{"not_picked":["Dodge and Roll+1","Flechettes"],"picked":"Accuracy","floor":18},{"not_picked":["Dash","Terror"],"picked":"Heel Hook+1","floor":19},{"not_picked":["Deadly Poison","PiercingWail"],"picked":"Dash+1","floor":20},{"not_picked":["Escape Plan+1","Endless Agony"],"picked":"Setup","floor":21}],"player_experience":104589,"relics_obtained":[{"floor":6,"key":"Vajra"},{"floor":9,"key":"Strawberry"},{"floor":11,"key":"Mercury Hourglass"}],"event_choices":[{"event_name":"The Cleric","player_choice":"Card Removal","floor":5,"damage_taken":0},{"event_name":"Match and Keep!","player_choice":"2 cards matched","floor":8,"damage_taken":0}],"is_beta":false,"boss_relics":[{"not_picked":["Ectoplasm","Lizard Tail"],"picked":"Sozu"}],"items_purged_floors":[3,22],"is_endless":false,"potions_floor_spawned":[1,4,6,13,18],"killed_by":"Book of Stabbing","ascension_level":2}