{"gold_per_floor":[109,123,137,62,62,94,110,126,126,126,142,142,142,142],"floor_reached":14,"playtime":281,"items_purged":[],"score":184,"play_id":"21af2601-3355-4918-91d0-8c3fa736000a","local_time":"20190427005010","is_ascension_mode":true,"campfire_choices":[{"data":"Bash","floor":10,"key":"SMITH"},{"floor":12,"key":"REST"}],"neow_cost":"NONE","seed_source_timestamp":1424124328215100,"circlet_count":0,"master_deck":["AscendersBane","Strike_R","Strike_R","Strike_R","Strike_R","Defend_R","Defend_R","Defend_R","Bash+1","Pummel","Double Tap","Heavy Blade","Twin Strike"],"relics":["Burning Blood","NeowsBlessing","Self Forming Clay","Potion Belt","Anchor"],"potions_floor_usage":[6],"damage_taken":[{"damage":0,"enemies":"Cultist","floor":1,"turns":1},{"damage":0,"enemies":"Jaw Worm","floor":2,"turns":1},{"damage":0,"enemies":"2 Louse","floor":3,"turns":1},{"damage":32,"enemies":"Gremlin Nob","floor":6,"turns":4},{"damage":15,"enemies":"Lots of Slimes","floor":7,"turns":6},{"damage":29,"enemies":"Exordium Wildlife","floor":8,"turns":6},{"damage":8,"enemies":"Blue Slaver","floor":11,"turns":3},{"damage":47,"enemies":"Lagavulin","floor":14,"turns":5}],"seed_played":"-426772745404919590","potions_obtained":[{"floor":2,"key":"Strength Potion"},{"floor":7,"key":"SpeedPotion"},{"floor":8,"key":"Explosive Potion"}],"is_trial":false,"path_per_floor":["M","M","M","?","?","E","M","M","T","R","M","R","?","E"],"character_chosen":"IRONCLAD","items_purchased":[],"campfire_rested":1,"item_purchase_floors":[],"current_hp_per_floor":[74,75,75,75,75,49,40,17,17,17,15,37,32,0],"gold":142,"neow_bonus":"THREE_ENEMY_KILL","is_prod":false,"is_daily":false,"chose_seed":false,"campfire_upgraded":1,"win_rate":0,"timestamp":1556319010,"path_taken":["M","?","M","?","?","E","M","?","T","R","M","R","?","E"],"build_version":"2019-04-23","purchased_purges":0,"victory":false,"max_hp_per_floor":[75,75,75,75,75,75,75,75,75,75,75,75,75,75],"card_choices":[{"not_picked":["Pommel Strike","True Grit"],"picked":"Pummel","floor":1},{"not_picked":["Fire Breathing","Perfected Strike","Cleave"],"picked":"SKIP","floor":2},{"not_picked":["Fire Breathing","Warcry","Anger"],"picked":"SKIP","floor":3},{"not_picked":["Dual Wield","Searing Blow","Power Through"],"picked":"SKIP","floor":6},{"not_picked":["Iron Wave","Spot Weakness","Seeing Red"],"picked":"SKIP","floor":7},{"not_picked":["Perfected Strike","Brutality"],"picked":"Heavy Blade","floor":8},{"not_picked":["Shockwave","Thunderclap"],"picked":"Twin Strike","floor":11}],"player_experience":1415178,"relics_obtained":[{"floor":6,"key":"Self Forming Clay"},{"floor":9,"key":"Potion Belt"}],"event_choices":[{"cards_removed":["Strike_R"],"damage_healed":0,"gold_gain":0,"player_choice":"Card Removal","damage_taken":0,"max_hp_gain":0,"max_hp_loss":0,"event_name":"The Cleric","floor":4,"gold_loss":75},{"damage_healed":0,"gold_gain":0,"cards_transformed":["Defend_R"],"player_choice":"Transformed","damage_taken":0,"max_hp_gain":0,"max_hp_loss":0,"event_name":"Transmorgrifier","floor":5,"gold_loss":0,"cards_obtained":["Double Tap"]},{"damage_healed":0,"gold_gain":0,"player_choice":"Success","damage_taken":5,"relics_obtained":["Anchor"],"max_hp_gain":0,"max_hp_loss":0,"event_name":"Scrap Ooze","floor":13,"gold_loss":0}],"is_beta":true,"boss_relics":[],"items_purged_floors":[],"is_endless":false,"potions_floor_spawned":[2,7,8],"killed_by":"Lagavulin","ascension_level":20}