{"gold_per_floor":[369,380,396,446,30,57,57,7,59,9,9,23,56,70,70,148,148,161,76,76,51,51,51,51,151,204,56,70,70,97,114,114,190,190,201,201,1200,1212,795,795,25,0,54,54,79,79,109,120,120,120,120],"floor_reached":51,"playtime":9131,"items_purged":["Strike_B","Strike_B","Strike_B","Defend_B","Normality","Normality"],"score":1508,"play_id":"ba3f2cc7-6686-43c8-beae-5bded8b7a498","local_time":"20190418131734","is_ascension_mode":true,"campfire_choices":[{"floor":7.0,"key":"REST"},{"data":"Sunder","floor":11.0,"key":"SMITH"},{"data":"Sunder","floor":15.0,"key":"SMITH"},{"data":"Zap","floor":23,"key":"SMITH"},{"floor":29,"key":"REST"},{"data":"Seek","floor":32,"key":"SMITH"},{"floor":40,"key":"RECALL"},{"floor":49,"key":"REST"}],"neow_cost":"TEN_PERCENT_HP_LOSS","seed_source_timestamp":632150677560888,"circlet_count":0,"master_deck":["AscendersBane","Defend_B","Defend_B","Zap+1","Dualcast","Echo Form","Cold Snap","Sunder+1","Sunder+1","FTL+1","Chill","Chill","Self Repair","Seek+1","FTL+1","Hologram+1","Flash of Steel+1","Cold Snap+1","Core Surge+1","Leap+1","BootSequence+1","Coolheaded","Defragment","Panacea","Capacitor","Defragment","Gash+1","Self Repair+1"],"special_seed":0,"relics":["Cracked Core","Pen Nib","Smiling Mask","Oddly Smooth Stone","Vajra","Black Star","Happy Flower","Ginger","Molten Egg 2","Art of War","Potion Belt","Bag of Preparation","Fusion Hammer","DataDisk","Strawberry","Bag of Marbles","Sling","Mummified Hand","Red Mask","Centennial Puzzle","Whetstone","Ornamental Fan","Dream Catcher"],"potions_floor_usage":[25,48,51],"damage_taken":[{"damage":9.0,"enemies":"Small Slimes","floor":1.0,"turns":3.0},{"damage":1.0,"enemies":"Cultist","floor":2.0,"turns":3.0},{"damage":2.0,"enemies":"Jaw Worm","floor":3.0,"turns":3.0},{"damage":29.0,"enemies":"3 Sentries","floor":6.0,"turns":7.0},{"damage":6.0,"enemies":"Red Slaver","floor":12.0,"turns":2.0},{"damage":6.0,"enemies":"Gremlin Nob","floor":13.0,"turns":3.0},{"damage":3.0,"enemies":"Looter","floor":14.0,"turns":2.0},{"damage":0.0,"enemies":"The Guardian","floor":16.0,"turns":8.0},{"damage":12.0,"enemies":"Chosen","floor":18.0,"turns":3.0},{"damage":25,"enemies":"2 Thieves","floor":21,"turns":4},{"damage":11,"enemies":"Colosseum Slavers","floor":25,"turns":6},{"damage":7,"enemies":"Colosseum Nobs","floor":25,"turns":4},{"damage":22,"enemies":"Cultist and Chosen","floor":28,"turns":7},{"damage":28,"enemies":"Gremlin Leader","floor":30,"turns":6},{"damage":0,"enemies":"Sentry and Sphere","floor":31,"turns":3},{"damage":48,"enemies":"Collector","floor":33,"turns":8},{"damage":11,"enemies":"3 Darklings","floor":35,"turns":5},{"damage":0,"enemies":"3 Shapes","floor":38,"turns":3},{"damage":2,"enemies":"Reptomancer","floor":45,"turns":8},{"damage":27,"enemies":"Nemesis","floor":47,"turns":9},{"damage":25,"enemies":"Transient","floor":48,"turns":6},{"damage":68,"enemies":"Donu and Deca","floor":50,"turns":15},{"damage":36,"enemies":"Time Eater","floor":51,"turns":3}],"seed_played":"3489974478041028731","potions_obtained":[{"floor":2.0,"key":"Explosive Potion"},{"floor":12.0,"key":"Dexterity Potion"},{"floor":13.0,"key":"FocusPotion"},{"floor":21,"key":"SpeedPotion"},{"floor":31,"key":"SpeedPotion"},{"floor":33,"key":"FearPotion"},{"floor":48,"key":"SpeedPotion"}],"is_trial":false,"path_per_floor":["M","M","M","?","$","E","R","$","T","$","R","M","E","M","R","B",null,"M","?","?","M","?","R","?","?","T","$","M","R","E","M","R","B",null,"M","?","?","M","$","R","$","?","T","?","E","?","E","M","R","B","B"],"character_chosen":"DEFECT","items_purchased":["Sunder","Pen Nib","Capacitor","Flash of Steel+1","DataDisk","Strawberry","Coolheaded","Bag of Marbles","Sling","Mummified Hand","Defragment"],"campfire_rested":3,"item_purchase_floors":[5,5,5,27,39,39,39,41,41,41,41],"current_hp_per_floor":[55,54,52,46,46,17,36,36,36,36,36,30,24,21,21,21,53,41,41,74,49,49,49,49,59,59,59,51,73,59,73,73,32,64,67,67,67,74,81,81,81,81,81,81,81,77,64,46,69,35,0],"gold":120,"neow_bonus":"TWO_FIFTY_GOLD","is_prod":false,"is_daily":false,"chose_seed":false,"campfire_upgraded":4,"win_rate":0,"timestamp":1555615054,"path_taken":["M","M","M","?","$","E","R","?","T","?","R","M","E","M","R","BOSS","M","?","?","?","?","R","?","?","T","$","M","R","E","M","R","BOSS","M","?","?","M","$","R","$","?","T","?","E","?","E","M","R","BOSS","BOSS"],"build_version":"2019-04-04","purchased_purges":6,"victory":false,"max_hp_per_floor":[64,64,64,64,64,64,64,64,64,64,64,64,64,64,64,64,64,64,64,74,74,74,74,74,74,74,74,74,74,74,74,74,74,74,74,74,74,74,81,81,81,81,81,81,81,77,77,77,77,77,77],"card_choices":[{"not_picked":["Stack","Turbo","Streamline"],"picked":"SKIP","floor":1.0},{"not_picked":["Gash","Undo"],"picked":"Echo Form","floor":2.0},{"not_picked":["Hologram","Force Field"],"picked":"Cold Snap","floor":3.0},{"not_picked":["Steam","Darkness"],"picked":"Sunder","floor":6.0},{"not_picked":["Redo","Hologram","Tempest"],"picked":"SKIP","floor":12.0},{"not_picked":["Turbo","Melter"],"picked":"FTL","floor":13.0},{"not_picked":["Streamline","Leap"],"picked":"Chill","floor":14.0},{"not_picked":["Seek","Buffer"],"picked":"Meteor Strike","floor":16.0},{"not_picked":["Stack","Fusion"],"picked":"Chill","floor":18.0},{"not_picked":["Reprogram","Stack"],"picked":"Self Repair","floor":21},{"not_picked":["Steam","Blizzard"],"picked":"Hologram+1","floor":25},{"not_picked":["Fusion","Storm"],"picked":"Cold Snap+1","floor":28},{"not_picked":["Ball Lightning+1","Sweeping Beam+1","Rebound+1"],"picked":"SKIP","floor":30},{"not_picked":["Gash+1","Rebound+1","Hello World"],"picked":"SKIP","floor":31},{"not_picked":["Multi-Cast","Amplify"],"picked":"Core Surge+1","floor":33},{"not_picked":["Hologram","Steam"],"picked":"Leap+1","floor":35},{"not_picked":["Hologram","Melter+1"],"picked":"BootSequence+1","floor":38},{"not_picked":["Magnetism","Metamorphosis"],"picked":"Panacea","floor":44},{"not_picked":["FTL+1","Hello World"],"picked":"Capacitor","floor":45},{"not_picked":["Force Field+1","Leap"],"picked":"Defragment","floor":47},{"not_picked":["Hello World","Stack"],"picked":"Gash+1","floor":48},{"not_picked":["Undo","Redo"],"picked":"Self Repair+1","floor":49}],"player_experience":2925695,"relics_obtained":[{"floor":6.0,"key":"Smiling Mask"},{"floor":9.0,"key":"Oddly Smooth Stone"},{"floor":13.0,"key":"Vajra"},{"floor":25,"key":"Ginger"},{"floor":25,"key":"Molten Egg 2"},{"floor":26,"key":"Art of War"},{"floor":30,"key":"Potion Belt"},{"floor":30,"key":"Bag of Preparation"},{"floor":45,"key":"Centennial Puzzle"},{"floor":45,"key":"Whetstone"},{"floor":47,"key":"Ornamental Fan"},{"floor":47,"key":"Dream Catcher"}],"event_choices":[{"damage_healed":0.0,"max_hp_gain":0.0,"max_hp_loss":0.0,"gold_gain":50.0,"event_name":"FaceTrader","player_choice":"Touch","floor":4.0,"gold_loss":0.0,"damage_taken":6.0},{"damage_healed":0.0,"max_hp_gain":0.0,"max_hp_loss":0.0,"gold_gain":0.0,"event_name":"Addict","player_choice":"Obtained Relic","floor":19.0,"gold_loss":85.0,"damage_taken":0.0,"relics_obtained":["Happy Flower"]},{"cards_removed":["Meteor Strike"],"damage_healed":23.0,"max_hp_gain":10.0,"max_hp_loss":0.0,"gold_gain":0.0,"event_name":"Bonfire Elementals","player_choice":"Offered Rare","floor":20.0,"gold_loss":0.0,"damage_taken":0.0},{"damage_healed":0,"gold_gain":0,"player_choice":"Ignored","damage_taken":0,"max_hp_gain":0,"max_hp_loss":0,"event_name":"The Mausoleum","floor":22,"gold_loss":0},{"damage_healed":0,"gold_gain":0,"cards_transformed":["Strike_B","Defend_B"],"player_choice":"Became Test Subject","damage_taken":0,"max_hp_gain":0,"max_hp_loss":0,"event_name":"Drug Dealer","floor":24,"gold_loss":0,"cards_obtained":["Seek","FTL"]},{"damage_healed":0,"gold_gain":0,"player_choice":"Fight","damage_taken":0,"max_hp_gain":0,"max_hp_loss":0,"event_name":"Colosseum","floor":25,"gold_loss":0},{"damage_healed":0,"gold_gain":0,"player_choice":"Fought Nobs","damage_taken":0,"max_hp_gain":0,"max_hp_loss":0,"event_name":"Colosseum","floor":25,"gold_loss":0},{"cards_removed":["Capacitor"],"damage_healed":0,"gold_gain":0,"player_choice":"Removed Power","damage_taken":0,"max_hp_gain":0,"max_hp_loss":0,"event_name":"Falling","floor":36,"gold_loss":0},{"damage_healed":0,"gold_gain":999,"player_choice":"Gold","damage_taken":0,"max_hp_gain":0,"max_hp_loss":0,"event_name":"MindBloom","floor":37,"gold_loss":0,"cards_obtained":["Normality","Normality"]},{"damage_healed":0,"gold_gain":0,"player_choice":"Paid","damage_taken":0,"relics_obtained":["Red Mask"],"max_hp_gain":0,"max_hp_loss":0,"event_name":"Tomb of Lord Red Mask","floor":42,"gold_loss":25},{"damage_healed":0,"gold_gain":0,"player_choice":"Memory 1","damage_taken":0,"max_hp_gain":0,"max_hp_loss":0,"event_name":"SensoryStone","floor":44,"gold_loss":0},{"damage_healed":0,"gold_gain":0,"player_choice":"Max HP","damage_taken":0,"max_hp_gain":0,"max_hp_loss":4,"event_name":"Winding Halls","floor":46,"gold_loss":0}],"is_beta":true,"boss_relics":[{"not_picked":["Orrery","Tiny House"],"picked":"Black Star"},{"not_picked":["Empty Cage","FrozenCore"],"picked":"Fusion Hammer"}],"items_purged_floors":[5,8,10,27,39,41],"is_endless":false,"potions_floor_spawned":[2,12,13,14,21,31,33,48],"killed_by":"Time Eater","ascension_level":20}