{"gold_per_floor":[119,119,135,135,160,160,2,2,2,2,2,20,38,68,68,68],"floor_reached":16,"playtime":422,"items_purged":[],"score":180,"play_id":"fa7b05ab-edf2-404a-8dbb-27f92840c474","local_time":"20190117001103","is_ascension_mode":true,"campfire_choices":[{"data":"Neutralize","floor":6,"key":"SMITH"},{"data":"Sucker Punch","floor":8,"key":"SMITH"},{"data":"Terror","floor":10,"key":"SMITH"},{"data":"Dodge and Roll","floor":15,"key":"SMITH"}],"neow_cost":"TEN_PERCENT_HP_LOSS","seed_source_timestamp":619933173150600,"circlet_count":0,"master_deck":["AscendersBane","Defend_G","Defend_G+1","Defend_G","Defend_G","Defend_G","Strike_G+1","Strike_G","Strike_G","Strike_G","Strike_G","Survivor","Neutralize+1","Adrenaline","Terror+1","Injury","Sucker Punch+1","Dagger Spray","Dodge and Roll+1"],"relics":["Ring of the Snake","Golden Idol","Regal Pillow","Bird Faced Urn","Odd Mushroom"],"potions_floor_usage":[13,16,16],"damage_taken":[{"damage":2,"enemies":"Small Slimes","floor":1,"turns":4},{"damage":0,"enemies":"2 Louse","floor":3,"turns":4},{"damage":0,"enemies":"Cultist","floor":5,"turns":4},{"damage":0,"enemies":"3 Louse","floor":12,"turns":3},{"damage":4,"enemies":"Exordium Thugs","floor":13,"turns":4},{"damage":3,"enemies":"The Mushroom Lair","floor":14,"turns":5},{"damage":35,"enemies":"Hexaghost","floor":16,"turns":11}],"seed_played":"5794842318089688279","potions_obtained":[{"floor":1,"key":"AttackPotion"},{"floor":11,"key":"Swift Potion"},{"floor":14,"key":"Swift Potion"}],"is_trial":false,"path_per_floor":["M","?","M","?","M","R","$","R","T","R","?","M","M","?","R","B"],"character_chosen":"THE_SILENT","items_purchased":["Regal Pillow"],"campfire_rested":0,"item_purchase_floors":[7],"current_hp_per_floor":[57,39,39,39,39,39,39,39,39,39,39,39,35,32,32,0],"gold":68,"neow_bonus":"THREE_RARE_CARDS","is_prod":false,"is_daily":false,"chose_seed":false,"campfire_upgraded":4,"win_rate":0,"timestamp":1547680263,"path_taken":["M","?","M","?","M","R","$","R","T","R","?","?","M","?","R","BOSS"],"build_version":"2019-01-14v2","purchased_purges":0,"victory":false,"max_hp_per_floor":[60,60,60,60,60,60,60,60,60,60,60,60,60,60,60,60],"card_choices":[{"not_picked":["Tools of the Trade","Unload"],"picked":"Adrenaline","floor":0},{"not_picked":["Accuracy","Predator","PiercingWail"],"picked":"SKIP","floor":1},{"not_picked":["Blur","Poisoned Stab"],"picked":"Terror","floor":3},{"not_picked":["Riddle With Holes","Flying Knee"],"picked":"Sucker Punch","floor":5},{"not_picked":["Masterful Stab","Finisher","Corpse Explosion"],"picked":"SKIP","floor":12},{"not_picked":["Flying Knee","Escape Plan"],"picked":"Dagger Spray","floor":13},{"not_picked":["Quick Slash","Expertise"],"picked":"Dodge and Roll","floor":14}],"player_experience":1048362,"relics_obtained":[{"floor":9,"key":"Bird Faced Urn"},{"floor":14,"key":"Odd Mushroom"}],"event_choices":[{"damage_healed":0,"gold_gain":0,"player_choice":"Entered Light","damage_taken":18,"max_hp_gain":0,"max_hp_loss":0,"event_name":"Shining Light","floor":2,"gold_loss":0,"cards_upgraded":["Defend_G","Strike_G"]},{"damage_healed":0,"gold_gain":0,"player_choice":"Take Wound","damage_taken":0,"relics_obtained":["Golden Idol"],"max_hp_gain":0,"max_hp_loss":0,"event_name":"Golden Idol","floor":4,"gold_loss":0,"cards_obtained":["Injury"]},{"damage_healed":0,"gold_gain":0,"player_choice":"Got Potions","damage_taken":0,"max_hp_gain":0,"max_hp_loss":0,"event_name":"Lab","floor":11,"gold_loss":0},{"damage_healed":0,"gold_gain":0,"player_choice":"Fought Mushrooms","damage_taken":0,"max_hp_gain":0,"max_hp_loss":0,"event_name":"Mushrooms","floor":14,"gold_loss":0}],"is_beta":true,"boss_relics":[],"items_purged_floors":[],"is_endless":false,"potions_floor_spawned":[1,12,14],"killed_by":"Hexaghost","ascension_level":20}