{"gold_per_floor":[114,114,214,214,137,170,185,214,214,231,231,85,85,85,85,185,185,202,202,202,213,225,254,254,288,288,288,300,250,200,211,211,211],"floor_reached":33,"playtime":1293,"items_purged":["Strike_G","Strike_G"],"score":378,"play_id":"e712c72a-b593-4958-9719-eae6929aa942","local_time":"20180911001449","is_ascension_mode":true,"campfire_choices":[{"floor":13,"key":"REST"},{"data":"Choke","floor":15,"key":"SMITH"},{"data":"Die Die Die","floor":24,"key":"SMITH"},{"floor":27,"key":"REST"},{"data":"Backflip","floor":32,"key":"SMITH"}],"neow_cost":"NONE","seed_source_timestamp":430959398514500,"circlet_count":0,"master_deck":["Defend_G","Defend_G","Defend_G","Defend_G","Defend_G","Strike_G+1","Strike_G+1","Survivor","Neutralize","After Image","Blade Dance+1","Quick Slash","Infinite Blades","Prepared","Escape Plan","Choke+1","Die Die Die+1","Backflip+1","Blur","PiercingWail+1","Backstab","Adrenaline"],"relics":["Ring of the Snake","Ornamental Fan","Potion Belt","Anchor","Matryoshka","Philosopher\u0027s Stone","Boot","Smiling Mask","Centennial Puzzle","Regal Pillow"],"potions_floor_usage":[8,22,23,23,25,33],"damage_taken":[{"damage":0,"enemies":"Small Slimes","floor":1,"turns":4},{"damage":12,"enemies":"3 Sentries","floor":6,"turns":11},{"damage":0,"enemies":"Jaw Worm","floor":7,"turns":4},{"damage":12,"enemies":"Lagavulin","floor":8,"turns":6},{"damage":0,"enemies":"2 Louse","floor":10,"turns":2},{"damage":23,"enemies":"The Guardian","floor":16,"turns":13},{"damage":0,"enemies":"Chosen","floor":18,"turns":4},{"damage":0,"enemies":"Shell Parasite","floor":21,"turns":4},{"damage":1,"enemies":"Centurion and Healer","floor":22,"turns":5},{"damage":11,"enemies":"Slavers","floor":23,"turns":5},{"damage":10,"enemies":"Gremlin Leader","floor":25,"turns":5},{"damage":15,"enemies":"Snake Plant","floor":28,"turns":4},{"damage":10,"enemies":"Sentry and Sphere","floor":31,"turns":5},{"damage":44,"enemies":"Collector","floor":33,"turns":6}],"seed_played":"-8313460532916779378","potions_obtained":[{"floor":6,"key":"SkillPotion"},{"floor":8,"key":"Dexterity Potion"},{"floor":14,"key":"Fire Potion"},{"floor":14,"key":"Dexterity Potion"},{"floor":14,"key":"FearPotion"},{"floor":16,"key":"GhostInAJar"},{"floor":18,"key":"EssenceOfSteel"},{"floor":22,"key":"SteroidPotion"}],"is_trial":false,"path_per_floor":["M","?","?","?","?","E","M","E","T","M","?","$","R","?","R","B",null,"M","?","?","M","M","E","R","E","T","R","M","$","?","M","R"],"character_chosen":"THE_SILENT","items_purchased":["Choke"],"campfire_rested":2,"item_purchase_floors":[12],"current_hp_per_floor":[63,56,56,42,42,30,30,18,18,18,18,18,39,39,39,16,57,57,54,54,54,53,42,42,32,32,68,53,53,53,43,43,0],"gold":211,"neow_bonus":"ONE_RANDOM_RARE_CARD","is_prod":false,"is_daily":false,"chose_seed":false,"campfire_upgraded":3,"win_rate":0,"timestamp":1536650089,"path_taken":["M","?","?","?","?","E","M","E","T","?","?","?","R","?","R","BOSS","M","?","?","?","M","E","R","E","T","R","M","$","?","M","R","BOSS"],"build_version":"2018-09-06","purchased_purges":2,"victory":false,"max_hp_per_floor":[70,70,70,70,70,70,70,70,70,70,70,70,70,70,70,70,70,70,70,70,70,70,70,70,70,70,70,70,70,70,70,70,70],"card_choices":[{"not_picked":["Outmaneuver","Well Laid Plans"],"picked":"Blade Dance","floor":1},{"not_picked":["Sucker Punch","Reflex"],"picked":"Quick Slash","floor":6},{"not_picked":["Dagger Spray","Backstab"],"picked":"Infinite Blades","floor":7},{"not_picked":["Predator","Deadly Poison"],"picked":"Prepared","floor":8},{"not_picked":["Quick Slash","Distraction"],"picked":"Escape Plan","floor":10},{"not_picked":["Phantasmal Killer","Burst"],"picked":"Die Die Die","floor":16},{"not_picked":["Leg Sweep","Deflect+1"],"picked":"Backflip","floor":18},{"not_picked":["Acrobatics+1","Leg Sweep+1"],"picked":"PiercingWail+1","floor":21},{"not_picked":["Outmaneuver","Riddle With Holes","Bouncing Flask"],"picked":"SKIP","floor":22},{"not_picked":["Setup","Acrobatics"],"picked":"Backstab","floor":23},{"not_picked":["Blur+1","Deflect"],"picked":"Adrenaline","floor":25},{"not_picked":["Dodge and Roll","Poisoned Stab","Reflex"],"picked":"SKIP","floor":28},{"not_picked":["Expertise+1","Sucker Punch","Concentrate+1"],"picked":"SKIP","floor":31}],"player_experience":274481,"relics_obtained":[{"floor":6,"key":"Potion Belt"},{"floor":8,"key":"Anchor"},{"floor":9,"key":"Matryoshka"},{"floor":23,"key":"Boot"},{"floor":25,"key":"Smiling Mask"},{"floor":26,"key":"Centennial Puzzle"},{"floor":26,"key":"Regal Pillow"}],"event_choices":[{"event_name":"Golden Wing","player_choice":"Card Removal","floor":2,"damage_taken":0},{"event_name":"Golden Shrine","player_choice":"Pray","floor":3,"damage_taken":0},{"event_name":"Shining Light","player_choice":"Entered Light","floor":4,"damage_taken":0},{"event_name":"WeMeetAgain","player_choice":"Gold","floor":5,"damage_taken":0},{"event_name":"Living Wall","player_choice":"Grow","floor":11,"damage_taken":0},{"event_name":"The Lab","player_choice":"Got Potions","floor":14,"damage_taken":0},{"event_name":"Designer","player_choice":"Punch","floor":19,"damage_taken":0},{"event_name":"The Library","player_choice":"Read","floor":20,"damage_taken":0},{"event_name":"The Joust","player_choice":"Bet on Murderer","floor":30,"damage_taken":0}],"is_beta":true,"boss_relics":[{"not_picked":["Fusion Hammer","Coffee Dripper"],"picked":"Philosopher\u0027s Stone"}],"items_purged_floors":[12,29],"is_endless":false,"potions_floor_spawned":[6,8,16,18,21,22],"killed_by":"Collector","ascension_level":6}