{"path_per_floor":["M","M","M","M","?","E","R","E","T","?","E","M","$","M","R","B",null,"M","?","$","?","M","R","?","T","T","E","M","M","$","M","R","B",null,"M","M","$","M","?","R","E","R","T","R","?","M","M","?","R","B"],"character_chosen":"THE_SILENT","items_purchased":["Bronze Scales","Footwork","Blade Dance","PiercingWail","Accuracy"],"gold_per_floor":[18,37,51,67,67,99,99,162,189,189,219,231,231,241,241,339,339,356,356,200,115,133,133,133,133,133,163,179,193,124,141,141,240,240,258,275,18,30,30,30,57,57,57,57,57,71,84,84,84,84],"floor_reached":51,"campfire_rested":3,"playtime":2429,"item_purchase_floors":[],"current_hp_per_floor":[69,69,60,53,46,9,9,20,20,20,19,32,32,46,46,21,70,60,60,60,67,50,50,36,36,36,41,49,24,24,16,40,53,82,40,45,45,38,82,82,52,52,52,76,76,69,60,60,60,48],"items_purged":["Strike_G"],"gold":84,"score":842,"play_id":"92bb7af5-2275-4e35-a65a-085900c5339c","local_time":"20180624194953","is_prod":false,"is_daily":false,"chose_seed":false,"is_ascension_mode":true,"campfire_upgraded":5,"win_rate":0,"timestamp":1529894993,"campfire_choices":[{"data":"Riddle With Holes","floor":7.0,"key":"SMITH"},{"data":"Footwork","floor":15.0,"key":"SMITH"},{"data":"RitualDagger","floor":23.0,"key":"SMITH"},{"floor":32.0,"key":"REST"},{"data":"Blade Dance","floor":40.0,"key":"SMITH"},{"data":"Adrenaline","floor":42,"key":"SMITH"},{"floor":44,"key":"REST"},{"floor":49,"key":"REST"}],"path_taken":["M","M","M","?","?","E","R","E","T","?","E","M","$","M","R","BOSS","M","?","$","?","?","R","?","?","T","E","M","M","?","M","R","BOSS","M","M","$","M","?","R","E","R","T","R","?","M","M","?","R","BOSS"],"build_version":"2018-06-11","seed_source_timestamp":0,"purchased_purges":1,"victory":true,"master_deck":["Defend_G+1","Defend_G+1","Defend_G+1","Defend_G+1","Strike_G+1","Strike_G+1","Survivor+1","Neutralize+1","Outmaneuver+1","Riddle With Holes+1","Flying Knee+1","Cloak And Dagger+1","Backstab+1","Deflect+1","Cloak And Dagger+1","Envenom+1","Footwork+1","RitualDagger+1","Cloak And Dagger+1","Backflip+1","Noxious Fumes+1","Footwork+1","Cloak And Dagger+1","Adrenaline+1","Footwork+1","Escape Plan+1","Blade Dance+1","PiercingWail+1","Accuracy+1"],"max_hp_per_floor":[70,70,70,70,70,70,70,70,70,70,70,70,70,70,70,70,70,70,70,70,77,77,77,82,82,82,82,82,82,82,82,82,82,82,82,82,82,82,82,82,82,82,82,82,82,82,82,82,82,82],"special_seed":0,"relics":["Ring of the Snake","Meat on the Bone","Tiny Chest","Blood Vial","Happy Flower","Lizard Tail","Bronze Scales","Strawberry","Kunai","Pantograph","Oddly Smooth Stone","Black Star","Orichalcum","Lantern","Blue Candle","Mark of the Bloom"],"card_choices":[{"not_picked":["Dagger Throw","Dodge and Roll"],"picked":"Outmaneuver","floor":1.0},{"not_picked":["All Out Attack","Outmaneuver"],"picked":"Riddle With Holes","floor":2.0},{"not_picked":["Bouncing Flask","PiercingWail"],"picked":"Flying Knee","floor":3.0},{"not_picked":["Dodge and Roll","Poisoned Stab"],"picked":"Cloak And Dagger","floor":4.0},{"not_picked":["Bouncing Flask","Expertise"],"picked":"Backstab","floor":6.0},{"not_picked":["Prepared","Predator"],"picked":"Deflect","floor":8.0},{"not_picked":["Flying Knee","Finisher"],"picked":"Backstab","floor":11.0},{"not_picked":["Acrobatics","Quick Slash"],"picked":"Footwork","floor":12.0},{"not_picked":["Quick Slash","Dagger Throw"],"picked":"Cloak And Dagger","floor":14.0},{"not_picked":["Phantasmal Killer","Corpse Explosion"],"picked":"Envenom","floor":16.0},{"not_picked":["Skewer","Predator"],"picked":"Distraction+1","floor":18.0},{"not_picked":["Reflex","Calculated Gamble"],"picked":"Cloak And Dagger","floor":22.0},{"not_picked":["Unload","All Out Attack"],"picked":"Backflip","floor":27.0},{"not_picked":["Sucker Punch","PiercingWail+1"],"picked":"Noxious Fumes","floor":28.0},{"not_picked":["Choke","Dodge and Roll","Poisoned Stab"],"picked":"SKIP","floor":29.0},{"not_picked":["Poisoned Stab","Backflip+1"],"picked":"Cloak And Dagger+1","floor":31.0},{"not_picked":["Envenom","Corpse Explosion"],"picked":"Adrenaline","floor":33.0},{"not_picked":["Sucker Punch+1","Acrobatics"],"picked":"Footwork","floor":35.0},{"not_picked":["Quick Slash+1","Slice+1"],"picked":"Escape Plan+1","floor":36.0},{"not_picked":["Distraction","Dagger Throw","Dodge and Roll+1"],"picked":"SKIP","floor":38.0},{"not_picked":["Bane+1","Outmaneuver","Quick Slash+1"],"picked":"SKIP","floor":41},{"not_picked":["Caltrops+1","Glass Knife","Deadly Poison"],"picked":"SKIP","floor":46},{"not_picked":["Leg Sweep+1","Outmaneuver+1","Cloak And Dagger"],"picked":"SKIP","floor":47}],"player_experience":156853,"potions_floor_usage":[47,50,50],"damage_taken":[{"damage":1.0,"enemies":"Cultist","floor":1.0,"turns":4.0},{"damage":0.0,"enemies":"2 Louse","floor":2.0,"turns":4.0},{"damage":9.0,"enemies":"Small Slimes","floor":3.0,"turns":3.0},{"damage":7.0,"enemies":"2 Fungi Beasts","floor":4.0,"turns":3.0},{"damage":37.0,"enemies":"Gremlin Nob","floor":6.0,"turns":5.0},{"damage":16.0,"enemies":"3 Sentries","floor":8.0,"turns":11.0},{"damage":15.0,"enemies":"Lagavulin","floor":11.0,"turns":4.0},{"damage":1.0,"enemies":"Looter","floor":12.0,"turns":3.0},{"damage":0.0,"enemies":"Large Slime","floor":14.0,"turns":6.0},{"damage":39.0,"enemies":"The Guardian","floor":16.0,"turns":14.0},{"damage":10.0,"enemies":"Spheric Guardian","floor":18.0,"turns":4.0},{"damage":19.0,"enemies":"Chosen","floor":22.0,"turns":7.0},{"damage":9.0,"enemies":"Slavers","floor":27.0,"turns":4.0},{"damage":6.0,"enemies":"Sentry and Sphere","floor":28.0,"turns":7.0},{"damage":39.0,"enemies":"Snecko","floor":29.0,"turns":6.0},{"damage":22.0,"enemies":"Cultist and Chosen","floor":31.0,"turns":8.0},{"damage":26.0,"enemies":"Automaton","floor":33.0,"turns":12.0},{"damage":54.0,"enemies":"3 Darklings","floor":35.0,"turns":10.0},{"damage":9.0,"enemies":"Orb Walker","floor":36.0,"turns":4.0},{"damage":21.0,"enemies":"3 Darklings","floor":38.0,"turns":12.0},{"damage":30.0,"enemies":"Nemesis","floor":41.0,"turns":11.0},{"damage":7,"enemies":"4 Shapes","floor":46,"turns":9},{"damage":9,"enemies":"Transient","floor":47,"turns":5},{"damage":12,"enemies":"Time Eater","floor":50,"turns":12}],"relics_obtained":[{"floor":6.0,"key":"Meat on the Bone"},{"floor":8.0,"key":"Tiny Chest"},{"floor":9.0,"key":"Blood Vial"},{"floor":11.0,"key":"Happy Flower"},{"floor":25.0,"key":"Kunai"},{"floor":26.0,"key":"Pantograph"},{"floor":27.0,"key":"Oddly Smooth Stone"},{"floor":41,"key":"Orichalcum"},{"floor":41,"key":"Lantern"},{"floor":43,"key":"Blue Candle"}],"event_choices":[{"event_name":"Golden Wing","player_choice":"Card Removal","floor":5.0,"damage_taken":0.0},{"event_name":"Living Wall","player_choice":"Grow","floor":10.0,"damage_taken":0.0},{"event_name":"Nest","player_choice":"Joined the Cult","floor":19.0,"damage_taken":0.0},{"event_name":"Addict","player_choice":"Obtained Relic","floor":21.0,"damage_taken":0.0},{"event_name":"Forgotten Altar","player_choice":"Shed Blood","floor":24.0,"damage_taken":0.0},{"event_name":"Bonfire Elementals","player_choice":"UNCOMMON","floor":39.0,"damage_taken":0.0},{"event_name":"MindBloom","player_choice":"Upgrade","floor":45,"damage_taken":0},{"event_name":"Falling","player_choice":"Removed Attack","floor":48,"damage_taken":0}],"boss_relics":[{"not_picked":["Tiny House","White Beast Statue"],"picked":"Lizard Tail"},{"not_picked":["Astrolabe","Velvet Choker"],"picked":"Black Star"}],"items_purged_floors":[],"potions_floor_spawned":[6,8,12,14,16,27,28,31,35,46],"seed_played":"-5587295637456578447","ascension_level":3,"potions_obtained":[{"floor":6.0,"key":"Regen Potion"},{"floor":8.0,"key":"FearPotion"},{"floor":12.0,"key":"Strength Potion"},{"floor":14.0,"key":"Block Potion"},{"floor":16.0,"key":"Strength Potion"},{"floor":27.0,"key":"Strength Potion"},{"floor":28.0,"key":"Fire Potion"},{"floor":31.0,"key":"EssenceOfSteel"},{"floor":46,"key":"Dexterity Potion"}],"is_trial":false}