{"gold_per_floor":[118,118,14,14,14,14,49,49,49,65,100,100,100,114,114,190,190,206,216,216,32,32],"floor_reached":22,"playtime":495,"items_purged":["Defend_R","Strike_R"],"score":430,"play_id":"34588cc7-4b2f-4223-9387-740db37a768d","local_time":"20190406235234","is_ascension_mode":true,"campfire_choices":[{"data":"Warcry","floor":6,"key":"SMITH"},{"data":"Shrug It Off","floor":8,"key":"SMITH"},{"data":"Heavy Blade","floor":12,"key":"SMITH"},{"data":"Defend_R","floor":15,"key":"SMITH"}],"neow_cost":"NONE","seed_source_timestamp":107512867480200,"circlet_count":0,"master_deck":["AscendersBane","Strike_R","Strike_R+1","Strike_R+1","Strike_R","Defend_R+1","Defend_R","Defend_R","Bash+1","Warcry+1","Shrug It Off+1","Heavy Blade+1","Immolate","Pummel"],"relics":["Burning Blood","NeowsBlessing","Pen Nib","Question Card","Calipers","Cursed Key"],"potions_floor_usage":[16,18],"damage_taken":[{"damage":0,"enemies":"2 Louse","floor":1,"turns":1},{"damage":0,"enemies":"Gremlin Nob","floor":7,"turns":1},{"damage":0,"enemies":"Small Slimes","floor":10,"turns":1},{"damage":29,"enemies":"Lagavulin","floor":11,"turns":6},{"damage":1,"enemies":"Jaw Worm","floor":14,"turns":2},{"damage":38,"enemies":"The Guardian","floor":16,"turns":17},{"damage":0,"enemies":"Spheric Guardian","floor":18,"turns":3},{"damage":26,"enemies":"Chosen","floor":19,"turns":4},{"damage":56,"enemies":"Shelled Parasite and Fungi","floor":22,"turns":3}],"seed_played":"-4417302940203700767","potions_obtained":[{"floor":1,"key":"Weak Potion"},{"floor":16,"key":"AttackPotion"},{"floor":18,"key":"EssenceOfSteel"}],"is_trial":false,"path_per_floor":["M","?","$","?","?","R","E","R","T","M","E","R","?","M","R","B",null,"M","M","?","$","M"],"character_chosen":"IRONCLAD","items_purchased":["Warcry","Pummel"],"campfire_rested":0,"item_purchase_floors":[3,21],"current_hp_per_floor":[74,51,51,46,46,46,52,52,52,58,35,35,35,40,40,8,58,64,44,44,44,0],"gold":32,"neow_bonus":"THREE_ENEMY_KILL","is_prod":false,"is_daily":false,"chose_seed":false,"campfire_upgraded":4,"win_rate":0,"timestamp":1554587554,"path_taken":["M","?","$","?","?","R","E","R","T","M","E","R","?","?","R","BOSS","M","M","?","$","M"],"build_version":"2019-04-04","purchased_purges":2,"victory":false,"max_hp_per_floor":[75,75,75,75,75,75,75,75,75,75,75,75,75,75,75,75,75,75,75,75,75,75],"card_choices":[{"not_picked":["Rage","Headbutt","True Grit"],"picked":"SKIP","floor":1},{"not_picked":["Cleave","Dropkick"],"picked":"Shrug It Off","floor":7},{"not_picked":["Body Slam","Flex","Iron Wave"],"picked":"Heavy Blade","floor":10},{"not_picked":["Body Slam","Warcry","Clash","True Grit"],"picked":"SKIP","floor":11},{"not_picked":["Anger","Wild Strike","Flex","Perfected Strike"],"picked":"SKIP","floor":14},{"not_picked":["Brutality","Feed","Reaper"],"picked":"Immolate","floor":16},{"not_picked":["Intimidate","Body Slam","Warcry","Anger"],"picked":"SKIP","floor":18},{"not_picked":["Headbutt+1","Cleave","Intimidate","Pommel Strike"],"picked":"SKIP","floor":19}],"player_experience":1339870,"relics_obtained":[{"floor":7,"key":"Question Card"},{"floor":11,"key":"Calipers"}],"event_choices":[{"damage_healed":0,"gold_gain":0,"player_choice":"Entered Light","damage_taken":23,"max_hp_gain":0,"max_hp_loss":0,"event_name":"Shining Light","floor":2,"gold_loss":0,"cards_upgraded":["Strike_R","Strike_R"]},{"damage_healed":0,"gold_gain":0,"player_choice":"Success","damage_taken":5,"relics_obtained":["Pen Nib"],"max_hp_gain":0,"max_hp_loss":0,"event_name":"Scrap Ooze","floor":4,"gold_loss":0},{"damage_healed":0,"gold_gain":0,"player_choice":"Grow","damage_taken":0,"max_hp_gain":0,"max_hp_loss":0,"event_name":"Living Wall","floor":5,"gold_loss":0,"cards_upgraded":["Bash"]},{"damage_healed":0,"gold_gain":0,"player_choice":"Searched \u00270\u0027 times","damage_taken":0,"max_hp_gain":0,"max_hp_loss":0,"event_name":"Dead Adventurer","floor":13,"gold_loss":0},{"damage_healed":0,"gold_gain":0,"player_choice":"0 cards matched","damage_taken":0,"max_hp_gain":0,"max_hp_loss":0,"event_name":"Match and Keep!","floor":20,"gold_loss":0,"cards_obtained":[]}],"is_beta":true,"boss_relics":[{"not_picked":["Empty Cage","Black Star"],"picked":"Cursed Key"}],"items_purged_floors":[3,21],"is_endless":false,"potions_floor_spawned":[1,16,18],"killed_by":"Shelled Parasite and Fungi","ascension_level":20}