{"gold_per_floor":[112,112,122,122,132,163,163,196,196,196,253,263,296,296,296,296],"floor_reached":16,"playtime":495,"items_purged":[],"score":153,"play_id":"ee23c01d-d0f3-4a8e-a7dc-6b534e660d75","local_time":"20180917194811","is_ascension_mode":true,"campfire_choices":[{"data":"Survivor","floor":7.0,"key":"SMITH"},{"data":"Crippling Poison","floor":10.0,"key":"SMITH"},{"floor":15.0,"key":"REST"}],"neow_cost":"NONE","seed_source_timestamp":0,"circlet_count":0,"master_deck":["Defend_G","Defend_G","Defend_G","Defend_G","Strike_G","Strike_G","Strike_G","Strike_G","Survivor+1","Neutralize","Dash+1","Crippling Poison+1","Corpse Explosion","PiercingWail"],"special_seed":0,"relics":["Empty Cage","Strawberry","Gremlin Horn","Paper Crane","The Courier"],"potions_floor_usage":[],"damage_taken":[{"damage":1.0,"enemies":"2 Louse","floor":1.0,"turns":4.0},{"damage":1.0,"enemies":"Small Slimes","floor":3.0,"turns":4.0},{"damage":4.0,"enemies":"Jaw Worm","floor":5.0,"turns":3.0},{"damage":20.0,"enemies":"Lagavulin","floor":6.0,"turns":7.0},{"damage":21.0,"enemies":"Gremlin Nob","floor":8.0,"turns":7.0},{"damage":3.0,"enemies":"Blue Slaver","floor":12.0,"turns":4.0},{"damage":19.0,"enemies":"3 Sentries","floor":13.0,"turns":8.0},{"damage":11,"enemies":"Slime Boss","floor":16,"turns":6}],"seed_played":"1488177845988386114","potions_obtained":[{"floor":1.0,"key":"PowerPotion"},{"floor":6.0,"key":"Ancient Potion"},{"floor":8.0,"key":"GhostInAJar"},{"floor":12.0,"key":"SteroidPotion"}],"is_trial":false,"path_per_floor":["M","?","M","?","M","E","R","E","T","R","?","M","E","?","R"],"character_chosen":"THE_SILENT","items_purchased":[],"campfire_rested":1,"item_purchase_floors":[],"current_hp_per_floor":[62,67,66,66,62,49,49,28,28,28,28,25,6,6,30,19],"gold":296,"neow_bonus":"BOSS_RELIC","is_prod":false,"is_daily":false,"chose_seed":false,"campfire_upgraded":2,"win_rate":0,"timestamp":1537238891,"path_taken":["M","?","M","?","?","E","R","E","T","R","?","M","E","?","R","BOSS"],"build_version":"2018-09-12","purchased_purges":0,"victory":false,"max_hp_per_floor":[70,75,75,75,75,82,82,82,82,82,82,82,82,82,82,82],"card_choices":[{"not_picked":["Prepared","PiercingWail"],"picked":"Dash","floor":1.0},{"not_picked":["Riddle With Holes","Concentrate","Dodge and Roll"],"picked":"SKIP","floor":3.0},{"not_picked":["Underhanded Strike","Bane"],"picked":"Crippling Poison","floor":5.0},{"not_picked":["Distraction","Quick Slash","Dodge and Roll"],"picked":"SKIP","floor":6.0},{"not_picked":["Blade Dance","Bane"],"picked":"Corpse Explosion","floor":8.0},{"not_picked":["Quick Slash","Flying Knee"],"picked":"PiercingWail","floor":12.0},{"not_picked":["Predator","Deadly Poison","Outmaneuver"],"picked":"SKIP","floor":13.0}],"player_experience":294338,"relics_obtained":[{"floor":6.0,"key":"Strawberry"},{"floor":8.0,"key":"Gremlin Horn"},{"floor":9.0,"key":"Paper Crane"},{"floor":13.0,"key":"The Courier"}],"event_choices":[{"event_name":"Big Fish","player_choice":"Donut","floor":2.0,"damage_taken":0.0},{"event_name":"Living Wall","player_choice":"Grow","floor":4.0,"damage_taken":0.0},{"event_name":"Golden Wing","player_choice":"Gained Gold","floor":11.0,"damage_taken":0.0},{"event_name":"Shining Light","player_choice":"Ignored","floor":14.0,"damage_taken":0.0}],"is_beta":true,"boss_relics":[],"items_purged_floors":[],"is_endless":false,"potions_floor_spawned":[1,6,8,12],"killed_by":"Slime Boss","ascension_level":6}