{"gold_per_floor":[116,132,307,257,274,304,320,351,399,428,428,207,262,278,278,376,376,387,487,487,487,208,208,241,254,254,272,283,283,316,327,327,431,431,448,448,160,174,28,63,0,0,26,36,36,36,71,83,83,83],"floor_reached":51,"playtime":1789,"items_purged":["Defend_R","Defend_R"],"score":813,"play_id":"a30fc220-4b05-4144-9c47-042c6ea59243","local_time":"20190302231712","is_ascension_mode":false,"campfire_choices":[{"floor":11,"key":"REST"},{"data":"Bash","floor":15,"key":"SMITH"},{"data":"Feed","floor":23,"key":"SMITH"},{"data":"Double Tap","floor":29,"key":"SMITH"},{"data":"Inflame","floor":32,"key":"SMITH"},{"floor":42,"key":"DIG"},{"floor":49,"key":"DIG"}],"neow_cost":"NONE","seed_source_timestamp":0,"circlet_count":0,"master_deck":["Bash+1","Shrug It Off","Pommel Strike+1","Inflame+1","Feed+1","Bite","Bite","Bite","Bite","Heavy Blade+1","Shrug It Off","Double Tap+1","Feed"],"special_seed":0,"relics":["Burning Blood","Ornamental Fan","Pantograph","Lantern","PreservedInsect","Pen Nib","Boot","Velvet Choker","Magic Flower","Shuriken","Whetstone","Ancient Tea Set","Gambling Chip","Vajra","Empty Cage","Shovel","Bronze Scales","Bottled Tornado","Red Mask","Dream Catcher","Red Skull","Bag of Marbles","Centennial Puzzle"],"potions_floor_usage":[10,19,30,33,33,50,50,50],"damage_taken":[{"damage":2.0,"enemies":"2 Louse","floor":1.0,"turns":3.0},{"damage":2.0,"enemies":"Jaw Worm","floor":2.0,"turns":3.0},{"damage":0.0,"enemies":"Cultist","floor":5.0,"turns":3.0},{"damage":36.0,"enemies":"Gremlin Nob","floor":6.0,"turns":6.0},{"damage":0.0,"enemies":"Blue Slaver","floor":7.0,"turns":7.0},{"damage":33.0,"enemies":"3 Sentries","floor":8.0,"turns":12.0},{"damage":28,"enemies":"Lagavulin","floor":10,"turns":4},{"damage":5,"enemies":"Looter","floor":14,"turns":3},{"damage":55,"enemies":"The Guardian","floor":16,"turns":14},{"damage":7,"enemies":"3 Byrds","floor":18,"turns":4},{"damage":9,"enemies":"Colosseum Slavers","floor":19,"turns":3},{"damage":14,"enemies":"Colosseum Nobs","floor":19,"turns":3},{"damage":6,"enemies":"Gremlin Leader","floor":24,"turns":4},{"damage":6,"enemies":"2 Thieves","floor":25,"turns":3},{"damage":8,"enemies":"Centurion and Healer","floor":27,"turns":4},{"damage":13,"enemies":"3 Cultists","floor":28,"turns":4},{"damage":13,"enemies":"Slavers","floor":30,"turns":3},{"damage":0,"enemies":"Snecko","floor":31,"turns":2},{"damage":56,"enemies":"Champ","floor":33,"turns":6},{"damage":3,"enemies":"3 Darklings","floor":35,"turns":5},{"damage":13,"enemies":"3 Shapes","floor":38,"turns":3},{"damage":31,"enemies":"Giant Head","floor":40,"turns":6},{"damage":14,"enemies":"Writhing Mass","floor":44,"turns":3},{"damage":35,"enemies":"Nemesis","floor":47,"turns":4},{"damage":0,"enemies":"Transient","floor":48,"turns":5},{"damage":25,"enemies":"Time Eater","floor":50,"turns":5}],"seed_played":"-5390145549465653124","potions_obtained":[{"floor":5.0,"key":"Ancient Potion"},{"floor":6.0,"key":"PowerPotion"},{"floor":14,"key":"Swift Potion"},{"floor":18,"key":"SkillPotion"},{"floor":25,"key":"Swift Potion"},{"floor":28,"key":"Strength Potion"},{"floor":31,"key":"PowerPotion"},{"floor":33,"key":"FearPotion"},{"floor":38,"key":"Weak Potion"}],"is_trial":false,"path_per_floor":["M","M","?","?","M","E","M","E","T","E","R","$","T","M","R","B",null,"M","?","?","?","$","R","E","M","T","M","M","R","E","M","R","B",null,"M","?","$","M","$","E","?","R","T","M","?","?","E","M","R","B",null],"character_chosen":"IRONCLAD","items_purchased":["Pen Nib","Whetstone","Shrug It Off","Shovel","Bronze Scales"],"campfire_rested":1,"item_purchase_floors":[12,22,22,37,39],"current_hp_per_floor":[80,80,80,80,80,50,56,29,29,7,31,31,31,32,32,8,80,82,77,62,62,62,62,66,70,70,74,78,78,82,82,82,64,86,86,82,82,85,85,77,77,77,77,91,91,91,82,94,94,87],"gold":83,"neow_bonus":"THREE_CARDS","is_prod":false,"is_daily":false,"chose_seed":false,"campfire_upgraded":4,"win_rate":0,"timestamp":1551565032,"path_taken":["M","M","?","?","M","E","M","E","T","E","R","$","?","?","R","BOSS","M","?","?","?","?","R","E","M","T","?","M","R","E","M","R","BOSS","M","?","$","M","$","E","?","R","T","M","?","?","E","M","R","BOSS"],"build_version":"2019-02-06","purchased_purges":2,"victory":true,"max_hp_per_floor":[80,80,80,80,80,80,80,80,80,80,80,80,80,80,80,80,80,83,89,62,62,62,62,66,70,70,74,78,78,82,82,82,86,86,86,82,82,85,85,88,88,88,88,91,91,91,94,94,94,94],"card_choices":[{"not_picked":["Body Slam","Clothesline"],"picked":"Shrug It Off","floor":0.0},{"not_picked":["Combust","Perfected Strike"],"picked":"Pommel Strike","floor":1.0},{"not_picked":["Rupture","Whirlwind","Bloodletting"],"picked":"SKIP","floor":2.0},{"not_picked":["Clash","Headbutt","Heavy Blade"],"picked":"SKIP","floor":5.0},{"not_picked":["Bloodletting","Cleave","Second Wind"],"picked":"SKIP","floor":6.0},{"not_picked":["Twin Strike","Reaper","Armaments"],"picked":"SKIP","floor":7.0},{"not_picked":["Body Slam","Exhume","Sword Boomerang"],"picked":"SKIP","floor":8.0},{"not_picked":["Warcry","True Grit","Ghostly Armor"],"picked":"SKIP","floor":10},{"not_picked":["Heavy Blade","Seeing Red"],"picked":"Inflame","floor":14},{"not_picked":["Offering","Dark Embrace"],"picked":"Feed","floor":16},{"not_picked":["Combust","Rampage+1","Disarm+1"],"picked":"SKIP","floor":18},{"not_picked":["Intimidate","Fire Breathing","Heavy Blade"],"picked":"SKIP","floor":24},{"not_picked":["Metallicize","Sever Soul+1","Perfected Strike"],"picked":"SKIP","floor":25},{"not_picked":["Burning Pact","Clash","Anger"],"picked":"SKIP","floor":27},{"not_picked":["Rampage","Flex"],"picked":"Double Tap","floor":28},{"not_picked":["Cleave+1","Perfected Strike","Rupture+1"],"picked":"SKIP","floor":30},{"not_picked":["Intimidate+1","Twin Strike","Burning Pact"],"picked":"SKIP","floor":31},{"not_picked":["Brutality","Fiend Fire"],"picked":"Feed","floor":33},{"not_picked":["Headbutt+1","Feel No Pain+1","Clothesline"],"picked":"SKIP","floor":35},{"not_picked":["Second Wind+1","Rampage+1","Pommel Strike"],"picked":"SKIP","floor":38},{"not_picked":["Heavy Blade+1","Barricade","Dropkick"],"picked":"SKIP","floor":40},{"not_picked":["Cleave","Iron Wave+1","Thunderclap"],"picked":"SKIP","floor":44},{"not_picked":["Evolve","Carnage","Perfected Strike+1"],"picked":"SKIP","floor":47},{"not_picked":["Seeing Red","Corruption+1","Thunderclap+1"],"picked":"SKIP","floor":48}],"player_experience":1205703,"relics_obtained":[{"floor":6.0,"key":"Ornamental Fan"},{"floor":8.0,"key":"Pantograph"},{"floor":9.0,"key":"Lantern"},{"floor":10,"key":"PreservedInsect"},{"floor":13,"key":"Boot"},{"floor":19,"key":"Magic Flower"},{"floor":19,"key":"Shuriken"},{"floor":24,"key":"Ancient Tea Set"},{"floor":26,"key":"Gambling Chip"},{"floor":30,"key":"Vajra"},{"floor":40,"key":"Bottled Tornado"},{"floor":42,"key":"Dream Catcher"},{"floor":43,"key":"Red Skull"},{"floor":47,"key":"Bag of Marbles"},{"floor":49,"key":"Centennial Puzzle"}],"event_choices":[{"damage_healed":0.0,"max_hp_gain":0.0,"max_hp_loss":0.0,"gold_gain":175.0,"event_name":"Liars Game","player_choice":"AGREE","floor":3.0,"gold_loss":0.0,"damage_taken":0.0,"cards_obtained":["Doubt"]},{"cards_removed":["Doubt"],"damage_healed":0.0,"max_hp_gain":0.0,"max_hp_loss":0.0,"gold_gain":0.0,"event_name":"The Cleric","player_choice":"Card Removal","floor":4.0,"gold_loss":50.0,"damage_taken":0.0},{"damage_healed":0,"gold_gain":0,"player_choice":"Fight","damage_taken":0,"max_hp_gain":0,"max_hp_loss":0,"event_name":"Colosseum","floor":19,"gold_loss":0},{"damage_healed":0,"gold_gain":0,"player_choice":"Fought Nobs","damage_taken":0,"max_hp_gain":0,"max_hp_loss":0,"event_name":"Colosseum","floor":19,"gold_loss":0},{"damage_healed":0,"gold_gain":0,"player_choice":"Became a vampire","damage_taken":0,"max_hp_gain":0,"max_hp_loss":27,"event_name":"Vampires","floor":20,"gold_loss":0,"cards_obtained":["Bite","Bite","Bite","Bite","Bite"]},{"damage_healed":0,"gold_gain":0,"player_choice":"Read","damage_taken":0,"max_hp_gain":0,"max_hp_loss":0,"event_name":"The Library","floor":21,"gold_loss":0,"cards_obtained":["Heavy Blade"]},{"damage_healed":0,"gold_gain":0,"player_choice":"Max HP","damage_taken":0,"max_hp_gain":0,"max_hp_loss":4,"event_name":"Winding Halls","floor":36,"gold_loss":0},{"damage_healed":0,"gold_gain":0,"player_choice":"Paid","damage_taken":0,"relics_obtained":["Red Mask"],"max_hp_gain":0,"max_hp_loss":0,"event_name":"Tomb of Lord Red Mask","floor":41,"gold_loss":63},{"cards_removed":["Bite"],"damage_healed":0,"gold_gain":0,"player_choice":"Removed Attack","damage_taken":0,"max_hp_gain":0,"max_hp_loss":0,"event_name":"Falling","floor":45,"gold_loss":0},{"damage_healed":0,"gold_gain":0,"player_choice":"Memory 1","damage_taken":0,"max_hp_gain":0,"max_hp_loss":0,"event_name":"SensoryStone","floor":46,"gold_loss":0}],"is_beta":true,"boss_relics":[{"not_picked":["Sozu","Cursed Key"],"picked":"Velvet Choker"},{"not_picked":["Eternal Feather","Busted Crown"],"picked":"Empty Cage"}],"items_purged_floors":[12,22],"is_endless":false,"potions_floor_spawned":[5,6,14,18,25,28,31,33,38,40,44,47],"ascension_level":0}