{"gold_per_floor":[112,112,112,77,77,77,103,115,142,152,152,77,88,115,115,186,186,204,14,41,41,41,41,69,69,145,173,191,208,258,258,258,337,337,350,350,69,85,307,339,339,339,339,356,356,389,12,27,27,27,27],"floor_reached":51,"playtime":2078,"items_purged":["Pain","Strike_G","Regret"],"score":1569,"play_id":"fb330366-2380-421c-ad2e-97b903d15323","local_time":"20190125185645","is_ascension_mode":true,"campfire_choices":[{"data":"Neutralize","floor":6.0,"key":"SMITH"},{"data":"Dagger Spray","floor":11.0,"key":"SMITH"},{"data":"Malaise","floor":15.0,"key":"SMITH"},{"floor":23.0,"key":"REST"},{"data":"Footwork","floor":25.0,"key":"SMITH"},{"floor":32.0,"key":"REST"},{"floor":41.0,"key":"REST"},{"floor":49.0,"key":"REST"}],"neow_cost":"NONE","seed_source_timestamp":0,"circlet_count":0,"master_deck":["AscendersBane","Defend_G","Defend_G+1","Defend_G","Defend_G","Defend_G","Strike_G+1","Strike_G","Survivor","Neutralize+1","Backstab+1","Dagger Throw","Footwork+1","Dagger Spray+1","Malaise+1","Corpse Explosion+1","Predator","Riddle With Holes","Decay","Storm of Steel","Distraction","Backflip","Eviscerate+1","Burst","Footwork+1"],"special_seed":0,"relics":["Ring of the Snake","NeowsBlessing","Du-Vu Doll","WarpedTongs","PreservedInsect","Orichalcum","Boot","Snecko Eye","Red Mask","Darkstone Periapt","Frozen Egg 2","Snake Skull","Cursed Key","Pear","Juzu Bracelet","Bottled Tornado","Unceasing Top","War Paint","Vajra"],"potions_floor_usage":[50],"damage_taken":[{"damage":0.0,"enemies":"Small Slimes","floor":1.0,"turns":1.0},{"damage":0.0,"enemies":"Gremlin Nob","floor":7.0,"turns":1.0},{"damage":1.0,"enemies":"Jaw Worm","floor":8.0,"turns":1.0},{"damage":0.0,"enemies":"2 Louse","floor":10.0,"turns":3.0},{"damage":0.0,"enemies":"2 Fungi Beasts","floor":13.0,"turns":1.0},{"damage":5.0,"enemies":"Lagavulin","floor":14.0,"turns":4.0},{"damage":24.0,"enemies":"The Guardian","floor":16.0,"turns":12.0},{"damage":17.0,"enemies":"Shell Parasite","floor":18.0,"turns":6.0},{"damage":0.0,"enemies":"Masked Bandits","floor":20.0,"turns":2.0},{"damage":0.0,"enemies":"Gremlin Leader","floor":24.0,"turns":4.0},{"damage":7.0,"enemies":"Book of Stabbing","floor":27.0,"turns":4.0},{"damage":0.0,"enemies":"3 Byrds","floor":28.0,"turns":2.0},{"damage":15.0,"enemies":"Cultist and Chosen","floor":29.0,"turns":5.0},{"damage":33.0,"enemies":"Automaton","floor":33.0,"turns":8.0},{"damage":0.0,"enemies":"3 Darklings","floor":35.0,"turns":1.0},{"damage":0.0,"enemies":"3 Shapes","floor":38.0,"turns":5.0},{"damage":39.0,"enemies":"Reptomancer","floor":40.0,"turns":4.0},{"damage":0.0,"enemies":"Sphere and 2 Shapes","floor":44.0,"turns":3.0},{"damage":26.0,"enemies":"Giant Head","floor":46.0,"turns":5.0},{"damage":20.0,"enemies":"Jaw Worm Horde","floor":48.0,"turns":2.0},{"damage":38,"enemies":"Donu and Deca","floor":50,"turns":8},{"damage":20,"enemies":"Time Eater","floor":51,"turns":7}],"seed_played":"2277349518011312116","potions_obtained":[{"floor":7.0,"key":"SkillPotion"},{"floor":8.0,"key":"Regen Potion"},{"floor":18.0,"key":"Strength Potion"},{"floor":27.0,"key":"Poison Potion"},{"floor":29.0,"key":"Fire Potion"},{"floor":33.0,"key":"Poison Potion"},{"floor":38.0,"key":"FearPotion"},{"floor":40.0,"key":"GamblersBrew"},{"floor":48.0,"key":"Fire Potion"}],"is_trial":false,"path_per_floor":["M","?","?","?","?","R","E","M","T","M","R","$","M","E","R","B",null,"M","$","?","$","?","R","E","R","T","E","M","M","?","?","R","B",null,"M","?","$","M","?","E","R","?","T","M","?","E","$","M","R","B","B"],"character_chosen":"THE_SILENT","items_purchased":["Predator","Pear","Vajra","Footwork+1"],"campfire_rested":4,"item_purchase_floors":[19,37,47,47],"current_hp_per_floor":[59,39,28,44,44,44,44,43,43,43,43,43,43,38,38,14,53,36,36,45,45,45,64,64,64,64,57,57,42,42,48,69,36,63,63,63,73,73,73,34,58,58,64,64,64,38,38,18,44,6,0],"gold":27,"neow_bonus":"THREE_ENEMY_KILL","is_prod":false,"is_daily":false,"chose_seed":false,"campfire_upgraded":4,"win_rate":0,"timestamp":1548439005,"path_taken":["M","?","?","?","?","R","E","M","T","M","R","$","M","E","R","BOSS","M","?","?","$","?","R","E","R","T","E","M","M","?","?","R","BOSS","M","?","$","?","?","E","R","?","T","M","?","E","$","M","R","BOSS","BOSS"],"build_version":"2019-01-23","purchased_purges":3,"victory":false,"max_hp_per_floor":[66,66,66,66,66,66,66,66,66,66,66,66,66,66,66,66,66,66,66,66,66,66,66,66,66,66,66,66,66,66,72,72,72,72,72,72,82,82,82,82,82,82,88,88,88,88,88,88,88,88,88],"card_choices":[{"not_picked":["Flying Knee","Caltrops"],"picked":"Backstab","floor":1.0},{"not_picked":["Concentrate","Outmaneuver"],"picked":"Dagger Throw","floor":7.0},{"not_picked":["Outmaneuver","Infinite Blades"],"picked":"Footwork","floor":8.0},{"not_picked":["Expertise","Dagger Throw"],"picked":"Dagger Spray","floor":10.0},{"not_picked":["Slice","Predator","Tactician"],"picked":"SKIP","floor":13.0},{"not_picked":["Prepared","Dagger Spray"],"picked":"Malaise","floor":14.0},{"not_picked":["Malaise","Phantasmal Killer"],"picked":"Corpse Explosion","floor":16.0},{"not_picked":["Reflex","Underhanded Strike","Cloak And Dagger"],"picked":"SKIP","floor":18.0},{"not_picked":["Acrobatics","Outmaneuver","Envenom"],"picked":"SKIP","floor":24.0},{"not_picked":["Flying Knee+1","Sucker Punch"],"picked":"Riddle With Holes","floor":27.0},{"not_picked":["Riddle With Holes","Expertise","Blade Dance"],"picked":"SKIP","floor":28.0},{"not_picked":["Adrenaline","Poisoned Stab","Cloak And Dagger"],"picked":"SKIP","floor":29.0},{"not_picked":["Die Die Die","After Image+1"],"picked":"Storm of Steel","floor":33.0},{"not_picked":["Prepared","Deflect","Dagger Throw"],"picked":"SKIP","floor":35.0},{"not_picked":["Deflect","Dagger Throw"],"picked":"Backflip","floor":38.0},{"not_picked":["Dodge and Roll","Poisoned Stab+1"],"picked":"Eviscerate+1","floor":40.0},{"not_picked":["Backstab+1","Prepared+1","Poisoned Stab"],"picked":"SKIP","floor":44.0},{"not_picked":["Tactician","Choke"],"picked":"Burst","floor":46.0},{"not_picked":["Backstab","Dodge and Roll","Predator"],"picked":"SKIP","floor":48.0}],"player_experience":1076207,"relics_obtained":[{"floor":7.0,"key":"PreservedInsect"},{"floor":9.0,"key":"Orichalcum"},{"floor":14.0,"key":"Boot"},{"floor":20.0,"key":"Red Mask"},{"floor":24.0,"key":"Darkstone Periapt"},{"floor":26.0,"key":"Frozen Egg 2"},{"floor":27.0,"key":"Snake Skull"},{"floor":40.0,"key":"Juzu Bracelet"},{"floor":43.0,"key":"Bottled Tornado"},{"floor":46.0,"key":"War Paint"}],"event_choices":[{"damage_healed":0.0,"max_hp_gain":0.0,"max_hp_loss":0.0,"gold_gain":0.0,"event_name":"Shining Light","player_choice":"Entered Light","floor":2.0,"gold_loss":0.0,"damage_taken":20.0,"cards_upgraded":["Strike_G","Backstab"]},{"damage_healed":0.0,"max_hp_gain":0.0,"max_hp_loss":0.0,"gold_gain":0.0,"event_name":"Scrap Ooze","player_choice":"Success","floor":3.0,"gold_loss":0.0,"damage_taken":11.0,"relics_obtained":["Du-Vu Doll"]},{"damage_healed":16.0,"max_hp_gain":0.0,"max_hp_loss":0.0,"gold_gain":0.0,"event_name":"The Cleric","player_choice":"Healed","floor":4.0,"gold_loss":35.0,"damage_taken":0.0},{"damage_healed":0.0,"max_hp_gain":0.0,"max_hp_loss":0.0,"gold_gain":0.0,"event_name":"Accursed Blacksmith","player_choice":"Rummage","floor":5.0,"gold_loss":0.0,"damage_taken":0.0,"relics_obtained":["WarpedTongs"],"cards_obtained":["Pain"]},{"damage_healed":0.0,"max_hp_gain":0.0,"max_hp_loss":0.0,"gold_gain":0.0,"event_name":"Masked Bandits","player_choice":"Fought Bandits","floor":20.0,"gold_loss":0.0,"damage_taken":0.0},{"damage_healed":0.0,"max_hp_gain":0.0,"max_hp_loss":0.0,"gold_gain":0.0,"event_name":"Vampires","player_choice":"Ignored","floor":22.0,"gold_loss":0.0,"damage_taken":0.0},{"damage_healed":0.0,"max_hp_gain":0.0,"max_hp_loss":0.0,"gold_gain":50.0,"event_name":"Nest","player_choice":"Stole From Cult","floor":30.0,"gold_loss":0.0,"damage_taken":0.0},{"damage_healed":0.0,"max_hp_gain":0.0,"max_hp_loss":0.0,"gold_gain":0.0,"event_name":"Forgotten Altar","player_choice":"Smashed Altar","floor":31.0,"gold_loss":0.0,"damage_taken":0.0,"cards_obtained":["Decay"]},{"damage_healed":0.0,"max_hp_gain":0.0,"max_hp_loss":0.0,"gold_gain":0.0,"cards_transformed":["Strike_G"],"event_name":"Transmorgrifier","player_choice":"Transformed","floor":36.0,"gold_loss":0.0,"damage_taken":0.0,"cards_obtained":["Distraction"]},{"damage_healed":0.0,"max_hp_gain":0.0,"max_hp_loss":0.0,"gold_gain":222.0,"event_name":"Tomb of Lord Red Mask","player_choice":"Wore Mask","floor":39.0,"gold_loss":0.0,"damage_taken":0.0},{"cards_removed":["Strike_G"],"damage_healed":0.0,"max_hp_gain":0.0,"max_hp_loss":0.0,"gold_gain":0.0,"event_name":"Falling","player_choice":"Removed Attack","floor":42.0,"gold_loss":0.0,"damage_taken":0.0},{"damage_healed":0.0,"max_hp_gain":0.0,"max_hp_loss":0.0,"gold_gain":0.0,"event_name":"WeMeetAgain","player_choice":"Gave Potion","floor":45.0,"gold_loss":0.0,"damage_taken":0.0,"relics_obtained":["Unceasing Top"]}],"is_beta":true,"boss_relics":[{"not_picked":["Pandora\u0027s Box","Ectoplasm"],"picked":"Snecko Eye"},{"not_picked":["Runic Dome","Astrolabe"],"picked":"Cursed Key"}],"items_purged_floors":[12,19,47],"is_endless":false,"potions_floor_spawned":[7,8,10,18,27,29,33,38,40,48],"killed_by":"Time Eater","ascension_level":20}