{"gold_per_floor":[116,130,47,47,10,42,42,7,30,30,44,63,63,119,119,197,197,212,212,212,230,241,241,257,270,270,270,270,283,283,295,295,369,369,379,393,393],"floor_reached":37,"playtime":1864,"items_purged":[],"score":742,"play_id":"9f98db82-7d88-477b-8e0b-ea6666e84b20","local_time":"20190131224353","is_ascension_mode":true,"campfire_choices":[{"floor":7,"key":"REST"},{"data":"Noxious Fumes","floor":10,"key":"SMITH"},{"data":"Poisoned Stab","floor":13,"key":"SMITH"},{"floor":15,"key":"REST"},{"floor":23,"key":"REST"},{"floor":27,"key":"REST"},{"floor":30,"key":"REST"},{"floor":32,"key":"REST"}],"neow_cost":"NONE","seed_source_timestamp":1071894917078699,"circlet_count":0,"master_deck":["AscendersBane","Defend_G","Defend_G","Defend_G","Defend_G","Defend_G","Strike_G","Strike_G","Strike_G","Strike_G","Strike_G","Survivor","Neutralize+1","Escape Plan+1","Noxious Fumes+1","Well Laid Plans","Heel Hook","Poisoned Stab+1","Blur+1","Venomology+1","Sucker Punch","Backflip+1","Poisoned Stab","Escape Plan+1","Tools of the Trade","Clumsy","Regret","Parasite","Footwork","Acrobatics+1"],"relics":["Ring of the Snake","PreservedInsect","Paper Crane","Toxic Egg 2","Lizard Tail","Nloth\u0027s Gift","Smiling Mask","Calling Bell","Boot","Question Card","Du-Vu Doll"],"potions_floor_usage":[14,16,18,18,21,22,24,24,29,31,33,33,33,35,37,37],"damage_taken":[{"damage":1,"enemies":"Small Slimes","floor":1,"turns":4},{"damage":0,"enemies":"2 Louse","floor":2,"turns":4},{"damage":29,"enemies":"3 Sentries","floor":6,"turns":10},{"damage":0,"enemies":"Jaw Worm","floor":11,"turns":5},{"damage":12,"enemies":"Looter","floor":12,"turns":4},{"damage":5,"enemies":"3 Sentries","floor":14,"turns":5},{"damage":8,"enemies":"The Guardian","floor":16,"turns":10},{"damage":25,"enemies":"Spheric Guardian","floor":18,"turns":7},{"damage":16,"enemies":"Shell Parasite","floor":21,"turns":7},{"damage":16,"enemies":"Snecko","floor":22,"turns":8},{"damage":38,"enemies":"Cultist and Chosen","floor":24,"turns":9},{"damage":3,"enemies":"Snake Plant","floor":25,"turns":5},{"damage":0,"enemies":"Centurion and Healer","floor":29,"turns":7},{"damage":19,"enemies":"Sentry and Sphere","floor":31,"turns":9},{"damage":52,"enemies":"Automaton","floor":33,"turns":15},{"damage":37,"enemies":"Orb Walker","floor":35,"turns":6},{"damage":46,"enemies":"3 Darklings","floor":36,"turns":10},{"damage":24,"enemies":"Jaw Worm Horde","floor":37,"turns":3}],"seed_played":"2344676960131841604","potions_obtained":[{"floor":1,"key":"Weak Potion"},{"floor":12,"key":"Explosive Potion"},{"floor":14,"key":"Strength Potion"},{"floor":16,"key":"Dexterity Potion"},{"floor":18,"key":"Energy Potion"},{"floor":36,"key":"Strength Potion"}],"is_trial":false,"path_per_floor":["M","M","$","?","$","E","R","?","T","R","M","M","R","?","R","B",null,"M","?","?","M","M","R","M","M","T","R","?","M","R","M","R","B",null,"M","M","M"],"character_chosen":"THE_SILENT","items_purchased":["Noxious Fumes","Well Laid Plans"],"campfire_rested":6,"item_purchase_floors":[3,5],"current_hp_per_floor":[58,58,58,38,38,9,28,44,51,51,51,39,39,34,55,47,67,42,57,57,41,25,46,8,5,5,26,16,16,37,18,39,2,55,18,18,0],"gold":393,"neow_bonus":"RANDOM_COMMON_RELIC","is_prod":false,"is_daily":false,"chose_seed":false,"campfire_upgraded":2,"win_rate":0,"timestamp":1548971033,"path_taken":["M","M","$","?","$","E","R","?","T","R","M","M","R","?","R","BOSS","M","?","?","M","M","R","?","M","T","R","?","?","R","M","R","BOSS","M","M","M"],"build_version":"2019-01-23","purchased_purges":0,"victory":false,"max_hp_per_floor":[66,66,66,66,66,66,66,66,73,73,73,73,73,73,73,73,73,73,73,73,73,73,73,73,73,73,73,73,73,73,73,73,73,73,73,73,73],"card_choices":[{"not_picked":["Expertise","Deflect","Calculated Gamble"],"picked":"SKIP","floor":1},{"not_picked":["Dodge and Roll","Slice"],"picked":"Escape Plan","floor":2},{"not_picked":["Doppelganger","Deflect"],"picked":"Heel Hook","floor":6},{"not_picked":["Deflect","Tactician"],"picked":"Poisoned Stab","floor":11},{"not_picked":["Blade Dance","Bullet Time","Finisher"],"picked":"SKIP","floor":12},{"not_picked":["Flying Knee","Slice"],"picked":"Blur+1","floor":14},{"not_picked":["Glass Knife","Unload"],"picked":"Venomology+1","floor":16},{"not_picked":["Underhanded Strike","Dodge and Roll+1"],"picked":"Sucker Punch","floor":18},{"not_picked":["Quick Slash","Accuracy"],"picked":"Backflip+1","floor":21},{"not_picked":["Endless Agony+1","Underhanded Strike","Poisoned Stab"],"picked":"SKIP","floor":22},{"not_picked":["Endless Agony+1","Underhanded Strike"],"picked":"Poisoned Stab","floor":22},{"not_picked":["Blade Dance+1","Bouncing Flask+1","Prepared+1"],"picked":"SKIP","floor":24},{"not_picked":["Slice+1","Sucker Punch"],"picked":"Escape Plan+1","floor":25},{"not_picked":["Skewer","Well Laid Plans","Deflect+1"],"picked":"SKIP","floor":29},{"not_picked":["Concentrate+1","Bane","All Out Attack"],"picked":"SKIP","floor":31},{"not_picked":["Wraith Form v2","Envenom"],"picked":"Tools of the Trade","floor":33},{"not_picked":["Prepared+1","Blade Dance+1","Slice"],"picked":"Footwork","floor":35},{"not_picked":["Cloak And Dagger+1","Concentrate+1","Backflip+1"],"picked":"Acrobatics+1","floor":36}],"player_experience":1106770,"relics_obtained":[{"floor":6,"key":"Paper Crane"},{"floor":9,"key":"Strawberry"},{"floor":26,"key":"Smiling Mask"},{"floor":34,"key":"Boot"},{"floor":34,"key":"Question Card"},{"floor":34,"key":"Du-Vu Doll"}],"event_choices":[{"damage_healed":0,"gold_gain":0,"player_choice":"Entered Light","damage_taken":20,"max_hp_gain":0,"max_hp_loss":0,"event_name":"Shining Light","floor":4,"gold_loss":0,"cards_upgraded":["Neutralize","Escape Plan"]},{"damage_healed":16,"gold_gain":0,"player_choice":"Healed","damage_taken":0,"max_hp_gain":0,"max_hp_loss":0,"event_name":"The Cleric","floor":8,"gold_loss":35},{"damage_healed":0,"gold_gain":0,"player_choice":"Searched \u00273\u0027 times","damage_taken":0,"relics_obtained":["Toxic Egg 2"],"max_hp_gain":0,"max_hp_loss":0,"event_name":"Dead Adventurer","floor":14,"gold_loss":0},{"damage_healed":15,"gold_gain":0,"player_choice":"Heal","damage_taken":0,"max_hp_gain":0,"max_hp_loss":0,"event_name":"The Library","floor":19,"gold_loss":0},{"damage_healed":0,"gold_gain":0,"player_choice":"Traded Relic","damage_taken":0,"relics_obtained":["Nloth\u0027s Gift"],"max_hp_gain":0,"max_hp_loss":0,"event_name":"N\u0027loth","floor":20,"relics_lost":["Strawberry"],"gold_loss":0},{"damage_healed":0,"gold_gain":0,"player_choice":"Damaged","damage_taken":10,"max_hp_gain":0,"max_hp_loss":0,"event_name":"Wheel of Change","floor":28,"gold_loss":0}],"is_beta":true,"boss_relics":[{"not_picked":["Empty Cage","Eternal Feather"],"picked":"Lizard Tail"},{"not_picked":["Coffee Dripper","WristBlade"],"picked":"Calling Bell"}],"items_purged_floors":[],"is_endless":false,"potions_floor_spawned":[1,12,14,16,18,25,29,36],"killed_by":"Jaw Worm Horde","ascension_level":20}