{"gold_per_floor":[111,111,36,46,121,121,134,166,166,183,183,183,206,81,81,202,202,218,70,83,106,120,151,151,167,217,217,236,86,86,86],"floor_reached":31,"playtime":756,"items_purged":["Defend_R","Defend_R","Corruption+1","Strike_R"],"score":257,"play_id":"06267a43-1a17-41b0-97d3-7288b7dd25a6","local_time":"20190217221820","is_ascension_mode":false,"campfire_choices":[{"data":"Bash","floor":6,"key":"SMITH"},{"floor":15,"key":"REST"},{"floor":24,"key":"REST"},{"floor":27,"key":"REST"}],"neow_cost":"PERCENT_DAMAGE","seed_source_timestamp":66266927653499,"circlet_count":0,"master_deck":["Strike_R","Bash+1","Shrug It Off","Double Tap+1","Searing Blow+1","Clash","Clothesline","Sever Soul"],"relics":["Burning Blood","Unceasing Top","Darkstone Periapt","Centennial Puzzle","Vajra","Bronze Scales","Golden Idol","Astrolabe","Bag of Marbles","Ancient Tea Set"],"potions_floor_usage":[8,16,16,23,23],"damage_taken":[{"damage":2,"enemies":"Small Slimes","floor":1,"turns":4},{"damage":6,"enemies":"Cultist","floor":4,"turns":3},{"damage":1,"enemies":"Jaw Worm","floor":7,"turns":3},{"damage":33,"enemies":"Lagavulin","floor":8,"turns":6},{"damage":8,"enemies":"3 Louse","floor":10,"turns":5},{"damage":4,"enemies":"2 Fungi Beasts","floor":13,"turns":4},{"damage":38,"enemies":"Hexaghost","floor":16,"turns":9},{"damage":20,"enemies":"Spheric Guardian","floor":18,"turns":3},{"damage":10,"enemies":"3 Byrds","floor":20,"turns":3},{"damage":15,"enemies":"3 Cultists","floor":21,"turns":5},{"damage":21,"enemies":"Snake Plant","floor":22,"turns":3},{"damage":31,"enemies":"Book of Stabbing","floor":23,"turns":3},{"damage":10,"enemies":"Chosen and Byrds","floor":25,"turns":3},{"damage":13,"enemies":"3 Cultists","floor":28,"turns":4}],"seed_played":"2439001657312116364","potions_obtained":[{"floor":4,"key":"Block Potion"},{"floor":8,"key":"EssenceOfSteel"},{"floor":13,"key":"LiquidBronze"},{"floor":16,"key":"PowerPotion"},{"floor":20,"key":"Block Potion"},{"floor":23,"key":"GamblersBrew"},{"floor":25,"key":"Ancient Potion"},{"floor":28,"key":"PowerPotion"}],"is_trial":false,"path_per_floor":["M","?","$","M","?","R","M","E","T","M","?","?","M","$","R","B",null,"M","$","M","M","M","E","R","M","T","R","M","$","?","?"],"character_chosen":"IRONCLAD","items_purchased":["Shrug It Off","Clash"],"campfire_rested":3,"item_purchase_floors":[14,19],"current_hp_per_floor":[60,60,60,60,49,49,54,27,27,25,18,18,20,20,42,10,74,60,60,56,47,32,7,29,25,25,47,40,40,40,40],"gold":86,"neow_bonus":"ONE_RARE_RELIC","is_prod":false,"is_daily":false,"chose_seed":false,"campfire_upgraded":1,"win_rate":0,"timestamp":1550438300,"path_taken":["M","?","$","?","?","R","M","E","T","M","?","?","M","$","R","BOSS","M","$","M","M","M","E","R","M","T","R","M","$","?","?"],"build_version":"2019-02-06","purchased_purges":4,"victory":false,"max_hp_per_floor":[80,80,80,80,80,80,80,80,80,80,80,74,74,74,74,74,74,74,74,74,74,74,74,74,74,74,74,74,74,74,74],"card_choices":[{"not_picked":["Cleave","Clothesline","Fire Breathing"],"picked":"SKIP","floor":1},{"not_picked":["Combust","Pommel Strike","Rampage"],"picked":"SKIP","floor":4},{"not_picked":["Rupture","Flex","Disarm"],"picked":"SKIP","floor":7},{"not_picked":["True Grit","Headbutt","Disarm"],"picked":"SKIP","floor":8},{"not_picked":["Searing Blow","Ghostly Armor","Twin Strike"],"picked":"SKIP","floor":10},{"not_picked":["Flex","Carnage","Metallicize"],"picked":"SKIP","floor":13},{"not_picked":["Clothesline+1","Cleave","Body Slam"],"picked":"SKIP","floor":18},{"not_picked":["Rage+1","Uppercut+1","Pommel Strike+1"],"picked":"SKIP","floor":20},{"not_picked":["Cleave","Pummel","Flex+1"],"picked":"SKIP","floor":21},{"not_picked":["Combust","Rupture+1","Cleave"],"picked":"SKIP","floor":22},{"not_picked":["Combust","Rupture+1","Cleave"],"picked":"SKIP","floor":22},{"not_picked":["Headbutt","Clothesline","Intimidate"],"picked":"SKIP","floor":23},{"not_picked":["Body Slam+1","Thunderclap","Corruption+1"],"picked":"SKIP","floor":25},{"not_picked":["Carnage+1","Searing Blow","Twin Strike"],"picked":"SKIP","floor":28}],"player_experience":1155963,"relics_obtained":[{"floor":2,"key":"Darkstone Periapt"},{"floor":8,"key":"Centennial Puzzle"},{"floor":9,"key":"Vajra"},{"floor":23,"key":"Bag of Marbles"},{"floor":26,"key":"Ancient Tea Set"}],"event_choices":[{"damage_healed":0,"gold_gain":0,"player_choice":"Relic","damage_taken":0,"max_hp_gain":0,"max_hp_loss":0,"event_name":"Wheel of Change","floor":2,"gold_loss":0},{"damage_healed":0,"gold_gain":75,"player_choice":"Gather Gold","damage_taken":11,"max_hp_gain":0,"max_hp_loss":0,"event_name":"World of Goop","floor":5,"gold_loss":0},{"damage_healed":0,"gold_gain":0,"player_choice":"Success","damage_taken":7,"relics_obtained":["Bronze Scales"],"max_hp_gain":0,"max_hp_loss":0,"event_name":"Scrap Ooze","floor":11,"gold_loss":0},{"damage_healed":0,"gold_gain":0,"player_choice":"Lose Max HP","damage_taken":0,"relics_obtained":["Golden Idol"],"max_hp_gain":0,"max_hp_loss":6,"event_name":"Golden Idol","floor":12,"gold_loss":0},{"damage_healed":0,"gold_gain":0,"player_choice":"Ignored","damage_taken":0,"max_hp_gain":0,"max_hp_loss":0,"event_name":"Ghosts","floor":30,"gold_loss":0},{"damage_healed":0,"gold_gain":0,"cards_transformed":["Strike_R","Strike_R"],"player_choice":"Became Test Subject","damage_taken":0,"max_hp_gain":0,"max_hp_loss":0,"event_name":"Drug Dealer","floor":31,"gold_loss":0,"cards_obtained":["Clothesline","Sever Soul"]}],"is_beta":true,"boss_relics":[{"not_picked":["Runic Cube","Orrery"],"picked":"Astrolabe"}],"items_purged_floors":[3,14,19,29],"is_endless":false,"potions_floor_spawned":[4,8,13,16,20,23,25,28],"ascension_level":0}