{"gold_per_floor":[19,36,50,50,50,50,0,29,29,60,70,70,96,108,108,209,209,224,224,244,169,169,169,194,194,194,194,204,204,214,214,214,315,365,381,397,397,397,444,444,459,493,493,393,393,411,44,64,64,64],"floor_reached":51,"playtime":1529,"items_purged":["Burning Pact+1","Disarm+1","Thunderclap"],"score":828,"play_id":"ee3078a2-713b-4ef2-b93c-639327140a47","local_time":"20190221171915","is_ascension_mode":false,"campfire_choices":[{"data":"Bash","floor":6,"key":"SMITH"},{"floor":12,"key":"REST"},{"data":"Dropkick","floor":15,"key":"SMITH"},{"data":"Searing Blow+1","floor":23,"key":"SMITH"},{"data":"Searing Blow+2","floor":25,"key":"SMITH"},{"data":"Searing Blow+3","floor":27,"key":"SMITH"},{"data":"Searing Blow+4","floor":32,"key":"SMITH"},{"data":"Searing Blow+6","floor":40,"key":"SMITH"},{"data":"Searing Blow+7","floor":45,"key":"SMITH"},{"data":"Searing Blow+8","floor":49,"key":"SMITH"}],"neow_cost":"NO_GOLD","seed_source_timestamp":147571496451700,"circlet_count":0,"master_deck":["Strike_R","Bash+1","Dropkick+1","Shrug It Off","Searing Blow+9","Dropkick+1"],"relics":["Burning Blood","Thread and Needle","Magic Flower","Orichalcum","Lantern","Astrolabe","Dead Branch","Singing Bowl","Tiny House","Juzu Bracelet","Ancient Tea Set","Bottled Flame","Toy Ornithopter"],"potions_floor_usage":[8,16,24,33,33,41,50,50],"damage_taken":[{"damage":0,"enemies":"Small Slimes","floor":1,"turns":4},{"damage":0,"enemies":"2 Louse","floor":2,"turns":2},{"damage":6,"enemies":"Cultist","floor":3,"turns":3},{"damage":57,"enemies":"3 Sentries","floor":8,"turns":10},{"damage":20,"enemies":"Gremlin Nob","floor":10,"turns":4},{"damage":15,"enemies":"Exordium Wildlife","floor":11,"turns":5},{"damage":0,"enemies":"3 Louse","floor":14,"turns":3},{"damage":48,"enemies":"Hexaghost","floor":16,"turns":11},{"damage":10,"enemies":"Spheric Guardian","floor":18,"turns":4},{"damage":0,"enemies":"Chosen","floor":20,"turns":4},{"damage":30,"enemies":"Slavers","floor":24,"turns":6},{"damage":0,"enemies":"Snecko","floor":28,"turns":3},{"damage":0,"enemies":"Centurion and Healer","floor":30,"turns":2},{"damage":49,"enemies":"Automaton","floor":33,"turns":8},{"damage":7,"enemies":"Orb Walker","floor":35,"turns":3},{"damage":1,"enemies":"3 Shapes","floor":36,"turns":3},{"damage":48,"enemies":"Transient","floor":41,"turns":5},{"damage":4,"enemies":"Giant Head","floor":42,"turns":5},{"damage":3,"enemies":"Maw","floor":46,"turns":4},{"damage":8,"enemies":"Jaw Worm Horde","floor":48,"turns":3},{"damage":31,"enemies":"Time Eater","floor":50,"turns":3}],"seed_played":"-9204258898425786861","potions_obtained":[{"floor":3,"key":"BloodPotion"},{"floor":8,"key":"PowerPotion"},{"floor":11,"key":"FearPotion"},{"floor":14,"key":"FairyPotion"},{"floor":18,"key":"AttackPotion"},{"floor":28,"key":"SpeedPotion"},{"floor":34,"key":"SkillPotion"},{"floor":46,"key":"Strength Potion"}],"is_trial":false,"path_per_floor":["M","M","M","?","?","R","?","E","T","E","M","R","T","M","R","B",null,"M","?","M","$","?","R","E","R","T","R","M","?","M","?","R","B",null,"M","M","?","?","T","R","M","E","T","$","R","M","$","M","R","B",null],"character_chosen":"IRONCLAD","items_purchased":["Toy Ornithopter","Strength Potion"],"campfire_rested":1,"item_purchase_floors":[47,47],"current_hp_per_floor":[80,80,80,80,85,85,85,42,42,31,25,50,50,59,59,20,85,84,84,85,85,85,85,64,64,64,64,75,75,86,86,86,48,98,100,102,104,104,104,104,67,74,74,74,74,82,82,85,85,79],"gold":64,"neow_bonus":"REMOVE_TWO","is_prod":false,"is_daily":false,"chose_seed":false,"campfire_upgraded":9,"win_rate":0,"timestamp":1550765955,"path_taken":["M","M","M","?","?","R","?","E","T","E","M","R","?","M","R","BOSS","M","?","M","$","?","R","E","R","T","R","?","?","M","?","R","BOSS","M","M","?","?","?","R","M","E","T","$","R","M","$","M","R","BOSS"],"build_version":"2019-02-06","purchased_purges":3,"victory":true,"max_hp_per_floor":[80,80,80,80,85,85,85,85,85,85,85,85,85,85,85,85,85,85,85,85,85,85,85,85,85,85,85,87,87,89,89,89,91,98,100,102,104,104,104,104,106,108,108,108,108,110,110,112,112,112],"card_choices":[{"not_picked":["Headbutt","Clothesline","Perfected Strike"],"picked":"SKIP","floor":1},{"not_picked":["Anger","Entrench","Dual Wield"],"picked":"SKIP","floor":2},{"not_picked":["Clash","Burning Pact","Carnage"],"picked":"SKIP","floor":3},{"not_picked":["Iron Wave","Barricade","Second Wind"],"picked":"SKIP","floor":8},{"not_picked":["Infernal Blade","Combust"],"picked":"Dropkick","floor":10},{"not_picked":["Evolve","Iron Wave","Pommel Strike"],"picked":"SKIP","floor":11},{"not_picked":["Headbutt","Disarm"],"picked":"Shrug It Off","floor":14},{"not_picked":["Rampage","Heavy Blade+1","Searing Blow"],"picked":"SKIP","floor":18},{"not_picked":["Cleave+1","Intimidate","True Grit"],"picked":"SKIP","floor":20},{"not_picked":["Wild Strike","Body Slam","Headbutt"],"picked":"SKIP","floor":24},{"not_picked":["Flame Barrier","Headbutt","Whirlwind"],"picked":"Singing Bowl","floor":28},{"not_picked":["Perfected Strike","Pummel","Armaments+1"],"picked":"Singing Bowl","floor":30},{"not_picked":["Impervious","Limit Break","Double Tap"],"picked":"Singing Bowl","floor":33},{"not_picked":["Ghostly Armor","Shrug It Off","Reckless Charge+1"],"picked":"Singing Bowl","floor":34},{"not_picked":["Wild Strike","Searing Blow","Armaments"],"picked":"Singing Bowl","floor":35},{"not_picked":["Warcry","Armaments+1","Heavy Blade"],"picked":"Singing Bowl","floor":36},{"not_picked":["Dramatic Entrance","Madness","Violence"],"picked":"Singing Bowl","floor":37},{"not_picked":["Sentinel","Metallicize","Cleave"],"picked":"Singing Bowl","floor":41},{"not_picked":["Warcry+1","Flame Barrier+1","Havoc+1"],"picked":"Singing Bowl","floor":42},{"not_picked":["Evolve","Perfected Strike+1","Iron Wave+1"],"picked":"Singing Bowl","floor":46},{"not_picked":["Thunderclap","Headbutt+1","Heavy Blade"],"picked":"Singing Bowl","floor":48}],"player_experience":1164557,"relics_obtained":[{"floor":8,"key":"Thread and Needle"},{"floor":9,"key":"Magic Flower"},{"floor":10,"key":"Orichalcum"},{"floor":13,"key":"Lantern"},{"floor":24,"key":"Dead Branch"},{"floor":26,"key":"Singing Bowl"},{"floor":39,"key":"Juzu Bracelet"},{"floor":42,"key":"Ancient Tea Set"},{"floor":43,"key":"Bottled Flame"}],"event_choices":[{"cards_removed":["Defend_R"],"damage_healed":0,"gold_gain":0,"player_choice":"Forget","damage_taken":0,"max_hp_gain":0,"max_hp_loss":0,"event_name":"Living Wall","floor":4,"gold_loss":0},{"damage_healed":0,"gold_gain":0,"player_choice":"Donut","damage_taken":0,"max_hp_gain":5,"max_hp_loss":0,"event_name":"Big Fish","floor":5,"gold_loss":0},{"cards_removed":["Strike_R"],"damage_healed":0,"gold_gain":0,"player_choice":"Card Removal","damage_taken":0,"max_hp_gain":0,"max_hp_loss":0,"event_name":"The Cleric","floor":7,"gold_loss":50},{"damage_healed":0,"gold_gain":0,"player_choice":"Read","damage_taken":0,"max_hp_gain":0,"max_hp_loss":0,"event_name":"The Library","floor":19,"gold_loss":0,"cards_obtained":["Thunderclap"]},{"damage_healed":0,"gold_gain":0,"cards_transformed":["Defend_R"],"player_choice":"Transformed","damage_taken":0,"max_hp_gain":0,"max_hp_loss":0,"event_name":"Transmorgrifier","floor":22,"gold_loss":0,"cards_obtained":["Feel No Pain"]},{"cards_removed":["Feel No Pain"],"damage_healed":0,"gold_gain":0,"player_choice":"Elegance","damage_taken":0,"max_hp_gain":0,"max_hp_loss":0,"event_name":"Back to Basics","floor":29,"gold_loss":0},{"damage_healed":0,"gold_gain":0,"player_choice":"Copied","damage_taken":0,"max_hp_gain":0,"max_hp_loss":0,"event_name":"Duplicator","floor":31,"gold_loss":0,"cards_obtained":["Dropkick"]},{"damage_healed":0,"gold_gain":0,"player_choice":"Memory 1","damage_taken":0,"max_hp_gain":0,"max_hp_loss":0,"event_name":"SensoryStone","floor":37,"gold_loss":0},{"damage_healed":0,"gold_gain":0,"player_choice":"Ignored","damage_taken":0,"max_hp_gain":0,"max_hp_loss":0,"event_name":"Mysterious Sphere","floor":38,"gold_loss":0}],"is_beta":true,"boss_relics":[{"not_picked":["Ectoplasm","Calling Bell"],"picked":"Astrolabe"},{"not_picked":["Cursed Key","Pandora\u0027s Box"],"picked":"Tiny House"}],"items_purged_floors":[21,44,47],"is_endless":false,"potions_floor_spawned":[3,8,11,14,18,28,46,48],"ascension_level":0}