{"gold_per_floor":[112,37,52,65,17,42,42,42,42,58,58,71,87,107,107,202,202,217,229,243,72,90,90],"floor_reached":23,"playtime":806,"items_purged":["Defend_R","Strike_R"],"score":197,"play_id":"3c8b5cf6-b166-441c-84e9-973591aea819","local_time":"20190217223156","is_ascension_mode":false,"campfire_choices":[{"data":"Bash","floor":7,"key":"SMITH"},{"data":"Shrug It Off","floor":15,"key":"SMITH"}],"neow_cost":"NONE","seed_source_timestamp":67033204388000,"circlet_count":0,"master_deck":["Strike_R","Strike_R","Strike_R","Strike_R","Defend_R","Defend_R","Bash+1","Dropkick","Shrug It Off+1","Dropkick"],"relics":["Black Blood","Du-Vu Doll","Dodecahedron"],"potions_floor_usage":[12,16,16,19,22,23,23],"damage_taken":[{"damage":1,"enemies":"Cultist","floor":1,"turns":3},{"damage":7,"enemies":"Small Slimes","floor":3,"turns":4},{"damage":8,"enemies":"Jaw Worm","floor":4,"turns":4},{"damage":40,"enemies":"Gremlin Nob","floor":6,"turns":5},{"damage":7,"enemies":"Blue Slaver","floor":10,"turns":4},{"damage":3,"enemies":"Red Slaver","floor":12,"turns":3},{"damage":5,"enemies":"3 Louse","floor":13,"turns":4},{"damage":12,"enemies":"Blue Slaver","floor":14,"turns":3},{"damage":56,"enemies":"The Guardian","floor":16,"turns":15},{"damage":34,"enemies":"Spheric Guardian","floor":18,"turns":6},{"damage":9,"enemies":"3 Byrds","floor":19,"turns":7},{"damage":23,"enemies":"Centurion and Healer","floor":20,"turns":9},{"damage":32,"enemies":"3 Cultists","floor":22,"turns":7},{"damage":30,"enemies":"Book of Stabbing","floor":23,"turns":4}],"seed_played":"6511552811385238506","potions_obtained":[{"floor":4,"key":"SkillPotion"},{"floor":6,"key":"Poison Potion"},{"floor":10,"key":"SkillPotion"},{"floor":12,"key":"Weak Potion"},{"floor":16,"key":"SkillPotion"},{"floor":19,"key":"Poison Potion"}],"is_trial":false,"path_per_floor":["M","$","M","M","$","E","R","?","T","M","?","M","M","M","R","B",null,"M","M","M","$","M","E"],"character_chosen":"IRONCLAD","items_purchased":["Shrug It Off","BloodPotion"],"campfire_rested":0,"item_purchase_floors":[5,21],"current_hp_per_floor":[80,80,79,77,77,43,43,69,69,68,68,71,72,66,66,16,80,56,57,44,44,30,0],"gold":90,"neow_bonus":"REMOVE_CARD","is_prod":false,"is_daily":false,"chose_seed":false,"campfire_upgraded":2,"win_rate":0,"timestamp":1550439116,"path_taken":["M","$","M","?","$","E","R","?","T","M","?","?","M","M","R","BOSS","M","M","M","$","M","E"],"build_version":"2019-02-06","purchased_purges":2,"victory":false,"max_hp_per_floor":[80,80,80,80,80,80,80,80,80,80,80,80,80,80,80,80,80,80,80,80,80,80,80],"card_choices":[{"not_picked":["Pommel Strike","Uppercut","Entrench"],"picked":"SKIP","floor":1},{"not_picked":["Uppercut","Twin Strike","Pommel Strike"],"picked":"SKIP","floor":3},{"not_picked":["Iron Wave","Armaments"],"picked":"Dropkick","floor":4},{"not_picked":["Iron Wave","Intimidate","Flame Barrier"],"picked":"SKIP","floor":6},{"not_picked":["Warcry","Body Slam","Immolate"],"picked":"SKIP","floor":10},{"not_picked":["Intimidate","Sentinel","Havoc"],"picked":"SKIP","floor":12},{"not_picked":["Dual Wield","Second Wind","Heavy Blade"],"picked":"SKIP","floor":13},{"not_picked":["Shockwave","Sword Boomerang","Sever Soul"],"picked":"SKIP","floor":14},{"not_picked":["Shockwave","Headbutt"],"picked":"Dropkick","floor":18},{"not_picked":["True Grit","Twin Strike","Clothesline"],"picked":"SKIP","floor":19},{"not_picked":["Clash","Rage+1","Sword Boomerang"],"picked":"SKIP","floor":20},{"not_picked":["Clash","Sword Boomerang","Headbutt"],"picked":"SKIP","floor":22}],"player_experience":1156719,"relics_obtained":[{"floor":6,"key":"Du-Vu Doll"},{"floor":9,"key":"Dodecahedron"}],"event_choices":[{"damage_healed":26,"gold_gain":0,"player_choice":"Banana","damage_taken":0,"max_hp_gain":0,"max_hp_loss":0,"event_name":"Big Fish","floor":8,"gold_loss":0},{"damage_healed":0,"gold_gain":0,"player_choice":"Ignored","damage_taken":0,"max_hp_gain":0,"max_hp_loss":0,"event_name":"Liars Game","floor":11,"gold_loss":0}],"is_beta":true,"boss_relics":[{"not_picked":["White Beast Statue","Philosopher\u0027s Stone"],"picked":"Black Blood"}],"items_purged_floors":[2,21],"is_endless":false,"potions_floor_spawned":[4,6,10,12,16,19],"killed_by":"Book of Stabbing","ascension_level":0}