{"gold_per_floor":[215,230,230,243,256,256,286,286,286,314,331,41,41,56,56,127,127,139,139,54,71,71,71,71,71,71,88,88,104,136,36,36,110,110,123,123,123,35,46,46,80,80,105,105,115,131,148,148,148,148,148,148,148,1,28,28],"floor_reached":56,"playtime":4442,"items_purged":["Pain","Writhe"],"score":1860,"play_id":"5bed7174-28d8-4083-ba12-f2f799d151af","local_time":"20190419092221","is_ascension_mode":true,"campfire_choices":[{"data":"Body Slam","floor":6.0,"key":"SMITH"},{"floor":8.0,"key":"REST"},{"data":"1","floor":13.0,"key":"LIFT"},{"data":"2","floor":15.0,"key":"LIFT"},{"floor":23.0,"key":"REST"},{"data":"3","floor":25.0,"key":"LIFT"},{"floor":28.0,"key":"REST"},{"data":"Demon Form","floor":32.0,"key":"SMITH"},{"floor":40.0,"key":"RECALL"},{"data":"Limit Break","floor":42.0,"key":"SMITH"},{"data":"Uppercut","floor":44.0,"key":"SMITH"},{"data":"Whirlwind","floor":49.0,"key":"SMITH"},{"data":"True Grit","floor":53.0,"key":"SMITH"}],"neow_cost":"NONE","seed_source_timestamp":43022074960474,"circlet_count":0,"master_deck":["AscendersBane","Strike_R","Strike_R","Strike_R","Strike_R","Strike_R","Defend_R","Defend_R","Defend_R","Defend_R","Bash","Shrug It Off","Uppercut+1","Body Slam+1","Iron Wave","Feed","Whirlwind+1","True Grit","Offering","Inflame+1","Ghostly Armor","Necronomicurse","RitualDagger","Rage","Metallicize+1","Demon Form+1","Limit Break+1","True Grit+1","Secret Weapon","Panache","Feel No Pain","True Grit","Disarm+1","Entrench","Panacea","Heavy Blade"],"special_seed":0,"relics":["Burning Blood","WarpedTongs","Girya","Unceasing Top","Incense Burner","Anchor","Runic Pyramid","Meat on the Bone","Mummified Hand","Necronomicon","FossilizedHelix","Pen Nib","Sozu","Lantern","StoneCalendar"],"potions_floor_usage":[56],"damage_taken":[{"damage":12.0,"enemies":"Jaw Worm","floor":1.0,"turns":4.0},{"damage":6.0,"enemies":"Cultist","floor":2.0,"turns":4.0},{"damage":2.0,"enemies":"2 Louse","floor":4.0,"turns":2.0},{"damage":10.0,"enemies":"Blue Slaver","floor":5.0,"turns":4.0},{"damage":45.0,"enemies":"Lagavulin","floor":7.0,"turns":7.0},{"damage":32.0,"enemies":"3 Sentries","floor":10.0,"turns":10.0},{"damage":12.0,"enemies":"Red Slaver","floor":11.0,"turns":2.0},{"damage":0.0,"enemies":"Large Slime","floor":14.0,"turns":5.0},{"damage":16.0,"enemies":"Hexaghost","floor":16.0,"turns":9.0},{"damage":2.0,"enemies":"Chosen","floor":18.0,"turns":5.0},{"damage":45.0,"enemies":"3 Byrds","floor":21.0,"turns":7.0},{"damage":5.0,"enemies":"Snecko","floor":27.0,"turns":6.0},{"damage":0.0,"enemies":"Sentry and Sphere","floor":29.0,"turns":4.0},{"damage":8.0,"enemies":"Gremlin Leader","floor":30.0,"turns":4.0},{"damage":57.0,"enemies":"Collector","floor":33.0,"turns":8.0},{"damage":0.0,"enemies":"Orb Walker","floor":35.0,"turns":4.0},{"damage":0.0,"enemies":"3 Shapes","floor":39.0,"turns":6.0},{"damage":26.0,"enemies":"Reptomancer","floor":41.0,"turns":4.0},{"damage":0.0,"enemies":"Writhing Mass","floor":45.0,"turns":4.0},{"damage":0.0,"enemies":"Jaw Worm Horde","floor":46.0,"turns":5.0},{"damage":0.0,"enemies":"3 Darklings","floor":47.0,"turns":1.0},{"damage":33.0,"enemies":"Awakened One","floor":50.0,"turns":9.0},{"damage":40.0,"enemies":"Donu and Deca","floor":51.0,"turns":7.0},{"damage":65.0,"enemies":"Shield and Spear","floor":55.0,"turns":9.0},{"damage":48,"enemies":"The Heart","floor":56,"turns":5}],"seed_played":"-3978443999899408756","potions_obtained":[{"floor":1.0,"key":"Explosive Potion"},{"floor":10.0,"key":"SteroidPotion"},{"floor":14.0,"key":"Poison Potion"},{"floor":18.0,"key":"Strength Potion"},{"floor":33.0,"key":"Dexterity Potion"}],"is_trial":false,"path_per_floor":["M","M","?","M","M","R","E","R","T","E","M","$","R","M","R","B",null,"M","?","?","M","?","R","?","R","T","M","R","M","E","$","R","B",null,"M","?","?","$","M","R","E","R","T","R","M","M","M","?","R","B","B",null,"R","$","E","B"],"character_chosen":"IRONCLAD","items_purchased":["Anchor","True Grit","Feel No Pain","Panacea","Heavy Blade"],"campfire_rested":3,"item_purchase_floors":[12,12,38,54,54],"current_hp_per_floor":[62,62,62,66,62,62,23,45,45,19,13,13,13,23,23,13,63,70,70,70,47,26,51,45,45,45,61,87,89,91,91,91,55,86,92,92,87,87,96,96,76,76,76,76,82,92,98,98,98,71,49,90,90,90,47,0],"gold":28,"neow_bonus":"HUNDRED_GOLD","is_prod":false,"is_daily":false,"chose_seed":false,"campfire_upgraded":6,"win_rate":0,"timestamp":1555687341,"path_taken":["M","M","?","?","M","R","E","R","T","E","?","$","R","M","R","BOSS","M","?","?","M","?","R","?","R","T","M","R","?","E","?","R","BOSS","M","?","?","$","M","R","E","R","T","R","M","M","M","?","R","BOSS","BOSS","R","$","E","BOSS"],"build_version":"2019-04-04","purchased_purges":2,"victory":false,"max_hp_per_floor":[75,75,75,75,75,75,75,75,75,75,75,75,75,79,79,79,79,82,82,82,86,86,86,86,86,86,89,89,89,93,93,93,96,96,96,96,96,96,99,99,99,99,99,99,99,103,103,103,103,103,103,103,103,103,107,107],"card_choices":[{"not_picked":["Burning Pact","Twin Strike"],"picked":"Shrug It Off","floor":1.0},{"not_picked":["Rampage","Heavy Blade"],"picked":"Headbutt","floor":2.0},{"not_picked":["True Grit","Headbutt"],"picked":"Uppercut","floor":4.0},{"not_picked":["Thunderclap","Combust"],"picked":"Body Slam","floor":5.0},{"not_picked":["Anger","Brutality"],"picked":"Iron Wave","floor":7.0},{"not_picked":["Thunderclap","Cleave"],"picked":"Feed","floor":10.0},{"not_picked":["Infernal Blade","Inflame"],"picked":"Whirlwind","floor":11.0},{"not_picked":["Clothesline","Rupture","Flex"],"picked":"SKIP","floor":14.0},{"not_picked":["Dark Embrace","Double Tap"],"picked":"Offering","floor":16.0},{"not_picked":["Combust","Warcry"],"picked":"Inflame+1","floor":18.0},{"not_picked":["Iron Wave","Warcry"],"picked":"Ghostly Armor","floor":21.0},{"not_picked":["Thunderclap","Sword Boomerang"],"picked":"Rage","floor":27.0},{"not_picked":["Shrug It Off","True Grit"],"picked":"Metallicize+1","floor":29.0},{"not_picked":["Anger","Second Wind"],"picked":"Demon Form","floor":30.0},{"not_picked":["Juggernaut","Offering"],"picked":"Limit Break","floor":33.0},{"not_picked":["Warcry","Entrench"],"picked":"True Grit","floor":35.0},{"not_picked":["Dramatic Entrance","Bandage Up"],"picked":"Secret Weapon","floor":37.0},{"not_picked":["Magnetism","HandOfGreed"],"picked":"Panache","floor":37.0},{"not_picked":["Wild Strike","Clash"],"picked":"True Grit","floor":39.0},{"not_picked":["Fire Breathing","Clothesline"],"picked":"Disarm+1","floor":41.0},{"not_picked":["True Grit","Iron Wave+1","Sword Boomerang"],"picked":"SKIP","floor":45.0},{"not_picked":["Entrench","Heavy Blade","Searing Blow"],"picked":"SKIP","floor":46.0},{"not_picked":["Heavy Blade","Searing Blow"],"picked":"Entrench","floor":46.0},{"not_picked":["Cleave","Evolve","Sword Boomerang"],"picked":"SKIP","floor":47.0},{"not_picked":["Infernal Blade","Spot Weakness","Cleave+1"],"picked":"SKIP","floor":55.0}],"player_experience":2934826,"relics_obtained":[{"floor":7.0,"key":"Girya"},{"floor":9.0,"key":"Unceasing Top"},{"floor":10.0,"key":"Incense Burner"},{"floor":22.0,"key":"Necronomicon"},{"floor":26.0,"key":"FossilizedHelix"},{"floor":30.0,"key":"Pen Nib"},{"floor":41.0,"key":"Lantern"},{"floor":55.0,"key":"StoneCalendar"}],"event_choices":[{"damage_healed":0.0,"max_hp_gain":0.0,"max_hp_loss":0.0,"gold_gain":0.0,"event_name":"Accursed Blacksmith","player_choice":"Rummage","floor":3.0,"gold_loss":0.0,"damage_taken":0.0,"relics_obtained":["WarpedTongs"],"cards_obtained":["Pain"]},{"damage_healed":0.0,"max_hp_gain":0.0,"max_hp_loss":0.0,"gold_gain":0.0,"event_name":"The Mausoleum","player_choice":"Opened","floor":19.0,"gold_loss":0.0,"damage_taken":0.0,"relics_obtained":["Meat on the Bone"],"cards_obtained":["Writhe"]},{"damage_healed":0.0,"max_hp_gain":0.0,"max_hp_loss":0.0,"gold_gain":0.0,"event_name":"Addict","player_choice":"Obtained Relic","floor":20.0,"gold_loss":85.0,"damage_taken":0.0,"relics_obtained":["Mummified Hand"]},{"damage_healed":0.0,"max_hp_gain":0.0,"max_hp_loss":0.0,"gold_gain":0.0,"event_name":"Cursed Tome","player_choice":"Obtained Book","floor":22.0,"gold_loss":0.0,"damage_taken":21.0},{"damage_healed":0.0,"max_hp_gain":0.0,"max_hp_loss":0.0,"gold_gain":0.0,"event_name":"Nest","player_choice":"Joined the Cult","floor":24.0,"gold_loss":0.0,"damage_taken":6.0,"cards_obtained":["RitualDagger"]},{"cards_removed":["Headbutt"],"damage_healed":0.0,"max_hp_gain":0.0,"max_hp_loss":0.0,"gold_gain":0.0,"event_name":"Falling","player_choice":"Removed Attack","floor":36.0,"gold_loss":0.0,"damage_taken":0.0},{"damage_healed":0.0,"max_hp_gain":0.0,"max_hp_loss":0.0,"gold_gain":0.0,"event_name":"SensoryStone","player_choice":"Memory 2","floor":37.0,"gold_loss":0.0,"damage_taken":5.0},{"damage_healed":0.0,"max_hp_gain":0.0,"max_hp_loss":0.0,"gold_gain":0.0,"event_name":"Tomb of Lord Red Mask","player_choice":"Ignored","floor":48.0,"gold_loss":0.0,"damage_taken":0.0}],"is_beta":true,"boss_relics":[{"not_picked":["Calling Bell","Runic Dome"],"picked":"Runic Pyramid"},{"not_picked":["Lizard Tail","Black Star"],"picked":"Sozu"}],"items_purged_floors":[12,31],"is_endless":false,"potions_floor_spawned":[1,10,14,18,29,33,35,45,55],"killed_by":"The Heart","ascension_level":20}