{"gold_per_floor":[119,44,14,14,35,35,75,99,99,99,99,112,112,130,130,223,223,236,250,250,250,271,305,317,348,387,412,424,479,515,547,559,571],"floor_reached":33,"playtime":8475,"items_purged":[],"score":728,"play_id":"2f17af84-1ab4-411c-8a1c-b82793b45896","local_time":"20190422122647","is_ascension_mode":true,"campfire_choices":[{"data":"Neutralize","floor":6.0,"key":"SMITH"},{"data":"Leg Sweep","floor":10.0,"key":"SMITH"},{"data":"Dash","floor":13.0,"key":"SMITH"},{"data":"Dagger Spray","floor":15.0,"key":"SMITH"},{"data":"Deadly Poison","floor":24.0,"key":"SMITH"},{"floor":28.0,"key":"REST"},{"data":"Malaise","floor":32.0,"key":"SMITH"}],"neow_cost":"TEN_PERCENT_HP_LOSS","seed_source_timestamp":310961707288561,"circlet_count":0,"master_deck":["AscendersBane","Defend_G","Defend_G","Defend_G","Defend_G","Defend_G","Strike_G","Survivor","Neutralize+1","Dagger Throw","Cloak And Dagger+1","Backflip+1","Dagger Spray+1","Leg Sweep+1","Dash+1","Corpse Explosion","Distraction+1","Slice+1","Quick Slash+1","Deadly Poison+1","Ghostly","Ghostly","Ghostly","Caltrops+1","Calculated Gamble","Crippling Poison","Malaise+1","Poisoned Stab+1","PiercingWail"],"special_seed":0,"relics":["Ring of the Snake","StoneCalendar","Golden Idol","Frozen Egg 2","Thread and Needle","Astrolabe","MawBank","Regal Pillow","Pen Nib"],"potions_floor_usage":[],"damage_taken":[{"damage":4.0,"enemies":"Small Slimes","floor":1.0,"turns":4.0},{"damage":2.0,"enemies":"Jaw Worm","floor":5.0,"turns":5.0},{"damage":10.0,"enemies":"Lagavulin","floor":7.0,"turns":7.0},{"damage":0.0,"enemies":"2 Louse","floor":8.0,"turns":4.0},{"damage":0.0,"enemies":"Blue Slaver","floor":12.0,"turns":3.0},{"damage":0.0,"enemies":"Exordium Thugs","floor":14.0,"turns":4.0},{"damage":0.0,"enemies":"The Guardian","floor":16.0,"turns":14.0},{"damage":12.0,"enemies":"2 Thieves","floor":18.0,"turns":3.0},{"damage":0.0,"enemies":"3 Byrds","floor":19.0,"turns":3.0},{"damage":1.0,"enemies":"Shelled Parasite and Fungi","floor":22.0,"turns":6.0},{"damage":10.0,"enemies":"Gremlin Leader","floor":23.0,"turns":7.0},{"damage":2.0,"enemies":"Snake Plant","floor":25.0,"turns":5.0},{"damage":0.0,"enemies":"Sentry and Sphere","floor":27.0,"turns":5.0},{"damage":0.0,"enemies":"Book of Stabbing","floor":29.0,"turns":7.0},{"damage":0.0,"enemies":"Cultist and Chosen","floor":30.0,"turns":7.0},{"damage":6.0,"enemies":"Snake Plant","floor":31.0,"turns":5.0},{"damage":26,"enemies":"Collector","floor":33,"turns":6}],"seed_played":"-652705731279692819","potions_obtained":[{"floor":5.0,"key":"Block Potion"},{"floor":8.0,"key":"Dexterity Potion"},{"floor":14.0,"key":"LiquidBronze"},{"floor":23.0,"key":"SteroidPotion"},{"floor":25.0,"key":"AttackPotion"},{"floor":29.0,"key":"SneckoOil"},{"floor":30.0,"key":"Fire Potion"}],"is_trial":false,"path_per_floor":["M","?","$","?","M","R","E","M","T","R","?","M","R","M","R","B",null,"M","M","?","?","M","E","R","M","T","M","R","E","M","M","R","B"],"character_chosen":"THE_SILENT","items_purchased":["Cloak And Dagger"],"campfire_rested":1,"item_purchase_floors":[3],"current_hp_per_floor":[55,55,55,54,52,52,42,42,42,42,26,26,26,26,26,26,47,35,35,35,27,26,16,16,14,14,14,27,27,27,21,21,0],"gold":571,"neow_bonus":"ONE_RARE_RELIC","is_prod":false,"is_daily":false,"chose_seed":false,"campfire_upgraded":6,"win_rate":0,"timestamp":1555957607,"path_taken":["M","?","?","?","M","R","E","M","T","R","?","M","R","M","R","BOSS","M","M","?","?","M","E","R","M","T","M","R","E","M","M","R","BOSS"],"build_version":"2019-04-20","purchased_purges":0,"victory":false,"max_hp_per_floor":[60,60,60,54,54,54,54,54,54,54,54,54,54,54,54,54,54,54,54,54,27,27,27,27,27,27,27,27,27,27,27,27,27],"card_choices":[{"not_picked":["All Out Attack","Sucker Punch"],"picked":"Dagger Throw","floor":1.0},{"not_picked":["Reflex","Quick Slash"],"picked":"Backflip","floor":5.0},{"not_picked":["Dodge and Roll","Slice"],"picked":"Dagger Spray","floor":7.0},{"not_picked":["Endless Agony","Underhanded Strike"],"picked":"Leg Sweep","floor":8.0},{"not_picked":["Underhanded Strike","Distraction"],"picked":"Dash","floor":12.0},{"not_picked":["Outmaneuver","Dagger Spray","Concentrate"],"picked":"SKIP","floor":14.0},{"not_picked":["Venomology","Unload"],"picked":"Corpse Explosion","floor":16.0},{"not_picked":["Backflip","Dagger Throw"],"picked":"Deadly Poison","floor":18.0},{"not_picked":["Outmaneuver","Dagger Spray","Setup"],"picked":"SKIP","floor":19.0},{"not_picked":["Blade Dance","Dodge and Roll"],"picked":"Caltrops+1","floor":22.0},{"not_picked":["Sucker Punch","Endless Agony"],"picked":"Calculated Gamble","floor":23.0},{"not_picked":["Dash","Underhanded Strike","Dagger Throw"],"picked":"SKIP","floor":25.0},{"not_picked":["Quick Slash","Flying Knee+1"],"picked":"Crippling Poison","floor":27.0},{"not_picked":["Blur","Blade Dance"],"picked":"Malaise","floor":29.0},{"not_picked":["Reflex","Sucker Punch"],"picked":"Poisoned Stab+1","floor":30.0},{"not_picked":["Cloak And Dagger","Blade Dance"],"picked":"PiercingWail","floor":31.0}],"player_experience":2948451,"relics_obtained":[{"floor":7.0,"key":"Frozen Egg 2"},{"floor":9.0,"key":"Thread and Needle"},{"floor":23.0,"key":"MawBank"},{"floor":26.0,"key":"Regal Pillow"},{"floor":29.0,"key":"Pen Nib"}],"event_choices":[{"cards_removed":["Strike_G"],"damage_healed":0.0,"max_hp_gain":0.0,"max_hp_loss":0.0,"gold_gain":0.0,"event_name":"The Cleric","player_choice":"Card Removal","floor":2.0,"gold_loss":75.0,"damage_taken":0.0},{"damage_healed":0.0,"max_hp_gain":0.0,"max_hp_loss":6.0,"gold_gain":0.0,"event_name":"Golden Idol","player_choice":"Lose Max HP","floor":4.0,"gold_loss":0.0,"damage_taken":0.0,"relics_obtained":["Golden Idol"]},{"damage_healed":0.0,"max_hp_gain":0.0,"max_hp_loss":0.0,"gold_gain":0.0,"event_name":"Shining Light","player_choice":"Entered Light","floor":11.0,"gold_loss":0.0,"damage_taken":16.0,"cards_upgraded":["Backflip","Cloak And Dagger"]},{"damage_healed":0.0,"max_hp_gain":0.0,"max_hp_loss":0.0,"gold_gain":0.0,"event_name":"Vampires","player_choice":"Ignored","floor":20.0,"gold_loss":0.0,"damage_taken":0.0},{"damage_healed":0.0,"max_hp_gain":0.0,"max_hp_loss":27.0,"gold_gain":0.0,"event_name":"Ghosts","player_choice":"Became a Ghost","floor":21.0,"gold_loss":0.0,"damage_taken":0.0,"cards_obtained":["Ghostly","Ghostly","Ghostly"]}],"is_beta":true,"boss_relics":[{"not_picked":["Lizard Tail","Philosopher\u0027s Stone"],"picked":"Astrolabe"}],"items_purged_floors":[],"is_endless":false,"potions_floor_spawned":[5,8,14,23,25,27,29,30],"killed_by":"Collector","ascension_level":20}