{"gold_per_floor":[114,130,55,55,69,69,97,172,172,172,172,192,42,60,60,158,158,178,278,295,295],"floor_reached":21,"playtime":624,"items_purged":["Defend_R","Strike_R"],"score":179,"play_id":"ebadce1c-1ebd-46f5-ab73-c7093fc82c27","local_time":"20190222233507","is_ascension_mode":false,"campfire_choices":[{"data":"Bash","floor":6,"key":"SMITH"},{"floor":15,"key":"REST"}],"neow_cost":"NONE","seed_source_timestamp":257444513056600,"circlet_count":0,"master_deck":["Strike_R","Strike_R","Defend_R","Bash+1","Blood for Blood","Shrug It Off","Combust+1","Power Through+1","Whirlwind+1"],"relics":["Burning Blood","Vajra","Juzu Bracelet","Frozen Egg 2","Kunai","Astrolabe","Turnip","Darkstone Periapt"],"potions_floor_usage":[7,7,12,16,18,19,19,21],"damage_taken":[{"damage":6,"enemies":"Cultist","floor":1,"turns":3},{"damage":11,"enemies":"Jaw Worm","floor":2,"turns":2},{"damage":8,"enemies":"2 Louse","floor":5,"turns":2},{"damage":31,"enemies":"3 Sentries","floor":7,"turns":8},{"damage":6,"enemies":"Exordium Wildlife","floor":12,"turns":6},{"damage":7,"enemies":"3 Louse","floor":14,"turns":3},{"damage":19,"enemies":"Hexaghost","floor":16,"turns":9},{"damage":20,"enemies":"2 Thieves","floor":18,"turns":2},{"damage":25,"enemies":"Colosseum Slavers","floor":19,"turns":3},{"damage":14,"enemies":"Colosseum Nobs","floor":19,"turns":3},{"damage":29,"enemies":"Spheric Guardian","floor":20,"turns":6},{"damage":18,"enemies":"Snake Plant","floor":21,"turns":5}],"seed_played":"-5626836662482454331","potions_obtained":[{"floor":5,"key":"EntropicBrew"},{"floor":14,"key":"SteroidPotion"},{"floor":18,"key":"Swift Potion"},{"floor":20,"key":"Dexterity Potion"}],"is_trial":false,"path_per_floor":["M","M","$","?","M","R","E","?","T","T","$","M","$","M","R","B",null,"M","?","M","M"],"character_chosen":"IRONCLAD","items_purchased":["PowerPotion"],"campfire_rested":1,"item_purchase_floors":[13],"current_hp_per_floor":[80,75,75,57,55,55,30,19,19,19,19,19,19,18,42,29,80,66,39,16,0],"gold":295,"neow_bonus":"TRANSFORM_CARD","is_prod":false,"is_daily":false,"chose_seed":false,"campfire_upgraded":1,"win_rate":0,"timestamp":1550874907,"path_taken":["M","?","$","?","M","R","E","?","T","?","?","M","$","M","R","BOSS","M","?","M","M"],"build_version":"2019-02-06","purchased_purges":2,"victory":false,"max_hp_per_floor":[80,80,80,80,80,80,80,80,80,80,80,80,80,80,80,80,80,80,80,80,80],"card_choices":[{"not_picked":["Anger","Battle Trance","Sword Boomerang"],"picked":"SKIP","floor":1},{"not_picked":["Pommel Strike","Headbutt","Seeing Red"],"picked":"SKIP","floor":2},{"not_picked":["Second Wind","Sword Boomerang","Wild Strike"],"picked":"SKIP","floor":5},{"not_picked":["Body Slam","Reaper"],"picked":"Shrug It Off","floor":7},{"not_picked":["Shrug It Off","Thunderclap","Iron Wave"],"picked":"SKIP","floor":12},{"not_picked":["Clash","Rampage","Fire Breathing+1"],"picked":"SKIP","floor":14},{"not_picked":["Cleave+1","Iron Wave","Burning Pact"],"picked":"SKIP","floor":18},{"not_picked":["Headbutt+1","Havoc","Sentinel+1"],"picked":"SKIP","floor":20}],"player_experience":1172136,"relics_obtained":[{"floor":7,"key":"Juzu Bracelet"},{"floor":9,"key":"Frozen Egg 2"},{"floor":10,"key":"Kunai"},{"floor":19,"key":"Turnip"},{"floor":19,"key":"Darkstone Periapt"}],"event_choices":[{"damage_healed":0,"gold_gain":0,"player_choice":"Success","damage_taken":18,"relics_obtained":["Vajra"],"max_hp_gain":0,"max_hp_loss":0,"event_name":"Scrap Ooze","floor":4,"gold_loss":0},{"damage_healed":0,"gold_gain":75,"player_choice":"Gather Gold","damage_taken":11,"max_hp_gain":0,"max_hp_loss":0,"event_name":"World of Goop","floor":8,"gold_loss":0},{"damage_healed":0,"gold_gain":0,"player_choice":"Fight","damage_taken":0,"max_hp_gain":0,"max_hp_loss":0,"event_name":"Colosseum","floor":19,"gold_loss":0},{"damage_healed":0,"gold_gain":0,"player_choice":"Fought Nobs","damage_taken":0,"max_hp_gain":0,"max_hp_loss":0,"event_name":"Colosseum","floor":19,"gold_loss":0}],"is_beta":true,"boss_relics":[{"not_picked":["Black Star","Calling Bell"],"picked":"Astrolabe"}],"items_purged_floors":[3,13],"is_endless":false,"potions_floor_spawned":[5,14,18,20],"killed_by":"Snake Plant","ascension_level":0}