{"gold_per_floor":[14,14,29,29,45,76,76,89,89,89,89,121,46,59,59,133,133,145,245,445,465,42,74,74,74,101,101,121,140,65,75,75,151,151,169,1168,416,416,91,121,121,121,121,133,133,133,133,152,152,152,152],"floor_reached":52,"playtime":1674,"items_purged":["Decay","Strike_B","Normality"],"score":1887,"play_id":"4fcba8ae-7881-4ef3-acc8-b9ca83bd7a02","local_time":"20190105001853","is_ascension_mode":true,"campfire_choices":[{"floor":7.0,"key":"REST"},{"data":"Dualcast","floor":11.0,"key":"SMITH"},{"floor":15.0,"key":"REST"},{"floor":25,"key":"REST"},{"floor":27,"key":"REST"},{"floor":32,"key":"REST"},{"data":"Capacitor","floor":42,"key":"SMITH"},{"floor":47,"key":"REST"},{"data":"Defragment","floor":49,"key":"SMITH"}],"neow_cost":"NO_GOLD","seed_source_timestamp":0,"circlet_count":0,"master_deck":["AscendersBane","Strike_B","Strike_B","Defend_B","Defend_B","Zap","Dualcast+1","Hologram","Reinforced Body+1","Ball Lightning","Capacitor+1","Self Repair","Cold Snap","BootSequence+1","Biased Cognition","Biased Cognition+1","Thunder Strike+1","Skim+1","Defragment+1","Force Field","Rainbow","Electrodynamics","Normality","Loop","Glacier"],"special_seed":0,"relics":["Cracked Core","WarpedTongs","Mercury Hourglass","Question Card","Symbiotic Virus","Astrolabe","Pocketwatch","Cables","DataDisk","Strawberry","Lantern","Dream Catcher","Busted Crown","Lee\u0027s Waffle","Regal Pillow","War Paint","Ice Cream","Molten Egg 2","Blue Candle"],"potions_floor_usage":[23,33,40,50,51],"damage_taken":[{"damage":9.0,"enemies":"Jaw Worm","floor":1.0,"turns":4.0},{"damage":2.0,"enemies":"Cultist","floor":3.0,"turns":3.0},{"damage":0.0,"enemies":"2 Louse","floor":5.0,"turns":1.0},{"damage":39.0,"enemies":"Gremlin Nob","floor":6.0,"turns":4.0},{"damage":0.0,"enemies":"Red Slaver","floor":8.0,"turns":4.0},{"damage":17.0,"enemies":"Lagavulin","floor":12.0,"turns":6.0},{"damage":8.0,"enemies":"Blue Slaver","floor":14.0,"turns":4.0},{"damage":29.0,"enemies":"Slime Boss","floor":16.0,"turns":6.0},{"damage":1.0,"enemies":"Shell Parasite","floor":18.0,"turns":4.0},{"damage":17.0,"enemies":"Colosseum Slavers","floor":19.0,"turns":3.0},{"damage":60.0,"enemies":"Colosseum Nobs","floor":19.0,"turns":5.0},{"damage":5,"enemies":"Spheric Guardian","floor":21,"turns":3},{"damage":1,"enemies":"Book of Stabbing","floor":23,"turns":4},{"damage":3,"enemies":"Cultist and Chosen","floor":28,"turns":4},{"damage":9,"enemies":"Snake Plant","floor":29,"turns":3},{"damage":10,"enemies":"Shelled Parasite and Fungi","floor":31,"turns":3},{"damage":19,"enemies":"Automaton","floor":33,"turns":8},{"damage":15,"enemies":"3 Shapes","floor":35,"turns":4},{"damage":34,"enemies":"Nemesis","floor":40,"turns":5},{"damage":19,"enemies":"3 Darklings","floor":44,"turns":3},{"damage":0,"enemies":"Maw","floor":48,"turns":4},{"damage":8,"enemies":"Donu and Deca","floor":50,"turns":5},{"damage":66,"enemies":"Time Eater","floor":51,"turns":8}],"seed_played":"1750774545973485182","potions_obtained":[{"floor":3.0,"key":"Weak Potion"},{"floor":8.0,"key":"SpeedPotion"},{"floor":18.0,"key":"PowerPotion"},{"floor":19.0,"key":"Strength Potion"},{"floor":21,"key":"GamblersBrew"},{"floor":29,"key":"Weak Potion"},{"floor":33,"key":"FocusPotion"},{"floor":35,"key":"Fire Potion"},{"floor":40,"key":"Regen Potion"},{"floor":44,"key":"PowerPotion"}],"is_trial":false,"path_per_floor":["M","?","M","?","M","E","R","M","T","?","R","E","$","M","R","B",null,"M","?","?","M","$","E","?","R","T","R","M","M","?","M","R","B",null,"M","?","$","?","$","E","?","R","T","M","?","$","R","M","R","B","B",null],"character_chosen":"DEFECT","items_purchased":["Defragment","Force Field","DataDisk","Lee\u0027s Waffle","Regal Pillow","Loop","War Paint","Ice Cream"],"campfire_rested":6,"item_purchase_floors":[22,22,22,37,37,37,37,39],"current_hp_per_floor":[69,69,67,67,67,28,53,53,53,53,53,43,43,35,60,38,73,72,9,9,4,4,10,10,37,37,64,68,66,66,63,90,78,89,81,81,99,94,94,67,67,67,67,58,58,58,94,94,94,93,45],"gold":152,"neow_bonus":"TWENTY_PERCENT_HP_BONUS","is_prod":false,"is_daily":false,"chose_seed":false,"campfire_upgraded":3,"win_rate":0,"timestamp":1546643933,"path_taken":["M","?","?","?","M","E","R","?","T","?","R","E","?","M","R","BOSS","M","?","?","?","$","E","?","R","T","R","M","M","?","M","R","BOSS","M","?","$","?","$","E","?","R","T","M","?","?","R","M","R","BOSS","BOSS"],"build_version":"2019-01-03v4","purchased_purges":3,"victory":true,"max_hp_per_floor":[85,85,85,85,85,85,85,85,85,85,85,85,85,85,85,85,85,85,85,85,85,85,92,92,92,92,92,92,92,92,92,92,92,92,92,92,99,94,94,94,94,94,94,94,94,94,94,94,94,94,94],"card_choices":[{"not_picked":["Sweeping Beam","Steam"],"picked":"Hologram","floor":1.0},{"not_picked":["Steam","Recycle"],"picked":"Reinforced Body","floor":3.0},{"not_picked":["Sweeping Beam","Coolheaded"],"picked":"Ball Lightning","floor":5.0},{"not_picked":["Redo","Sweeping Beam"],"picked":"Capacitor","floor":6.0},{"not_picked":["Conserve Battery","Static Discharge"],"picked":"Self Repair","floor":8.0},{"not_picked":["Loop","Leap","Rip and Tear"],"picked":"Cold Snap","floor":12.0},{"not_picked":["Compile Driver","Melter","Leap"],"picked":"BootSequence","floor":14.0},{"not_picked":["Fission","Seek","Hyperbeam"],"picked":"Biased Cognition","floor":16.0},{"not_picked":["Cold Snap","Stack","BootSequence+1","Self Repair"],"picked":"SKIP","floor":18.0},{"not_picked":["Reinforced Body","Sunder","Compile Driver","Doom and Gloom"],"picked":"SKIP","floor":21},{"not_picked":["Conserve Battery","Streamline","Auto Shields+1"],"picked":"Rainbow","floor":23},{"not_picked":["Rebound","Leap","Beam Cell+1","Steam"],"picked":"SKIP","floor":28},{"not_picked":["Cold Snap","Streamline","Auto Shields","Rainbow"],"picked":"SKIP","floor":29},{"not_picked":["Rebound","Melter","Cold Snap","Stack"],"picked":"SKIP","floor":31},{"not_picked":["Multi-Cast","Thunder Strike","All For One"],"picked":"Electrodynamics","floor":33},{"not_picked":["Redo+1","Skim"],"picked":"SKIP","floor":35},{"not_picked":["Go for the Eyes","Beam Cell"],"picked":"SKIP","floor":40},{"not_picked":["Heatsinks","Ball Lightning+1"],"picked":"SKIP","floor":44},{"not_picked":["Rainbow"],"picked":"Glacier","floor":47},{"not_picked":["Heatsinks","Rebound+1"],"picked":"SKIP","floor":48}],"player_experience":1010174,"relics_obtained":[{"floor":6.0,"key":"Mercury Hourglass"},{"floor":9.0,"key":"Question Card"},{"floor":12.0,"key":"Symbiotic Virus"},{"floor":19.0,"key":"Pocketwatch"},{"floor":19.0,"key":"Cables"},{"floor":23,"key":"Strawberry"},{"floor":26,"key":"Dream Catcher"},{"floor":40,"key":"Molten Egg 2"},{"floor":43,"key":"Blue Candle"}],"event_choices":[{"damage_healed":0.0,"max_hp_gain":0.0,"max_hp_loss":0.0,"gold_gain":0.0,"event_name":"Accursed Blacksmith","player_choice":"Rummage","floor":2.0,"gold_loss":0.0,"damage_taken":0.0,"relics_obtained":["WarpedTongs"],"cards_obtained":["Pain"]},{"cards_removed":["Pain"],"damage_healed":0.0,"max_hp_gain":0.0,"max_hp_loss":0.0,"gold_gain":0.0,"event_name":"Purifier","player_choice":"Purged","floor":4.0,"gold_loss":0.0,"damage_taken":0.0},{"damage_healed":0.0,"max_hp_gain":0.0,"max_hp_loss":0.0,"gold_gain":0.0,"event_name":"Wheel of Change","player_choice":"Cursed","floor":10.0,"gold_loss":0.0,"damage_taken":0.0,"cards_obtained":["Decay"]},{"damage_healed":0.0,"max_hp_gain":0.0,"max_hp_loss":0.0,"gold_gain":0.0,"event_name":"Colosseum","player_choice":"Fight","floor":19.0,"gold_loss":0.0,"damage_taken":0.0},{"damage_healed":0.0,"max_hp_gain":0.0,"max_hp_loss":0.0,"gold_gain":0.0,"event_name":"Colosseum","player_choice":"Fought Nobs","floor":19.0,"gold_loss":0.0,"damage_taken":0.0},{"damage_healed":0.0,"max_hp_gain":0.0,"max_hp_loss":0.0,"gold_gain":250.0,"event_name":"The Joust","player_choice":"Bet on Owner","floor":20.0,"gold_loss":50.0,"damage_taken":0.0},{"damage_healed":0,"gold_gain":0,"player_choice":"Opened","damage_taken":0,"relics_obtained":["Lantern"],"max_hp_gain":0,"max_hp_loss":0,"event_name":"The Mausoleum","floor":24,"gold_loss":0,"cards_obtained":["Writhe"]},{"cards_removed":["Writhe"],"damage_healed":0,"gold_gain":0,"player_choice":"Gave Gold","damage_taken":0,"max_hp_gain":0,"max_hp_loss":0,"event_name":"Beggar","floor":30,"gold_loss":75},{"damage_healed":0,"gold_gain":999,"player_choice":"Gold","damage_taken":0,"max_hp_gain":0,"max_hp_loss":0,"event_name":"MindBloom","floor":36,"gold_loss":0,"cards_obtained":["Normality","Normality"]},{"damage_healed":0,"gold_gain":0,"player_choice":"Max HP","damage_taken":0,"max_hp_gain":0,"max_hp_loss":5,"event_name":"Winding Halls","floor":38,"gold_loss":0},{"damage_healed":0,"gold_gain":0,"player_choice":"Ignored","damage_taken":0,"max_hp_gain":0,"max_hp_loss":0,"event_name":"Tomb of Lord Red Mask","floor":41,"gold_loss":0},{"damage_healed":0,"gold_gain":0,"player_choice":"Memory 1","damage_taken":0,"max_hp_gain":0,"max_hp_loss":0,"event_name":"SensoryStone","floor":45,"gold_loss":0}],"is_beta":true,"boss_relics":[{"not_picked":["Black Star","Snecko Eye"],"picked":"Astrolabe"},{"not_picked":["White Beast Statue","Orrery"],"picked":"Busted Crown"}],"items_purged_floors":[13,22,37],"is_endless":false,"potions_floor_spawned":[3,8,18,19,21,29,33,35,40,44],"ascension_level":20}