{"gold_per_floor":[110,110,130,205,205,205,249,249,273,289,239,280,126,149,149,149],"floor_reached":16,"playtime":1200,"items_purged":["Strike_R"],"score":108,"play_id":"9cd68e1c-3612-4620-a570-66762385326d","local_time":"20190302224530","is_ascension_mode":false,"campfire_choices":[{"data":"Fiend Fire","floor":6,"key":"SMITH"},{"data":"Strike_R","floor":8,"key":"SMITH"},{"data":"Uppercut","floor":15,"key":"SMITH"}],"neow_cost":"NONE","seed_source_timestamp":30194818174900,"circlet_count":0,"master_deck":["Strike_R","Strike_R","Strike_R","Strike_R+1","Defend_R","Defend_R","Defend_R","Bash+1","Fiend Fire+1","Dropkick","Uppercut+1"],"relics":["Burning Blood","Golden Idol","Orichalcum","Boot","Potion Belt"],"potions_floor_usage":[12],"damage_taken":[{"damage":0,"enemies":"Small Slimes","floor":1,"turns":3},{"damage":6,"enemies":"Jaw Worm","floor":3,"turns":3},{"damage":14,"enemies":"Gremlin Nob","floor":7,"turns":3},{"damage":0,"enemies":"2 Louse","floor":10,"turns":2},{"damage":24,"enemies":"Lagavulin","floor":12,"turns":5},{"damage":1,"enemies":"Large Slime","floor":14,"turns":5},{"damage":41,"enemies":"The Guardian","floor":16,"turns":8}],"seed_played":"-7051050875342116795","potions_obtained":[{"floor":3,"key":"SteroidPotion"},{"floor":7,"key":"SkillPotion"}],"is_trial":false,"path_per_floor":["M","?","M","?","?","R","E","R","T","M","?","E","$","M","R","B"],"character_chosen":"IRONCLAD","items_purchased":["Uppercut"],"campfire_rested":0,"item_purchase_floors":[13],"current_hp_per_floor":[80,80,80,69,49,49,41,41,41,47,47,29,29,34,34,0],"gold":149,"neow_bonus":"ONE_RANDOM_RARE_CARD","is_prod":false,"is_daily":false,"chose_seed":false,"campfire_upgraded":3,"win_rate":0,"timestamp":1551563130,"path_taken":["M","?","M","?","?","R","E","R","T","M","?","E","$","M","R","BOSS"],"build_version":"2019-02-06","purchased_purges":1,"victory":false,"max_hp_per_floor":[80,80,80,80,80,80,80,80,80,80,80,80,80,80,80,80],"card_choices":[{"not_picked":["Clothesline","Rupture","Inflame"],"picked":"SKIP","floor":1},{"not_picked":["Thunderclap","Body Slam","Fire Breathing"],"picked":"SKIP","floor":3},{"not_picked":["Thunderclap","Brutality","Reckless Charge"],"picked":"SKIP","floor":7},{"not_picked":["Havoc","Twin Strike","Sentinel"],"picked":"SKIP","floor":10},{"not_picked":["Second Wind","Rupture"],"picked":"Dropkick","floor":12},{"not_picked":["Anger","Sword Boomerang","Flex"],"picked":"SKIP","floor":14}],"player_experience":1204503,"relics_obtained":[{"floor":7,"key":"Orichalcum"},{"floor":9,"key":"Boot"},{"floor":12,"key":"Potion Belt"}],"event_choices":[{"damage_healed":0,"gold_gain":0,"player_choice":"Grow","damage_taken":0,"max_hp_gain":0,"max_hp_loss":0,"event_name":"Living Wall","floor":2,"gold_loss":0,"cards_upgraded":["Bash"]},{"damage_healed":0,"gold_gain":75,"player_choice":"Gather Gold","damage_taken":11,"max_hp_gain":0,"max_hp_loss":0,"event_name":"World of Goop","floor":4,"gold_loss":0},{"damage_healed":0,"gold_gain":0,"player_choice":"Take Damage","damage_taken":20,"relics_obtained":["Golden Idol"],"max_hp_gain":0,"max_hp_loss":0,"event_name":"Golden Idol","floor":5,"gold_loss":0},{"cards_removed":["Defend_R"],"damage_healed":0,"gold_gain":0,"player_choice":"Card Removal","damage_taken":0,"max_hp_gain":0,"max_hp_loss":0,"event_name":"The Cleric","floor":11,"gold_loss":50}],"is_beta":true,"boss_relics":[],"items_purged_floors":[13],"is_endless":false,"potions_floor_spawned":[3,7],"killed_by":"The Guardian","ascension_level":0}