{"gold_per_floor":[118,67,77,77,93,122,141,141,141,106,176,186,186,203,203,277,277,294,694,744,359,385,385,415,415,469,154,172,172,117,142,142,142],"floor_reached":33,"playtime":1094,"items_purged":["Strike_G","Defend_G"],"score":562,"play_id":"469ee5c3-de63-4875-b25b-424b4d956945","local_time":"20190121214919","is_ascension_mode":true,"campfire_choices":[{"data":"Dagger Spray","floor":8.0,"key":"SMITH"},{"data":"Neutralize","floor":13.0,"key":"SMITH"},{"data":"Poisoned Stab","floor":15.0,"key":"SMITH"},{"floor":23.0,"key":"REST"},{"floor":29.0,"key":"REST"},{"floor":32,"key":"REST"}],"neow_cost":"NONE","seed_source_timestamp":0,"circlet_count":0,"master_deck":["AscendersBane","Defend_G","Defend_G","Strike_G","Strike_G","Survivor","Neutralize+1","Backstab","Poisoned Stab+1","Leg Sweep","Heel Hook","Dagger Spray+1","Bullet Time","Dash+1","Glass Knife+1","Glass Knife+1","Well Laid Plans","Catalyst","Deadly Poison","Cloak And Dagger","Backflip","Adrenaline"],"special_seed":0,"relics":["Ring of the Snake","NeowsBlessing","Ancient Tea Set","Snake Skull","Astrolabe","Old Coin","Bottled Flame","Lee\u0027s Waffle","Red Mask","Bottled Lightning","Bag of Preparation","Strawberry","Tiny Chest","WingedGreaves"],"potions_floor_usage":[31,33],"damage_taken":[{"damage":0.0,"enemies":"Cultist","floor":1.0,"turns":1.0},{"damage":0.0,"enemies":"Jaw Worm","floor":3.0,"turns":1.0},{"damage":0.0,"enemies":"2 Louse","floor":5.0,"turns":1.0},{"damage":39.0,"enemies":"3 Sentries","floor":6.0,"turns":13.0},{"damage":0.0,"enemies":"2 Fungi Beasts","floor":7.0,"turns":3.0},{"damage":0.0,"enemies":"Exordium Wildlife","floor":12.0,"turns":3.0},{"damage":0.0,"enemies":"Large Slime","floor":14.0,"turns":6.0},{"damage":29.0,"enemies":"Hexaghost","floor":16.0,"turns":11.0},{"damage":6.0,"enemies":"2 Thieves","floor":18.0,"turns":3.0},{"damage":0.0,"enemies":"Colosseum Slavers","floor":19.0,"turns":4.0},{"damage":8.0,"enemies":"Colosseum Nobs","floor":19.0,"turns":3.0},{"damage":28.0,"enemies":"Masked Bandits","floor":22.0,"turns":4.0},{"damage":44.0,"enemies":"Book of Stabbing","floor":24.0,"turns":5.0},{"damage":0.0,"enemies":"Spheric Guardian","floor":28.0,"turns":1.0},{"damage":24,"enemies":"Gremlin Leader","floor":31,"turns":5},{"damage":61,"enemies":"Champ","floor":33,"turns":10}],"seed_played":"7951154541930311724","potions_obtained":[{"floor":4.0,"key":"Poison Potion"},{"floor":4.0,"key":"FairyPotion"},{"floor":5.0,"key":"Swift Potion"},{"floor":7.0,"key":"Energy Potion"},{"floor":16.0,"key":"SteroidPotion"},{"floor":22.0,"key":"EssenceOfSteel"},{"floor":24.0,"key":"LiquidBronze"}],"is_trial":false,"path_per_floor":["$","?","M","?","?","?","?","?","?","M","?"],"character_chosen":"THE_SILENT","items_purchased":["Poisoned Stab","Lee\u0027s Waffle","Catalyst","Deadly Poison","Strawberry","Backflip"],"campfire_rested":3,"item_purchase_floors":[2,21,21,21,27,27],"current_hp_per_floor":[59,59,59,59,59,20,20,20,20,36,36,36,36,36,36,7,51,45,37,37,73,45,66,22,22,22,29,29,53,53,29,53,0],"gold":142,"neow_bonus":"THREE_ENEMY_KILL","is_prod":false,"is_daily":false,"chose_seed":false,"campfire_upgraded":3,"win_rate":0,"timestamp":1548103759,"path_taken":["M","?","M","?","?","E","M","R","T","?","?","M","R","M","R","BOSS","M","?","?","$","?","R","E","?","T","$","?","R","?","E","R","BOSS"],"build_version":"2019-01-20","purchased_purges":2,"victory":false,"max_hp_per_floor":[66,66,66,66,66,66,66,66,66,66,66,66,66,66,66,66,66,66,66,66,73,73,73,73,73,73,80,80,80,80,80,80,80],"card_choices":[{"not_picked":["Flying Knee","Blade Dance"],"picked":"Backstab","floor":1.0},{"not_picked":["Crippling Poison","Bane"],"picked":"Leg Sweep","floor":3.0},{"not_picked":["Backflip","Deadly Poison"],"picked":"Heel Hook","floor":5.0},{"not_picked":["Heel Hook","Prepared"],"picked":"Dagger Spray","floor":6.0},{"not_picked":["Tactician","Deflect","Riddle With Holes"],"picked":"SKIP","floor":7.0},{"not_picked":["Bane","Distraction","Underhanded Strike"],"picked":"SKIP","floor":12.0},{"not_picked":["Endless Agony","Bane","Underhanded Strike"],"picked":"SKIP","floor":14.0},{"not_picked":["Unload","A Thousand Cuts"],"picked":"Bullet Time","floor":16.0},{"not_picked":["Sucker Punch","Reflex","Endless Agony"],"picked":"SKIP","floor":18.0},{"not_picked":["Prepared","Outmaneuver"],"picked":"Well Laid Plans","floor":19.0},{"not_picked":["Setup+1","Slice"],"picked":"Cloak And Dagger","floor":22.0},{"not_picked":["Deadly Poison","Dodge and Roll","Sucker Punch"],"picked":"SKIP","floor":24.0},{"not_picked":["Underhanded Strike","Flying Knee+1"],"picked":"Adrenaline","floor":28.0},{"not_picked":["Skewer+1","Dodge and Roll","Escape Plan"],"picked":"SKIP","floor":31}],"player_experience":1071567,"relics_obtained":[{"floor":6.0,"key":"Ancient Tea Set"},{"floor":9.0,"key":"Snake Skull"},{"floor":19.0,"key":"Old Coin"},{"floor":19.0,"key":"Bottled Flame"},{"floor":22.0,"key":"Red Mask"},{"floor":24.0,"key":"Bottled Lightning"},{"floor":26.0,"key":"Bag of Preparation"},{"floor":31,"key":"WingedGreaves"}],"event_choices":[{"damage_healed":0.0,"max_hp_gain":0.0,"max_hp_loss":0.0,"gold_gain":0.0,"event_name":"Lab","player_choice":"Got Potions","floor":4.0,"gold_loss":0.0,"damage_taken":0.0},{"damage_healed":16.0,"max_hp_gain":0.0,"max_hp_loss":0.0,"gold_gain":0.0,"event_name":"The Cleric","player_choice":"Healed","floor":10.0,"gold_loss":35.0,"damage_taken":0.0},{"damage_healed":0.0,"max_hp_gain":0.0,"max_hp_loss":0.0,"gold_gain":70.0,"event_name":"Golden Wing","player_choice":"Gained Gold","floor":11.0,"gold_loss":0.0,"damage_taken":0.0},{"damage_healed":0.0,"max_hp_gain":0.0,"max_hp_loss":0.0,"gold_gain":0.0,"event_name":"Colosseum","player_choice":"Fight","floor":19.0,"gold_loss":0.0,"damage_taken":0.0},{"damage_healed":0.0,"max_hp_gain":0.0,"max_hp_loss":0.0,"gold_gain":0.0,"event_name":"Colosseum","player_choice":"Fought Nobs","floor":19.0,"gold_loss":0.0,"damage_taken":0.0},{"damage_healed":0.0,"max_hp_gain":0.0,"max_hp_loss":0.0,"gold_gain":50.0,"event_name":"Nest","player_choice":"Stole From Cult","floor":20.0,"gold_loss":0.0,"damage_taken":0.0},{"damage_healed":0.0,"max_hp_gain":0.0,"max_hp_loss":0.0,"gold_gain":0.0,"event_name":"Masked Bandits","player_choice":"Fought Bandits","floor":22.0,"gold_loss":0.0,"damage_taken":0.0},{"cards_removed":["Strike_G"],"damage_healed":0.0,"max_hp_gain":0.0,"max_hp_loss":0.0,"gold_gain":0.0,"event_name":"Purifier","player_choice":"Purged","floor":25.0,"gold_loss":0.0,"damage_taken":0.0},{"damage_healed":0.0,"max_hp_gain":0.0,"max_hp_loss":0.0,"gold_gain":0.0,"event_name":"Addict","player_choice":"Obtained Relic","floor":30.0,"gold_loss":85.0,"damage_taken":0.0,"relics_obtained":["Tiny Chest"]}],"is_beta":true,"boss_relics":[{"not_picked":["Ring of the Serpent","Lizard Tail"],"picked":"Astrolabe"}],"items_purged_floors":[21,27],"is_endless":false,"potions_floor_spawned":[5,7,14,16,19,22,24],"killed_by":"Champ","ascension_level":20}