{"gold_per_floor":[109,109,120,136,148,148,173,173,251,277,293,26,26,26,26,127,127,138,150,12,12,27,57,74,74,74,74,5,35,35,35,35,131,131,142,1141,1161,1161,437,437,437],"floor_reached":41,"playtime":3235,"items_purged":["Strike_R","Defend_R","Normality"],"score":681,"play_id":"a4501977-6e4b-4ea9-86ca-7a3d18241676","local_time":"20190501135006","is_ascension_mode":true,"campfire_choices":[{"data":"Armaments","floor":6,"key":"SMITH"},{"data":"Spot Weakness","floor":8,"key":"SMITH"},{"data":"True Grit","floor":13,"key":"SMITH"},{"data":"Ghostly Armor","floor":15,"key":"SMITH"},{"data":"Shockwave","floor":27,"key":"SMITH"},{"floor":30,"key":"REST"},{"data":"Limit Break","floor":32,"key":"SMITH"},{"data":"Havoc","floor":40,"key":"SMITH"}],"neow_cost":"NONE","seed_source_timestamp":277230108502074,"circlet_count":0,"master_deck":["AscendersBane","Strike_R+1","Strike_R+1","Defend_R+1","Defend_R+1","Bash+1","Cleave","Spot Weakness+1","Armaments+1","Ghostly Armor+1","Impervious","True Grit+1","Demon Form+1","Pummel+1","Iron Wave+1","Carnage+1","Whirlwind+1","Battle Trance","Impervious","Shockwave+1","Metallicize","Limit Break+1","Offering","Warcry+1","Normality","Shrug It Off","Flame Barrier","Havoc+1"],"relics":["Black Blood","War Paint","Gambling Chip","Mercury Hourglass","Dream Catcher","Whetstone","Question Card","Astrolabe","Ornamental Fan","Pantograph","Happy Flower","Strawberry","Bronze Scales","TheAbacus"],"potions_floor_usage":[7,18,29,29,35,41],"damage_taken":[{"damage":8,"enemies":"2 Louse","floor":1,"turns":3},{"damage":0,"enemies":"Cultist","floor":3,"turns":3},{"damage":10,"enemies":"Small Slimes","floor":4,"turns":3},{"damage":11,"enemies":"Exordium Thugs","floor":5,"turns":4},{"damage":30,"enemies":"Gremlin Nob","floor":7,"turns":4},{"damage":30,"enemies":"Lagavulin","floor":10,"turns":4},{"damage":0,"enemies":"2 Fungi Beasts","floor":11,"turns":2},{"damage":20,"enemies":"Slime Boss","floor":16,"turns":13},{"damage":7,"enemies":"Shell Parasite","floor":18,"turns":4},{"damage":3,"enemies":"Spheric Guardian","floor":19,"turns":5},{"damage":6,"enemies":"Cultist and Chosen","floor":22,"turns":5},{"damage":26,"enemies":"Gremlin Leader","floor":23,"turns":6},{"damage":0,"enemies":"Chosen and Byrds","floor":24,"turns":6},{"damage":50,"enemies":"Slavers","floor":29,"turns":6},{"damage":6,"enemies":"Collector","floor":33,"turns":7},{"damage":15,"enemies":"Orb Walker","floor":35,"turns":4},{"damage":36,"enemies":"3 Darklings","floor":37,"turns":5},{"damage":52,"enemies":"Transient","floor":41,"turns":4}],"seed_played":"1572344761538426865","potions_obtained":[{"floor":1,"key":"Energy Potion"},{"floor":5,"key":"GamblersBrew"},{"floor":7,"key":"GamblersBrew"},{"floor":10,"key":"GamblersBrew"},{"floor":16,"key":"LiquidBronze"},{"floor":18,"key":"SkillPotion"},{"floor":22,"key":"SkillPotion"},{"floor":24,"key":"Swift Potion"},{"floor":35,"key":"SkillPotion"}],"is_trial":false,"path_per_floor":["M","?","M","M","M","R","E","R","T","E","M","$","R","T","R","B",null,"M","M","$","?","M","E","M","$","T","R","$","E","R","?","R","B",null,"M","?","M","?","$","R","M"],"character_chosen":"IRONCLAD","items_purchased":["Whetstone","True Grit","Battle Trance","Metallicize","Strawberry","Bronze Scales","TheAbacus","Flame Barrier","Havoc"],"campfire_rested":1,"item_purchase_floors":[12,12,20,28,39,39,39,39,39],"current_hp_per_floor":[70,70,76,72,67,67,43,43,43,19,25,25,25,25,25,11,63,62,65,65,65,65,45,51,51,51,51,51,7,31,31,31,56,74,69,69,43,43,50,50,0],"gold":437,"neow_bonus":"RANDOM_COMMON_RELIC","is_prod":false,"is_daily":false,"chose_seed":false,"campfire_upgraded":7,"win_rate":0,"timestamp":1556754606,"path_taken":["M","?","?","M","M","R","E","R","T","E","M","$","R","?","R","BOSS","M","M","$","?","M","E","M","$","T","R","?","E","R","?","R","BOSS","M","?","M","?","$","R","M"],"build_version":"2019-01-23","purchased_purges":3,"victory":false,"max_hp_per_floor":[80,80,80,80,80,80,80,80,80,80,80,80,80,80,80,80,80,80,80,80,80,80,80,80,80,80,80,80,80,80,80,80,80,80,80,80,80,76,83,83,83],"card_choices":[{"not_picked":["Rage","Flex"],"picked":"Cleave","floor":1},{"not_picked":["Armaments","True Grit"],"picked":"Spot Weakness","floor":3},{"not_picked":["Intimidate","Flex"],"picked":"Armaments","floor":4},{"not_picked":["Flex","Pommel Strike"],"picked":"Ghostly Armor","floor":5},{"not_picked":["Cleave","Anger","Headbutt"],"picked":"SKIP","floor":7},{"not_picked":["Sentinel","Havoc"],"picked":"Impervious","floor":10},{"not_picked":["Warcry","Clash","Thunderclap"],"picked":"SKIP","floor":11},{"not_picked":["Bludgeon","Brutality","Exhume"],"picked":"Demon Form","floor":16},{"not_picked":["Cleave+1","Hemokinesis","Headbutt+1","Clothesline"],"picked":"SKIP","floor":18},{"not_picked":["Blood for Blood","Flex","Sever Soul"],"picked":"Whirlwind+1","floor":19},{"not_picked":["Anger+1","Cleave+1","Pommel Strike","Havoc"],"picked":"SKIP","floor":22},{"not_picked":["Anger+1","Cleave+1","Pommel Strike","Havoc"],"picked":"SKIP","floor":22},{"not_picked":["Perfected Strike","Warcry","Sever Soul"],"picked":"Impervious","floor":23},{"not_picked":["Seeing Red","Evolve","Heavy Blade"],"picked":"Shockwave","floor":24},{"not_picked":["Flex","Clash","Body Slam"],"picked":"Limit Break","floor":29},{"not_picked":["Fiend Fire","Immolate","Feed"],"picked":"Offering","floor":33},{"not_picked":["Heavy Blade+1","Cleave+1","Iron Wave"],"picked":"Warcry+1","floor":35},{"not_picked":["Double Tap","Clothesline+1","Anger"],"picked":"Shrug It Off","floor":37}],"player_experience":356028,"relics_obtained":[{"floor":7,"key":"Gambling Chip"},{"floor":9,"key":"Mercury Hourglass"},{"floor":10,"key":"Dream Catcher"},{"floor":14,"key":"Question Card"},{"floor":23,"key":"Ornamental Fan"},{"floor":26,"key":"Pantograph"},{"floor":29,"key":"Happy Flower"}],"event_choices":[{"damage_healed":0,"gold_gain":0,"player_choice":"Upgraded","damage_taken":0,"max_hp_gain":0,"max_hp_loss":0,"event_name":"Upgrade Shrine","floor":2,"gold_loss":0,"cards_upgraded":["Bash"]},{"damage_healed":0,"gold_gain":0,"player_choice":"Upgraded","damage_taken":0,"max_hp_gain":0,"max_hp_loss":0,"event_name":"Upgrade Shrine","floor":21,"gold_loss":0,"cards_upgraded":["Demon Form"]},{"damage_healed":0,"gold_gain":0,"player_choice":"Ignored","damage_taken":0,"max_hp_gain":0,"max_hp_loss":0,"event_name":"Vampires","floor":31,"gold_loss":0},{"damage_healed":0,"gold_gain":999,"player_choice":"Gold","damage_taken":0,"max_hp_gain":0,"max_hp_loss":0,"event_name":"MindBloom","floor":36,"gold_loss":0,"cards_obtained":["Normality","Normality"]},{"damage_healed":0,"gold_gain":0,"player_choice":"Max HP","damage_taken":0,"max_hp_gain":0,"max_hp_loss":4,"event_name":"Winding Halls","floor":38,"gold_loss":0}],"is_beta":false,"boss_relics":[{"not_picked":["Ectoplasm","Philosopher\u0027s Stone"],"picked":"Astrolabe"},{"not_picked":["White Beast Statue","Runic Dome"],"picked":"Black Blood"}],"items_purged_floors":[12,20,39],"is_endless":false,"potions_floor_spawned":[1,5,7,10,16,18,22,24,35],"killed_by":"Transient","ascension_level":10}