{"gold_per_floor":[114,125,139,153,153,185,185,185,208,242,257,273,273],"floor_reached":13,"playtime":476,"items_purged":[],"score":121,"play_id":"da5ebf8b-fe66-41a1-901b-a6c90d856a19","local_time":"20180729161528","is_ascension_mode":true,"campfire_choices":[{"data":"Noxious Fumes","floor":7.0,"key":"SMITH"}],"neow_cost":"NONE","seed_source_timestamp":0,"circlet_count":0,"master_deck":["Defend_G","Defend_G","Defend_G","Defend_G","Defend_G","Strike_G","Strike_G","Strike_G","Strike_G","Survivor","Neutralize+1","Cloak And Dagger","Quick Slash","All Out Attack","Noxious Fumes+1"],"special_seed":0,"relics":["Ring of the Snake","Snake Skull","Anchor","Omamori","Potion Belt"],"potions_floor_usage":[],"damage_taken":[{"damage":4.0,"enemies":"2 Louse","floor":1.0,"turns":3.0},{"damage":4.0,"enemies":"Jaw Worm","floor":2.0,"turns":4.0},{"damage":0.0,"enemies":"Cultist","floor":3.0,"turns":3.0},{"damage":0.0,"enemies":"2 Fungi Beasts","floor":4.0,"turns":3.0},{"damage":25.0,"enemies":"Gremlin Nob","floor":6.0,"turns":5.0},{"damage":9.0,"enemies":"3 Sentries","floor":10.0,"turns":5.0},{"damage":0.0,"enemies":"Lots of Slimes","floor":11.0,"turns":2.0},{"damage":6.0,"enemies":"Exordium Thugs","floor":12.0,"turns":4.0},{"damage":33,"enemies":"Gremlin Nob","floor":13,"turns":4}],"seed_played":"-299818617117326816","potions_obtained":[{"floor":3.0,"key":"Strength Potion"},{"floor":4.0,"key":"SkillPotion"}],"is_trial":false,"path_per_floor":["M","M","M","M","?","E","R","?","T","E","M","M"],"character_chosen":"THE_SILENT","items_purchased":[],"campfire_rested":0,"item_purchase_floors":[],"current_hp_per_floor":[66,62,62,62,59,34,34,27,27,18,18,12,0],"gold":273,"neow_bonus":"UPGRADE_CARD","is_prod":false,"is_daily":false,"chose_seed":false,"campfire_upgraded":1,"win_rate":0,"timestamp":1532906128,"path_taken":["M","M","M","M","?","E","R","?","T","E","M","?","E"],"build_version":"2018-07-26","purchased_purges":0,"victory":false,"max_hp_per_floor":[70,70,70,70,70,70,70,70,70,70,70,70,70],"card_choices":[{"not_picked":["Flying Knee","Crippling Poison"],"picked":"Cloak And Dagger","floor":1.0},{"not_picked":["Dodge and Roll","Masterful Stab"],"picked":"Quick Slash","floor":2.0},{"not_picked":["Outmaneuver","Bane","Quick Slash"],"picked":"SKIP","floor":3.0},{"not_picked":["Poisoned Stab","Flying Knee"],"picked":"All Out Attack","floor":4.0},{"not_picked":["Backflip","Tools of the Trade"],"picked":"Noxious Fumes","floor":6.0},{"not_picked":["Blade Dance","Acrobatics","Quick Slash"],"picked":"SKIP","floor":10.0},{"not_picked":["Dodge and Roll","Underhanded Strike","Slice"],"picked":"SKIP","floor":11.0},{"not_picked":["Poisoned Stab","Dodge and Roll","Flechettes"],"picked":"SKIP","floor":12.0}],"player_experience":195629,"relics_obtained":[{"floor":6.0,"key":"Anchor"},{"floor":9.0,"key":"Omamori"},{"floor":10.0,"key":"Potion Belt"}],"event_choices":[{"event_name":"Scrap Ooze","player_choice":"success","floor":5.0,"damage_taken":3.0},{"event_name":"Golden Wing","player_choice":"Card Removal","floor":8.0,"damage_taken":0.0}],"is_beta":true,"boss_relics":[],"items_purged_floors":[],"is_endless":false,"potions_floor_spawned":[3,4],"killed_by":"Gremlin Nob","ascension_level":5}