{"gold_per_floor":[114,114,127,127,52,80,80,100,100,130,53,66,99,99,99,178,178,189,205,205,205,218,218,232,232,232,245,274,274,292,302,302,302],"floor_reached":33,"playtime":753,"items_purged":[],"score":624,"play_id":"714ffae3-676b-485c-a619-65dc019b54be","local_time":"20190421193709","is_ascension_mode":true,"campfire_choices":[{"data":"Bash","floor":7,"key":"SMITH"},{"data":"Inflame","floor":15,"key":"SMITH"},{"floor":23,"key":"REST"},{"data":"Heavy Blade","floor":25,"key":"SMITH"},{"data":"Limit Break","floor":32,"key":"SMITH"}],"neow_cost":"NONE","seed_source_timestamp":972835004089700,"circlet_count":0,"master_deck":["AscendersBane","Strike_R","Strike_R","Strike_R","Strike_R","Strike_R","Defend_R","Defend_R","Defend_R","Bash+1","True Grit","Sword Boomerang","Twin Strike","Heavy Blade+1","Inflame+1","Immolate","Shrug It Off","True Grit+1","Limit Break+1"],"relics":["Burning Blood","NeowsBlessing","Kunai","PreservedInsect","Red Skull","Lantern","CultistMask","Velvet Choker","Orichalcum","Gremlin Horn"],"potions_floor_usage":[16,16,27,31],"damage_taken":[{"damage":0,"enemies":"2 Louse","floor":1,"turns":1},{"damage":0,"enemies":"Small Slimes","floor":3,"turns":1},{"damage":0,"enemies":"Gremlin Nob","floor":6,"turns":1},{"damage":0,"enemies":"Cultist","floor":8,"turns":3},{"damage":22,"enemies":"3 Sentries","floor":10,"turns":5},{"damage":9,"enemies":"2 Fungi Beasts","floor":12,"turns":3},{"damage":20,"enemies":"Lagavulin","floor":13,"turns":4},{"damage":32,"enemies":"Hexaghost","floor":16,"turns":5},{"damage":0,"enemies":"Chosen","floor":18,"turns":3},{"damage":22,"enemies":"2 Thieves","floor":19,"turns":2},{"damage":12,"enemies":"Chosen and Byrds","floor":22,"turns":3},{"damage":2,"enemies":"Centurion and Healer","floor":24,"turns":5},{"damage":6,"enemies":"Cultist and Chosen","floor":27,"turns":5},{"damage":27,"enemies":"Gremlin Leader","floor":28,"turns":4},{"damage":1,"enemies":"Snecko","floor":30,"turns":3},{"damage":12,"enemies":"Snake Plant","floor":31,"turns":3},{"damage":63,"enemies":"Automaton","floor":33,"turns":6}],"seed_played":"1858682085386666952","potions_obtained":[{"floor":1,"key":"LiquidBronze"},{"floor":3,"key":"Energy Potion"},{"floor":19,"key":"Energy Potion"},{"floor":22,"key":"Weak Potion"},{"floor":30,"key":"Fire Potion"}],"is_trial":false,"path_per_floor":["M","?","M","?","?","E","R","M","T","E","$","M","E","?","R","B",null,"M","M","?","?","M","R","M","R","T","M","E","?","M","M","R","B"],"character_chosen":"IRONCLAD","items_purchased":["Inflame"],"campfire_rested":1,"item_purchase_floors":[11],"current_hp_per_floor":[74,74,75,68,68,74,74,75,75,59,59,56,42,42,42,16,60,66,50,50,29,23,47,51,51,51,51,30,46,51,45,45,0],"gold":302,"neow_bonus":"THREE_ENEMY_KILL","is_prod":false,"is_daily":false,"chose_seed":false,"campfire_upgraded":4,"win_rate":0,"timestamp":1555868229,"path_taken":["M","?","M","?","?","E","R","M","T","E","$","M","E","?","R","BOSS","M","M","?","?","M","R","M","R","T","M","E","?","M","M","R","BOSS"],"build_version":"2019-04-20","purchased_purges":0,"victory":false,"max_hp_per_floor":[75,75,75,75,75,75,75,75,75,75,75,75,75,75,75,75,75,75,75,75,80,80,80,80,80,80,80,80,80,80,80,80,80],"card_choices":[{"not_picked":["Corruption","Hemokinesis","Fire Breathing"],"picked":"SKIP","floor":1},{"not_picked":["Havoc","Blood for Blood"],"picked":"True Grit","floor":3},{"not_picked":["Wild Strike","Entrench"],"picked":"Sword Boomerang","floor":6},{"not_picked":["Flex","Armaments"],"picked":"Twin Strike","floor":8},{"not_picked":["Bloodletting","Metallicize"],"picked":"Heavy Blade","floor":10},{"not_picked":["Combust","Exhume","Havoc"],"picked":"SKIP","floor":12},{"not_picked":["Headbutt","Bloodletting","Flex"],"picked":"SKIP","floor":13},{"not_picked":["Exhume","Juggernaut"],"picked":"Immolate","floor":16},{"not_picked":["Iron Wave","Burning Pact"],"picked":"Shrug It Off","floor":18},{"not_picked":["Perfected Strike","Ghostly Armor+1","Cleave"],"picked":"SKIP","floor":19},{"not_picked":["Heavy Blade","Hemokinesis+1","Thunderclap"],"picked":"SKIP","floor":22},{"not_picked":["Rupture","Warcry+1"],"picked":"True Grit+1","floor":24},{"not_picked":["Flex","Disarm","Cleave"],"picked":"SKIP","floor":27},{"not_picked":["Twin Strike","Armaments"],"picked":"Limit Break","floor":28},{"not_picked":["Rage","Pommel Strike","Evolve"],"picked":"SKIP","floor":30},{"not_picked":["Rage","Armaments","Heavy Blade"],"picked":"SKIP","floor":31}],"player_experience":1409147,"relics_obtained":[{"floor":6,"key":"PreservedInsect"},{"floor":10,"key":"Red Skull"},{"floor":13,"key":"Lantern"},{"floor":26,"key":"Orichalcum"},{"floor":28,"key":"Gremlin Horn"}],"event_choices":[{"damage_healed":0,"gold_gain":0,"player_choice":"Box","damage_taken":0,"relics_obtained":["Kunai"],"max_hp_gain":0,"max_hp_loss":0,"event_name":"Big Fish","floor":2,"gold_loss":0,"cards_obtained":["Regret"]},{"cards_removed":["Regret"],"damage_healed":0,"gold_gain":0,"player_choice":"Card Removal","damage_taken":7,"max_hp_gain":0,"max_hp_loss":0,"event_name":"Golden Wing","floor":4,"gold_loss":0},{"cards_removed":["Defend_R"],"damage_healed":0,"gold_gain":0,"player_choice":"Card Removal","damage_taken":0,"max_hp_gain":0,"max_hp_loss":0,"event_name":"The Cleric","floor":5,"gold_loss":75},{"damage_healed":0,"gold_gain":0,"player_choice":"Trade","damage_taken":0,"relics_obtained":["CultistMask"],"max_hp_gain":0,"max_hp_loss":0,"event_name":"FaceTrader","floor":14,"gold_loss":0},{"damage_healed":0,"gold_gain":0,"player_choice":"Ignored","damage_taken":0,"max_hp_gain":0,"max_hp_loss":0,"event_name":"Ghosts","floor":20,"gold_loss":0},{"damage_healed":0,"gold_gain":0,"player_choice":"Shed Blood","damage_taken":26,"max_hp_gain":5,"max_hp_loss":0,"event_name":"Forgotten Altar","floor":21,"gold_loss":0},{"damage_healed":16,"gold_gain":0,"player_choice":"Heal","damage_taken":0,"max_hp_gain":0,"max_hp_loss":0,"event_name":"The Library","floor":29,"gold_loss":0}],"is_beta":true,"boss_relics":[{"not_picked":["Calling Bell","Runic Pyramid"],"picked":"Velvet Choker"}],"items_purged_floors":[],"is_endless":false,"potions_floor_spawned":[1,3,8,19,22,30],"killed_by":"Automaton","ascension_level":20}