{"gold_per_floor":[119,119,119,119,119,152,152,152,152,152,152,196,196,209,209,302,302,321,345,369,38,53,93,109,123,150,150,165,180,95,118,118,118],"floor_reached":33,"playtime":897,"items_purged":["Corruption"],"score":654,"play_id":"598c4e0e-9ce4-428c-b31d-b78b173d2bd7","local_time":"20190412201942","is_ascension_mode":true,"campfire_choices":[{"data":"Strike_R","floor":8.0,"key":"SMITH"},{"data":"Strike_R","floor":10.0,"key":"SMITH"},{"data":"Immolate","floor":13.0,"key":"SMITH"},{"data":"Inflame","floor":15.0,"key":"SMITH"},{"floor":27,"key":"REST"},{"floor":32,"key":"REST"}],"neow_cost":"NONE","seed_source_timestamp":0,"circlet_count":0,"master_deck":["AscendersBane","Bash+1","Immolate+1","Inflame+1","Offering+1","Cleave","Cleave","Brutality","Feel No Pain","Juggernaut","Rage","Flame Barrier+1","Iron Wave","Pummel","True Grit+1","Heavy Blade","Inflame"],"special_seed":0,"relics":["Burning Blood","NeowsBlessing","Golden Idol","Shuriken","StoneCalendar","Bag of Marbles","Pandora\u0027s Box","Vajra","Juzu Bracelet","Potion Belt","War Paint"],"potions_floor_usage":[23,24,31],"damage_taken":[{"damage":0.0,"enemies":"Small Slimes","floor":1.0,"turns":1.0},{"damage":0.0,"enemies":"3 Sentries","floor":6.0,"turns":2.0},{"damage":0.0,"enemies":"Gremlin Nob","floor":12.0,"turns":1.0},{"damage":0.0,"enemies":"2 Louse","floor":14.0,"turns":2.0},{"damage":14.0,"enemies":"Slime Boss","floor":16.0,"turns":7.0},{"damage":0.0,"enemies":"2 Thieves","floor":18.0,"turns":1.0},{"damage":12.0,"enemies":"3 Byrds","floor":19.0,"turns":3.0},{"damage":27.0,"enemies":"Snake Plant","floor":20.0,"turns":3.0},{"damage":0.0,"enemies":"Cultist and Chosen","floor":22.0,"turns":3.0},{"damage":17,"enemies":"Slavers","floor":23,"turns":5},{"damage":6,"enemies":"3 Cultists","floor":24,"turns":2},{"damage":30,"enemies":"Snake Plant","floor":25,"turns":3},{"damage":12,"enemies":"Centurion and Healer","floor":28,"turns":5},{"damage":24,"enemies":"Snecko","floor":29,"turns":3},{"damage":21,"enemies":"Shelled Parasite and Fungi","floor":31,"turns":5},{"damage":39,"enemies":"Champ","floor":33,"turns":9}],"seed_played":"4538494414400096689","potions_obtained":[{"floor":11.0,"key":"GamblersBrew"},{"floor":11.0,"key":"SmokeBomb"},{"floor":12.0,"key":"SneckoOil"},{"floor":16.0,"key":"Block Potion"},{"floor":18.0,"key":"Strength Potion"},{"floor":20.0,"key":"SpeedPotion"},{"floor":24,"key":"Fruit Juice"},{"floor":29,"key":"Explosive Potion"}],"is_trial":false,"path_per_floor":["M","$","?","$","?","E","?","R","T","R","?","E","R","M","R","B",null,"M","M","M","$","M","E","M","M","T","R","M","M","?","M","R","B"],"character_chosen":"IRONCLAD","items_purchased":["Vajra","Pummel"],"campfire_rested":2,"item_purchase_floors":[21,21],"current_hp_per_floor":[74,74,74,74,48,54,54,54,54,54,54,60,60,66,66,58,71,75,69,48,48,54,43,48,24,24,48,42,24,24,9,33,0],"gold":118,"neow_bonus":"THREE_ENEMY_KILL","is_prod":false,"is_daily":false,"chose_seed":false,"campfire_upgraded":4,"win_rate":0,"timestamp":1555093182,"path_taken":["M","$","?","$","?","E","?","R","T","R","?","E","R","M","R","BOSS","M","M","M","$","?","E","M","M","T","R","M","M","?","M","R","BOSS"],"build_version":"2019-04-04","purchased_purges":1,"victory":false,"max_hp_per_floor":[75,75,75,75,75,75,75,75,75,75,75,75,75,75,75,75,75,75,75,75,75,75,75,80,80,80,80,80,80,80,80,80,80],"card_choices":[{"not_picked":["Perfected Strike","Headbutt","True Grit"],"picked":"SKIP","floor":1.0},{"not_picked":["Fire Breathing","Headbutt","Wild Strike"],"picked":"SKIP","floor":6.0},{"not_picked":["Twin Strike","Anger"],"picked":"Immolate","floor":12.0},{"not_picked":["Thunderclap","Shrug It Off"],"picked":"Inflame","floor":14.0},{"not_picked":["Exhume","Dark Embrace"],"picked":"Offering","floor":16.0},{"not_picked":["Evolve","Cleave","Pommel Strike"],"picked":"SKIP","floor":18.0},{"not_picked":["True Grit","Anger","Warcry"],"picked":"SKIP","floor":19.0},{"not_picked":["Dual Wield","Wild Strike","Armaments+1"],"picked":"SKIP","floor":20.0},{"not_picked":["Anger","Cleave","Twin Strike"],"picked":"SKIP","floor":22.0},{"not_picked":["Dark Embrace","Flex+1","Searing Blow"],"picked":"SKIP","floor":23},{"not_picked":["Pommel Strike","Sentinel","True Grit"],"picked":"SKIP","floor":24},{"not_picked":["Twin Strike","Fire Breathing"],"picked":"True Grit+1","floor":25},{"not_picked":["Whirlwind","Dark Embrace"],"picked":"Heavy Blade","floor":28},{"not_picked":["Havoc","Iron Wave"],"picked":"Inflame","floor":29},{"not_picked":["Pommel Strike+1","Combust","Wild Strike"],"picked":"SKIP","floor":31}],"player_experience":1374817,"relics_obtained":[{"floor":6.0,"key":"Shuriken"},{"floor":9.0,"key":"StoneCalendar"},{"floor":12.0,"key":"Bag of Marbles"},{"floor":23,"key":"Juzu Bracelet"},{"floor":26,"key":"Potion Belt"}],"event_choices":[{"damage_healed":0.0,"max_hp_gain":0.0,"max_hp_loss":0.0,"gold_gain":0.0,"event_name":"Living Wall","player_choice":"Grow","floor":3.0,"gold_loss":0.0,"damage_taken":0.0,"cards_upgraded":["Bash"]},{"damage_healed":0.0,"max_hp_gain":0.0,"max_hp_loss":0.0,"gold_gain":0.0,"event_name":"Golden Idol","player_choice":"Take Damage","floor":5.0,"gold_loss":0.0,"damage_taken":26.0,"relics_obtained":["Golden Idol"]},{"damage_healed":0.0,"max_hp_gain":0.0,"max_hp_loss":0.0,"gold_gain":0.0,"event_name":"Liars Game","player_choice":"Ignored","floor":7.0,"gold_loss":0.0,"damage_taken":0.0},{"damage_healed":0.0,"max_hp_gain":0.0,"max_hp_loss":0.0,"gold_gain":0.0,"event_name":"Lab","player_choice":"Got Potions","floor":11.0,"gold_loss":0.0,"damage_taken":0.0},{"damage_healed":0,"gold_gain":0,"player_choice":"Obtained Relic","damage_taken":0,"relics_obtained":["War Paint"],"max_hp_gain":0,"max_hp_loss":0,"event_name":"Addict","floor":30,"gold_loss":85}],"is_beta":true,"boss_relics":[{"not_picked":["Orrery","Philosopher\u0027s Stone"],"picked":"Pandora\u0027s Box"}],"items_purged_floors":[21],"is_endless":false,"potions_floor_spawned":[12,14,16,18,20,24,29],"killed_by":"Champ","ascension_level":20}