{"gold_per_floor":[115,125,200,49,49,77,77,89,115,115,150,168,184,196,196,298,298,316,415,195,195,205,238,273,323,323,338,350,127,152,172,172,172],"floor_reached":33,"playtime":1167,"items_purged":[],"score":508,"play_id":"fdb94364-98b6-486c-9350-7340c7074d88","local_time":"20181123000329","is_ascension_mode":true,"campfire_choices":[{"data":"Armaments","floor":7,"key":"SMITH"},{"data":"Carnage","floor":10,"key":"SMITH"},{"data":"Uppercut","floor":15,"key":"SMITH"},{"floor":32,"key":"RECALL"}],"neow_cost":"NONE","seed_source_timestamp":37017235652400,"circlet_count":0,"master_deck":["AscendersBane","Defend_R","Defend_R","Defend_R","Defend_R","Armaments+1","Carnage+1","Dark Embrace","Flame Barrier","Cleave","Iron Wave","Uppercut+1","Impervious","Body Slam+1","Inflame","Bite","Bite","Bite","Bite","Bite","Shrug It Off","Immolate","Shrug It Off","True Grit","Bludgeon"],"relics":["Burning Blood","NeowsBlessing","Lantern","Oddly Smooth Stone","Regal Pillow","Bag of Preparation","Snecko Eye","Happy Flower","Singing Bowl","Red Mask","FossilizedHelix"],"potions_floor_usage":[16,23,24,30,33],"damage_taken":[{"damage":0,"enemies":"2 Louse","floor":1,"turns":1},{"damage":0,"enemies":"Cultist","floor":2,"turns":1},{"damage":0,"enemies":"3 Sentries","floor":6,"turns":2},{"damage":10,"enemies":"Small Slimes","floor":8,"turns":3},{"damage":24,"enemies":"Gremlin Nob","floor":11,"turns":4},{"damage":0,"enemies":"3 Louse","floor":12,"turns":2},{"damage":0,"enemies":"Blue Slaver","floor":13,"turns":2},{"damage":0,"enemies":"Looter","floor":14,"turns":2},{"damage":30,"enemies":"Hexaghost","floor":16,"turns":12},{"damage":0,"enemies":"3 Byrds","floor":18,"turns":6},{"damage":2,"enemies":"Chosen","floor":22,"turns":3},{"damage":28,"enemies":"Book of Stabbing","floor":23,"turns":6},{"damage":11,"enemies":"Masked Bandits","floor":24,"turns":4},{"damage":16,"enemies":"Centurion and Healer","floor":27,"turns":6},{"damage":14,"enemies":"Sentry and Sphere","floor":28,"turns":4},{"damage":7,"enemies":"Slavers","floor":30,"turns":4},{"damage":0,"enemies":"Chosen and Byrds","floor":31,"turns":4},{"damage":75,"enemies":"Automaton","floor":33,"turns":8}],"seed_played":"8286225564257962722","potions_obtained":[{"floor":1,"key":"SkillPotion"},{"floor":2,"key":"SpeedPotion"},{"floor":12,"key":"Strength Potion"},{"floor":18,"key":"PowerPotion"},{"floor":24,"key":"Strength Potion"},{"floor":28,"key":"SkillPotion"}],"is_trial":false,"path_per_floor":["M","M","?","$","?","E","R","M","T","R","E","M","M","M","R","B",null,"M","?","$","?","M","E","?","?","T","M","M","$","E","M","R","B"],"character_chosen":"IRONCLAD","items_purchased":["Lantern","Happy Flower","Inflame","Immolate","Shrug It Off","True Grit"],"campfire_rested":0,"item_purchase_floors":[4,20,20,29,29,29],"current_hp_per_floor":[78,80,69,69,69,75,75,71,71,71,53,59,65,71,71,47,72,78,78,78,56,56,42,49,49,49,49,52,52,59,66,66,0],"gold":172,"neow_bonus":"THREE_ENEMY_KILL","is_prod":false,"is_daily":false,"chose_seed":false,"campfire_upgraded":3,"win_rate":0,"timestamp":1542960209,"path_taken":["M","M","?","$","?","E","R","M","T","R","E","M","?","?","R","BOSS","M","?","$","?","M","E","?","?","T","M","M","$","E","?","R","BOSS"],"build_version":"2018-11-15","purchased_purges":0,"victory":false,"max_hp_per_floor":[80,80,80,80,80,80,80,80,80,80,80,80,80,80,80,80,80,80,80,80,56,56,58,60,60,60,62,64,64,66,66,66,66],"card_choices":[{"not_picked":["Infernal Blade","Seeing Red"],"picked":"Armaments","floor":1},{"not_picked":["Wild Strike","Sever Soul"],"picked":"Carnage","floor":2},{"not_picked":["True Grit","Burning Pact"],"picked":"Flame Barrier","floor":6},{"not_picked":["Bloodletting","Flex"],"picked":"Cleave","floor":8},{"not_picked":["Reaper","Seeing Red"],"picked":"Iron Wave","floor":11},{"not_picked":["Iron Wave","Rupture"],"picked":"Uppercut","floor":12},{"not_picked":["Second Wind","Cleave","Feel No Pain"],"picked":"SKIP","floor":13},{"not_picked":["Dark Embrace","Reckless Charge","Clash"],"picked":"SKIP","floor":14},{"not_picked":["Juggernaut","Limit Break"],"picked":"Impervious","floor":16},{"not_picked":["Wild Strike","Reckless Charge+1"],"picked":"Body Slam+1","floor":18},{"not_picked":["Power Through","Metallicize"],"picked":"Shrug It Off","floor":22},{"not_picked":["Anger","Armaments","Flex"],"picked":"Singing Bowl","floor":23},{"not_picked":["Clothesline","Iron Wave+1","Wild Strike"],"picked":"Singing Bowl","floor":24},{"not_picked":["Headbutt","Sword Boomerang","Body Slam"],"picked":"Singing Bowl","floor":27},{"not_picked":["Wild Strike","Burning Pact","Rage"],"picked":"Singing Bowl","floor":28},{"not_picked":["Body Slam+1","Thunderclap","Havoc+1"],"picked":"Singing Bowl","floor":30},{"not_picked":["Disarm+1","Warcry"],"picked":"Bludgeon","floor":31}],"player_experience":413665,"relics_obtained":[{"floor":6,"key":"Oddly Smooth Stone"},{"floor":9,"key":"Regal Pillow"},{"floor":11,"key":"Bag of Preparation"},{"floor":23,"key":"Singing Bowl"},{"floor":24,"key":"Red Mask"},{"floor":30,"key":"FossilizedHelix"}],"event_choices":[{"damage_healed":0,"gold_gain":75,"player_choice":"Gather Gold","damage_taken":11,"max_hp_gain":0,"max_hp_loss":0,"event_name":"World of Goop","floor":3,"gold_loss":0},{"damage_healed":0,"gold_gain":0,"cards_transformed":["Bash"],"player_choice":"Transformed","damage_taken":0,"max_hp_gain":0,"max_hp_loss":0,"event_name":"Transmorgrifier","floor":5,"gold_loss":0,"cards_obtained":["Dark Embrace"]},{"damage_healed":0,"gold_gain":99,"player_choice":"Stole From Cult","damage_taken":0,"max_hp_gain":0,"max_hp_loss":0,"event_name":"Nest","floor":19,"gold_loss":0},{"damage_healed":0,"gold_gain":0,"player_choice":"Became a vampire","damage_taken":0,"max_hp_gain":0,"max_hp_loss":24,"event_name":"Vampires","floor":21,"gold_loss":0,"cards_obtained":["Bite","Bite","Bite","Bite","Bite"]},{"damage_healed":0,"gold_gain":0,"player_choice":"Fought Bandits","damage_taken":0,"max_hp_gain":0,"max_hp_loss":0,"event_name":"Masked Bandits","floor":24,"gold_loss":0},{"damage_healed":0,"gold_gain":100,"player_choice":"Bet on Murderer","damage_taken":0,"max_hp_gain":0,"max_hp_loss":0,"event_name":"The Joust","floor":25,"gold_loss":50}],"is_beta":true,"boss_relics":[{"not_picked":["Runic Pyramid","Lizard Tail"],"picked":"Snecko Eye"}],"items_purged_floors":[],"is_endless":false,"potions_floor_spawned":[1,2,12,18,24,28],"killed_by":"Automaton","ascension_level":10}