{"gold_per_floor":[110,123,123,123,123,123,158,171,171,58,58,58,93,113,113,234,234,248,96,119,142,166,204,225,268,314,339,353,628,651,694,694,820,820,833,854,1187,455,472,507,525,525,525,551,551,551,551,567,567,567,567,567,105,136,136],"floor_reached":56,"playtime":2217,"items_purged":["Strike_R","Strike_R","Defend_R"],"score":1404,"play_id":"71a99fd1-0faa-450a-bbbe-c8114a467a17","local_time":"20190309175439","is_ascension_mode":false,"campfire_choices":[{"data":"Bash","floor":6,"key":"SMITH"},{"data":"Inflame","floor":11,"key":"SMITH"},{"data":"Sword Boomerang","floor":15,"key":"SMITH"},{"data":"Limit Break","floor":32,"key":"SMITH"},{"floor":42,"key":"RECALL"},{"data":"Demon Form","floor":47,"key":"SMITH"},{"data":"Rage+1","floor":49,"key":"PURGE"},{"data":"Strike_R","floor":52,"key":"PURGE"}],"neow_cost":"NONE","seed_source_timestamp":616534972055400,"circlet_count":0,"master_deck":["Strike_R+1","Defend_R+1","Bash+1","Shrug It Off+1","Inflame+1","Feed+1","Sword Boomerang+1","Demon Form+1","Immolate+1","Pummel+1","Limit Break+1","Offering","Reaper+1","Shrug It Off+1","Shrug It Off","Flame Barrier"],"relics":["Burning Blood","Dodecahedron","War Paint","Pear","Tiny Chest","Bottled Tornado","Astrolabe","Omamori","Oddly Smooth Stone","Happy Flower","Matryoshka","Black Star","Bag of Preparation","Pen Nib","MealTicket","Lantern","Blood Vial","Art of War","Peace Pipe","Darkstone Periapt","Membership Card","Vajra","Anchor","Orichalcum","Whetstone"],"potions_floor_usage":[16,23,30,31,31,33,39,48,55,55,55],"damage_taken":[{"damage":3,"enemies":"2 Louse","floor":1,"turns":3},{"damage":2,"enemies":"Small Slimes","floor":2,"turns":3},{"damage":24,"enemies":"Gremlin Nob","floor":7,"turns":4},{"damage":3,"enemies":"Cultist","floor":8,"turns":4},{"damage":21,"enemies":"Lagavulin","floor":13,"turns":7},{"damage":3,"enemies":"Gremlin Gang","floor":14,"turns":6},{"damage":26,"enemies":"The Guardian","floor":16,"turns":9},{"damage":14,"enemies":"2 Thieves","floor":18,"turns":5},{"damage":12,"enemies":"Spheric Guardian","floor":20,"turns":5},{"damage":37,"enemies":"Chosen and Byrds","floor":21,"turns":5},{"damage":5,"enemies":"Snecko","floor":22,"turns":5},{"damage":22,"enemies":"Slavers","floor":23,"turns":3},{"damage":9,"enemies":"Sentry and Sphere","floor":24,"turns":4},{"damage":16,"enemies":"Gremlin Leader","floor":25,"turns":5},{"damage":5,"enemies":"Centurion and Healer","floor":27,"turns":7},{"damage":0,"enemies":"Snecko","floor":28,"turns":3},{"damage":4,"enemies":"Cultist and Chosen","floor":30,"turns":5},{"damage":27,"enemies":"Slavers","floor":31,"turns":3},{"damage":44,"enemies":"Automaton","floor":33,"turns":6},{"damage":17,"enemies":"3 Darklings","floor":35,"turns":3},{"damage":19,"enemies":"Orb Walker","floor":36,"turns":3},{"damage":22,"enemies":"Writhing Mass","floor":39,"turns":4},{"damage":50,"enemies":"Reptomancer","floor":40,"turns":4},{"damage":28,"enemies":"Jaw Worm Horde","floor":41,"turns":3},{"damage":50,"enemies":"Giant Head","floor":44,"turns":7},{"damage":24,"enemies":"Sphere and 2 Shapes","floor":48,"turns":7},{"damage":82,"enemies":"Awakened One","floor":50,"turns":9},{"damage":72,"enemies":"Shield and Spear","floor":54,"turns":5},{"damage":122,"enemies":"The Heart","floor":55,"turns":6}],"seed_played":"-6675127354355034676","potions_obtained":[{"floor":13,"key":"Swift Potion"},{"floor":16,"key":"Fire Potion"},{"floor":24,"key":"Energy Potion"},{"floor":25,"key":"FearPotion"},{"floor":27,"key":"FearPotion"},{"floor":30,"key":"BloodPotion"},{"floor":31,"key":"SteroidPotion"},{"floor":35,"key":"GamblersBrew"},{"floor":36,"key":"Energy Potion"},{"floor":44,"key":"Strength Potion"},{"floor":54,"key":"Energy Potion"}],"is_trial":false,"path_per_floor":["M","M","?","?","?","R","E","M","T","$","R","?","E","M","R","B",null,"M","$","M","M","M","E","M","E","T","M","M","?","M","E","R","B",null,"M","M","?","$","M","E","M","R","T","E","?","?","R","M","R","B",null,"R","$","E","B",null],"character_chosen":"IRONCLAD","items_purchased":["Tiny Chest","Limit Break","Bag of Preparation","Pen Nib","MealTicket","Reaper","Membership Card","Vajra","Anchor","Shrug It Off","LiquidBronze"],"campfire_rested":0,"item_purchase_floors":[10,19,38,38,38,38,53,53,53,53,53],"current_hp_per_floor":[80,80,60,44,41,41,23,29,39,39,39,39,28,35,35,15,101,97,97,95,68,73,57,58,48,48,53,63,63,65,60,60,22,133,126,117,117,117,105,86,91,91,91,97,97,97,97,153,153,148,157,157,157,95,69],"gold":136,"neow_bonus":"ONE_RANDOM_RARE_CARD","is_prod":false,"is_daily":false,"chose_seed":false,"campfire_upgraded":5,"win_rate":0,"timestamp":1552150479,"path_taken":["M","M","?","?","?","R","E","M","T","$","R","?","E","M","R","BOSS","M","?","M","M","M","E","M","E","T","M","?","?","M","E","R","BOSS","M","?","?","$","M","E","M","R","T","E","?","?","R","?","R","BOSS","R","$","E","BOSS"],"build_version":"2019-02-06","purchased_purges":3,"victory":true,"max_hp_per_floor":[80,80,80,80,80,80,80,83,93,93,93,93,97,101,101,101,101,105,105,109,113,117,117,121,121,121,125,129,129,129,133,133,133,133,137,141,141,141,145,149,153,153,153,153,153,153,153,153,153,157,157,157,157,161,161],"card_choices":[{"not_picked":["Pommel Strike","Twin Strike"],"picked":"Shrug It Off","floor":1},{"not_picked":["Blood for Blood","Pommel Strike"],"picked":"Inflame","floor":2},{"not_picked":["True Grit","Searing Blow"],"picked":"Feed","floor":7},{"not_picked":["Iron Wave","Pommel Strike","True Grit"],"picked":"SKIP","floor":8},{"not_picked":["Feel No Pain","Infernal Blade","Clash"],"picked":"SKIP","floor":13},{"not_picked":["Corruption","Wild Strike"],"picked":"Sword Boomerang","floor":14},{"not_picked":["Double Tap","Feed"],"picked":"Demon Form","floor":16},{"not_picked":["Dual Wield+1","Flame Barrier","Headbutt"],"picked":"SKIP","floor":18},{"not_picked":["Clash","Twin Strike+1","Clothesline"],"picked":"SKIP","floor":20},{"not_picked":["Pommel Strike","Flame Barrier","Second Wind"],"picked":"SKIP","floor":21},{"not_picked":["Sword Boomerang","Cleave","Headbutt"],"picked":"SKIP","floor":22},{"not_picked":["Reckless Charge","Impervious","True Grit"],"picked":"SKIP","floor":23},{"not_picked":["Whirlwind","Iron Wave","Anger"],"picked":"SKIP","floor":24},{"not_picked":["Seeing Red","Anger","Iron Wave"],"picked":"SKIP","floor":25},{"not_picked":["Twin Strike+1","Intimidate","Disarm"],"picked":"SKIP","floor":27},{"not_picked":["Whirlwind","Searing Blow","Reckless Charge"],"picked":"SKIP","floor":28},{"not_picked":["Uppercut","Pommel Strike","Armaments"],"picked":"SKIP","floor":30},{"not_picked":["Evolve","Sever Soul","Shockwave+1"],"picked":"SKIP","floor":31},{"not_picked":["Brutality","Barricade"],"picked":"Offering","floor":33},{"not_picked":["Body Slam+1","Rage+1","True Grit"],"picked":"SKIP","floor":35},{"not_picked":["Armaments","Inflame","Dual Wield"],"picked":"SKIP","floor":36},{"not_picked":["Pommel Strike+1","Headbutt","Clothesline+1"],"picked":"SKIP","floor":39},{"not_picked":["Whirlwind+1","Pummel","Cleave+1"],"picked":"SKIP","floor":40},{"not_picked":["Thunderclap","True Grit","Headbutt+1"],"picked":"SKIP","floor":41},{"not_picked":["Warcry","Carnage"],"picked":"Shrug It Off+1","floor":44},{"not_picked":["Shockwave+1","Wild Strike","Clothesline+1"],"picked":"SKIP","floor":48},{"not_picked":["Twin Strike+1","Ghostly Armor"],"picked":"Flame Barrier","floor":54}],"player_experience":1236283,"relics_obtained":[{"floor":7,"key":"War Paint"},{"floor":9,"key":"Pear"},{"floor":13,"key":"Bottled Tornado"},{"floor":23,"key":"Omamori"},{"floor":25,"key":"Oddly Smooth Stone"},{"floor":26,"key":"Happy Flower"},{"floor":31,"key":"Matryoshka"},{"floor":40,"key":"Lantern"},{"floor":40,"key":"Blood Vial"},{"floor":43,"key":"Art of War"},{"floor":44,"key":"Peace Pipe"},{"floor":44,"key":"Darkstone Periapt"},{"floor":54,"key":"Orichalcum"},{"floor":54,"key":"Whetstone"}],"event_choices":[{"damage_healed":0,"gold_gain":0,"player_choice":"Take Damage","damage_taken":20,"relics_obtained":["Golden Idol"],"max_hp_gain":0,"max_hp_loss":0,"event_name":"Golden Idol","floor":3,"gold_loss":0},{"damage_healed":0,"gold_gain":0,"player_choice":"Entered Light","damage_taken":16,"max_hp_gain":0,"max_hp_loss":0,"event_name":"Shining Light","floor":4,"gold_loss":0,"cards_upgraded":["Shrug It Off","Strike_R"]},{"damage_healed":0,"gold_gain":0,"player_choice":"Success","damage_taken":3,"relics_obtained":["Dodecahedron"],"max_hp_gain":0,"max_hp_loss":0,"event_name":"Scrap Ooze","floor":5,"gold_loss":0},{"damage_healed":0,"gold_gain":0,"player_choice":"Upgraded","damage_taken":0,"max_hp_gain":0,"max_hp_loss":0,"event_name":"Upgrade Shrine","floor":12,"gold_loss":0,"cards_upgraded":["Feed"]},{"damage_healed":0,"gold_gain":275,"player_choice":"Desecrate","damage_taken":0,"max_hp_gain":0,"max_hp_loss":0,"event_name":"Golden Shrine","floor":29,"gold_loss":0,"cards_obtained":["Regret"]},{"damage_healed":0,"gold_gain":333,"player_choice":"Gave Idol","damage_taken":0,"max_hp_gain":0,"max_hp_loss":0,"event_name":"The Moai Head","floor":37,"relics_lost":["Golden Idol"],"gold_loss":0},{"cards_removed":["Strike_R"],"damage_healed":0,"gold_gain":0,"player_choice":"Removed Attack","damage_taken":0,"max_hp_gain":0,"max_hp_loss":0,"event_name":"Falling","floor":45,"gold_loss":0},{"damage_healed":0,"gold_gain":0,"player_choice":"Ignored","damage_taken":0,"max_hp_gain":0,"max_hp_loss":0,"event_name":"SecretPortal","floor":46,"gold_loss":0}],"is_beta":true,"boss_relics":[{"not_picked":["Cursed Key","Runic Cube"],"picked":"Astrolabe"},{"not_picked":["Pandora\u0027s Box","Philosopher\u0027s Stone"],"picked":"Black Star"}],"items_purged_floors":[19,38,53],"is_endless":false,"potions_floor_spawned":[13,16,24,25,27,30,31,35,36,44,54],"ascension_level":0}