{"gold_per_floor":[116,134,134,145,158,158,176,176,176,176,233,259,282,361,361,361],"floor_reached":16,"playtime":506,"items_purged":[],"score":200,"play_id":"917cb612-af1c-4e9f-b418-51a3dc798567","local_time":"20190202010024","is_ascension_mode":true,"campfire_choices":[{"data":"Crippling Poison","floor":6,"key":"SMITH"},{"floor":8,"key":"REST"},{"floor":10,"key":"REST"},{"floor":15,"key":"REST"}],"neow_cost":"NONE","seed_source_timestamp":1167850811562000,"circlet_count":0,"master_deck":["AscendersBane","Defend_G","Defend_G","Defend_G","Defend_G","Strike_G","Strike_G","Strike_G","Strike_G","Strike_G","Survivor","Neutralize","Crippling Poison+1","Backflip","Caltrops","Heel Hook","Escape Plan"],"relics":["Ring of the Snake","Juzu Bracelet","Blue Candle","Tiny Chest","Odd Mushroom","Anchor","Bottled Flame"],"potions_floor_usage":[5,7,11],"damage_taken":[{"damage":11,"enemies":"Jaw Worm","floor":1,"turns":7},{"damage":6,"enemies":"Small Slimes","floor":2,"turns":4},{"damage":0,"enemies":"2 Louse","floor":4,"turns":4},{"damage":1,"enemies":"Looter","floor":5,"turns":4},{"damage":31,"enemies":"Exordium Thugs","floor":7,"turns":6},{"damage":13,"enemies":"3 Sentries","floor":11,"turns":7},{"damage":19,"enemies":"The Mushroom Lair","floor":12,"turns":5},{"damage":31,"enemies":"Hexaghost","floor":16,"turns":9}],"seed_played":"1858946770145283402","potions_obtained":[{"floor":1,"key":"FearPotion"},{"floor":4,"key":"PowerPotion"},{"floor":7,"key":"PowerPotion"},{"floor":12,"key":"Fire Potion"}],"is_trial":false,"path_per_floor":["M","M","?","M","M","R","M","R","T","R","E","?","T","T","R","B"],"character_chosen":"THE_SILENT","items_purchased":[],"campfire_rested":3,"item_purchase_floors":[],"current_hp_per_floor":[48,42,35,35,34,34,3,22,22,41,28,9,9,9,28,0],"gold":361,"neow_bonus":"RANDOM_COMMON_RELIC","is_prod":false,"is_daily":false,"chose_seed":false,"campfire_upgraded":1,"win_rate":0,"timestamp":1549065624,"path_taken":["M","M","?","M","M","R","M","R","T","R","E","?","?","?","R","BOSS"],"build_version":"2019-01-23","purchased_purges":0,"victory":false,"max_hp_per_floor":[66,66,66,66,66,66,66,66,66,66,66,66,66,66,66,66],"card_choices":[{"not_picked":["Setup","Tactician","Distraction"],"picked":"SKIP","floor":1},{"not_picked":["Concentrate","Backflip"],"picked":"Crippling Poison","floor":2},{"not_picked":["Cloak And Dagger","Quick Slash"],"picked":"Backflip","floor":4},{"not_picked":["Prepared","Tactician"],"picked":"Caltrops","floor":5},{"not_picked":["Backflip","Underhanded Strike","Bullet Time"],"picked":"SKIP","floor":7},{"not_picked":["Noxious Fumes","Flying Knee"],"picked":"Heel Hook","floor":11},{"not_picked":["Dagger Spray","Dodge and Roll"],"picked":"Escape Plan","floor":12}],"player_experience":1121026,"relics_obtained":[{"floor":9,"key":"Blue Candle"},{"floor":11,"key":"Tiny Chest"},{"floor":12,"key":"Odd Mushroom"},{"floor":13,"key":"Anchor"},{"floor":14,"key":"Bottled Flame"}],"event_choices":[{"cards_removed":["Defend_G"],"damage_healed":0,"gold_gain":0,"player_choice":"Card Removal","damage_taken":7,"max_hp_gain":0,"max_hp_loss":0,"event_name":"Golden Wing","floor":3,"gold_loss":0},{"damage_healed":0,"gold_gain":0,"player_choice":"Fought Mushrooms","damage_taken":0,"max_hp_gain":0,"max_hp_loss":0,"event_name":"Mushrooms","floor":12,"gold_loss":0}],"is_beta":true,"boss_relics":[],"items_purged_floors":[],"is_endless":false,"potions_floor_spawned":[1,4,7,12],"killed_by":"Hexaghost","ascension_level":20}