{"path_per_floor":["M","M","M","M","M","R","E","M","T","E","M","?","M","E","R"],"character_chosen":"IRONCLAD","items_purchased":[],"gold_per_floor":[119,134,154,167,182,182,212,232,232,261,273,273,292,333,333,333],"floor_reached":16,"campfire_rested":0,"playtime":469,"item_purchase_floors":[],"current_hp_per_floor":[80,80,80,80,78,78,80,80,80,80,77,57,63,63,63,0],"items_purged":[],"gold":333,"score":159,"play_id":"26cc173c-272f-43f4-8537-dd6f3dd98f99","local_time":"20180614201930","is_prod":false,"is_daily":false,"chose_seed":false,"is_ascension_mode":true,"campfire_upgraded":2,"win_rate":0,"timestamp":1529032770,"campfire_choices":[{"data":"Immolate","floor":6,"key":"SMITH"},{"data":"True Grit","floor":15,"key":"SMITH"}],"path_taken":["M","M","M","?","M","R","E","M","T","E","M","?","?","E","R","BOSS"],"build_version":"2018-06-11","seed_source_timestamp":455828326434909,"purchased_purges":0,"victory":false,"master_deck":["Strike_R","Strike_R","Strike_R","Strike_R","Strike_R","Defend_R","Defend_R","Defend_R","Defend_R","Immolate+1","Battle Trance+1","Whirlwind","Shockwave","Shrug It Off+1","Headbutt","Flex","True Grit+1","Feel No Pain"],"max_hp_per_floor":[80,80,80,80,80,80,80,80,80,80,80,80,80,80,80,80],"special_seed":0,"relics":["Burning Blood","Art of War","Kunai","War Paint","Golden Idol","Potion Belt"],"card_choices":[{"not_picked":["Clash","Infernal Blade"],"picked":"Battle Trance","floor":1},{"not_picked":["Warcry","Infernal Blade"],"picked":"Whirlwind","floor":2},{"not_picked":["Pommel Strike","Whirlwind"],"picked":"Shockwave","floor":3},{"not_picked":["Inflame","Clothesline"],"picked":"Shrug It Off","floor":4},{"not_picked":["Body Slam","Twin Strike"],"picked":"Headbutt","floor":5},{"not_picked":["Sentinel","Spot Weakness"],"picked":"Flex","floor":7},{"not_picked":["Iron Wave","Clash","Carnage"],"picked":"SKIP","floor":8},{"not_picked":["Sword Boomerang","Thunderclap"],"picked":"True Grit","floor":10},{"not_picked":["Flex","Twin Strike","Sword Boomerang"],"picked":"SKIP","floor":11},{"not_picked":["Havoc","Uppercut","Seeing Red"],"picked":"SKIP","floor":13},{"not_picked":["Reaper","Rampage"],"picked":"Feel No Pain","floor":14}],"player_experience":135067,"potions_floor_usage":[7,8],"damage_taken":[{"damage":1,"enemies":"Cultist","floor":1,"turns":3},{"damage":5,"enemies":"Jaw Worm","floor":2,"turns":4},{"damage":0,"enemies":"2 Louse","floor":3,"turns":1},{"damage":6,"enemies":"Lots of Slimes","floor":4,"turns":2},{"damage":8,"enemies":"Red Slaver","floor":5,"turns":4},{"damage":4,"enemies":"Gremlin Nob","floor":7,"turns":3},{"damage":0,"enemies":"2 Fungi Beasts","floor":8,"turns":2},{"damage":0,"enemies":"3 Sentries","floor":10,"turns":2},{"damage":9,"enemies":"Exordium Thugs","floor":11,"turns":3},{"damage":0,"enemies":"3 Louse","floor":13,"turns":1},{"damage":6,"enemies":"Gremlin Nob","floor":14,"turns":3},{"damage":63,"enemies":"Hexaghost","floor":16,"turns":9}],"relics_obtained":[{"floor":7,"key":"Art of War"},{"floor":9,"key":"Kunai"},{"floor":10,"key":"War Paint"},{"floor":14,"key":"Potion Belt"}],"event_choices":[{"event_name":"Golden Idol","player_choice":"Take Damage","floor":12,"damage_taken":0}],"boss_relics":[],"items_purged_floors":[],"potions_floor_spawned":[2,3,5,8],"seed_played":"-6642465284128604996","killed_by":"Hexaghost","ascension_level":1,"potions_obtained":[{"floor":2,"key":"SpeedPotion"},{"floor":3,"key":"Energy Potion"},{"floor":5,"key":"Poison Potion"},{"floor":8,"key":"SneckoOil"}],"is_trial":false}