{"gold_per_floor":[116,133,58,58,58,58,58,99,99,138,152,165,165,165,165,256,256,270,270,48,71,71],"floor_reached":22,"playtime":468,"items_purged":["Defend_R","Defend_R"],"score":434,"play_id":"e3eb07bf-3363-47c7-bf60-57487d2c43cc","local_time":"20190407220418","is_ascension_mode":true,"campfire_choices":[{"floor":6.0,"key":"REST"},{"data":"Bash","floor":13.0,"key":"SMITH"},{"floor":15.0,"key":"REST"}],"neow_cost":"NONE","seed_source_timestamp":0,"circlet_count":0,"master_deck":["AscendersBane","Strike_R","Strike_R","Strike_R","Strike_R","Strike_R+1","Defend_R+1","Defend_R+1","Bash+1","Twin Strike+1","Heavy Blade","Double Tap","Shrug It Off"],"special_seed":0,"relics":["Burning Blood","NeowsBlessing","Golden Idol","PreservedInsect","Sundial","Smiling Mask","Black Star","Nloth\u0027s Gift","Orichalcum"],"potions_floor_usage":[16,16,18],"damage_taken":[{"damage":0.0,"enemies":"Small Slimes","floor":1.0,"turns":1.0},{"damage":0.0,"enemies":"2 Louse","floor":2.0,"turns":1.0},{"damage":0.0,"enemies":"Lagavulin","floor":8.0,"turns":1.0},{"damage":25.0,"enemies":"3 Sentries","floor":10.0,"turns":6.0},{"damage":1.0,"enemies":"Cultist","floor":11.0,"turns":3.0},{"damage":4.0,"enemies":"2 Fungi Beasts","floor":12.0,"turns":3.0},{"damage":51,"enemies":"Slime Boss","floor":16,"turns":13},{"damage":17,"enemies":"2 Thieves","floor":18,"turns":4},{"damage":23,"enemies":"Shell Parasite","floor":21,"turns":3},{"damage":34,"enemies":"Shelled Parasite and Fungi","floor":22,"turns":4}],"seed_played":"1877431050144852777","potions_obtained":[{"floor":8.0,"key":"GamblersBrew"},{"floor":10.0,"key":"Block Potion"},{"floor":16,"key":"AttackPotion"},{"floor":18,"key":"Strength Potion"}],"is_trial":false,"path_per_floor":["M","M","$","?","?","R","?","E","T","E","M","M","R","?","R","B",null,"M","?","$","M","M"],"character_chosen":"IRONCLAD","items_purchased":["Orichalcum"],"campfire_rested":2,"item_purchase_floors":[20],"current_hp_per_floor":[74,75,75,49,26,48,73,75,75,56,61,63,63,45,67,22,62,51,51,51,34,0],"gold":71,"neow_bonus":"THREE_ENEMY_KILL","is_prod":false,"is_daily":false,"chose_seed":false,"campfire_upgraded":1,"win_rate":0,"timestamp":1554667458,"path_taken":["M","M","$","?","?","R","?","E","T","E","M","M","R","?","R","BOSS","M","?","$","?","M"],"build_version":"2019-04-04","purchased_purges":2,"victory":false,"max_hp_per_floor":[75,75,75,75,75,75,75,75,75,75,75,75,75,75,75,75,75,75,75,75,75,75],"card_choices":[{"not_picked":["Pommel Strike","Sever Soul"],"picked":"Twin Strike","floor":1.0},{"not_picked":["Armaments","Twin Strike","Fire Breathing"],"picked":"SKIP","floor":2.0},{"not_picked":["Metallicize","Searing Blow","Sentinel"],"picked":"SKIP","floor":8.0},{"not_picked":["Intimidate","Dual Wield","Warcry"],"picked":"SKIP","floor":10.0},{"not_picked":["Perfected Strike","Cleave","Wild Strike"],"picked":"SKIP","floor":11.0},{"not_picked":["Shockwave","Battle Trance"],"picked":"Heavy Blade","floor":12.0},{"not_picked":["Juggernaut","Offering"],"picked":"Double Tap","floor":16},{"not_picked":["Anger","Seeing Red"],"picked":"Shrug It Off","floor":18},{"not_picked":["Thunderclap","Clash","Headbutt+1"],"picked":"SKIP","floor":21}],"player_experience":1342207,"relics_obtained":[{"floor":8.0,"key":"PreservedInsect"},{"floor":9.0,"key":"Sundial"},{"floor":10.0,"key":"War Paint"}],"event_choices":[{"damage_healed":0.0,"max_hp_gain":0.0,"max_hp_loss":0.0,"gold_gain":0.0,"event_name":"Golden Idol","player_choice":"Take Damage","floor":4.0,"gold_loss":0.0,"damage_taken":26.0,"relics_obtained":["Golden Idol"]},{"damage_healed":0.0,"max_hp_gain":0.0,"max_hp_loss":0.0,"gold_gain":0.0,"event_name":"Shining Light","player_choice":"Entered Light","floor":5.0,"gold_loss":0.0,"damage_taken":23.0,"cards_upgraded":["Strike_R","Twin Strike"]},{"damage_healed":25.0,"max_hp_gain":0.0,"max_hp_loss":0.0,"gold_gain":0.0,"event_name":"Big Fish","player_choice":"Banana","floor":7.0,"gold_loss":0.0,"damage_taken":0.0},{"damage_healed":0.0,"max_hp_gain":0.0,"max_hp_loss":0.0,"gold_gain":0.0,"event_name":"Scrap Ooze","player_choice":"Success","floor":14.0,"gold_loss":0.0,"damage_taken":18.0,"relics_obtained":["Smiling Mask"]},{"damage_healed":0,"gold_gain":0,"player_choice":"Traded Relic","damage_taken":0,"relics_obtained":["Nloth\u0027s Gift"],"max_hp_gain":0,"max_hp_loss":0,"event_name":"N\u0027loth","floor":19,"relics_lost":["War Paint"],"gold_loss":0}],"is_beta":true,"boss_relics":[{"not_picked":["Mark of Pain","Runic Dome"],"picked":"Black Star"}],"items_purged_floors":[3,20],"is_endless":false,"potions_floor_spawned":[8,10,16,18],"killed_by":"Shelled Parasite and Fungi","ascension_level":20}