{"gold_per_floor":[109,109,109,123,142,142,169,169,193,205,237,237,139,156,156,256,256,276,286,54,69,82,82,97,97,97,112,146,163,192,212,212,309,309,319,299,45,55,0,0,0,25,80,97,97,111,111,111,111,111],"floor_reached":50,"playtime":1890,"items_purged":["Strike_R","Strike_R"],"score":805,"play_id":"450cc87e-8a8c-48fe-8b95-01e11ae78b1f","local_time":"20180831202233","is_ascension_mode":true,"campfire_choices":[{"data":"Corruption","floor":6,"key":"SMITH"},{"data":"Armaments","floor":12,"key":"SMITH"},{"data":"Flex","floor":15,"key":"SMITH"},{"data":"Feel No Pain","floor":23,"key":"SMITH"},{"data":"Feed","floor":25,"key":"SMITH"},{"data":"Whirlwind","floor":32,"key":"SMITH"},{"data":"Cleave","floor":41,"key":"SMITH"},{"data":"Reaper","floor":45,"key":"SMITH"},{"data":"True Grit","floor":49,"key":"SMITH"}],"neow_cost":"NONE","seed_source_timestamp":5178184815100,"circlet_count":0,"master_deck":["Strike_R+1","Strike_R","Strike_R+1","Defend_R","Defend_R","Defend_R","Defend_R","Offering","Corruption+1","Clothesline","Clash","Clash","Armaments+1","Reaper+1","Shrug It Off","Cleave+1","Flex+1","Feed+1","Feel No Pain+1","Clash+1","Offering","Shrug It Off","Whirlwind+1","True Grit+1","Shrug It Off","True Grit+1","True Grit+1","Clash+1"],"relics":["Black Blood","Centennial Puzzle","Orichalcum","Bag of Marbles","Boot","Coffee Dripper","Pen Nib","Omamori","Mummified Hand","Bronze Scales","Whetstone","Red Mask","Regal Pillow","Bag of Preparation","Peace Pipe"],"potions_floor_usage":[7,7,16,30,42,44,50,50],"damage_taken":[{"damage":6,"enemies":"Cultist","floor":1,"turns":2},{"damage":6,"enemies":"Small Slimes","floor":4,"turns":2},{"damage":6,"enemies":"2 Louse","floor":5,"turns":2},{"damage":61,"enemies":"3 Sentries","floor":7,"turns":10},{"damage":8,"enemies":"Exordium Wildlife","floor":10,"turns":3},{"damage":6,"enemies":"Gremlin Nob","floor":11,"turns":2},{"damage":6,"enemies":"Lots of Slimes","floor":14,"turns":1},{"damage":6,"enemies":"Slime Boss","floor":16,"turns":5},{"damage":12,"enemies":"2 Thieves","floor":18,"turns":2},{"damage":6,"enemies":"Spheric Guardian","floor":19,"turns":3},{"damage":6,"enemies":"Snecko","floor":21,"turns":2},{"damage":24,"enemies":"Sentry and Sphere","floor":22,"turns":5},{"damage":12,"enemies":"Snake Plant","floor":24,"turns":3},{"damage":6,"enemies":"Chosen and Byrds","floor":27,"turns":4},{"damage":6,"enemies":"Slavers","floor":28,"turns":2},{"damage":6,"enemies":"3 Cultists","floor":29,"turns":2},{"damage":17,"enemies":"Book of Stabbing","floor":30,"turns":2},{"damage":0,"enemies":"Snake Plant","floor":31,"turns":1},{"damage":30,"enemies":"Automaton","floor":33,"turns":5},{"damage":12,"enemies":"Orb Walker","floor":35,"turns":3},{"damage":6,"enemies":"3 Darklings","floor":38,"turns":1},{"damage":77,"enemies":"Nemesis","floor":42,"turns":7},{"damage":30,"enemies":"Maw","floor":44,"turns":6},{"damage":4,"enemies":"4 Shapes","floor":46,"turns":2},{"damage":14,"enemies":"Mind Bloom Boss Battle","floor":47,"turns":6},{"damage":102,"enemies":"Time Eater","floor":50,"turns":10}],"seed_played":"2831053965922662046","potions_obtained":[{"floor":1,"key":"SkillPotion"},{"floor":3,"key":"Regen Potion"},{"floor":3,"key":"Block Potion"},{"floor":3,"key":"BloodPotion"},{"floor":7,"key":"SkillPotion"},{"floor":10,"key":"Fire Potion"},{"floor":14,"key":"FairyPotion"},{"floor":18,"key":"Weak Potion"},{"floor":19,"key":"BloodPotion"},{"floor":28,"key":"Fire Potion"},{"floor":29,"key":"Regen Potion"},{"floor":30,"key":"Fire Potion"},{"floor":42,"key":"PowerPotion"},{"floor":46,"key":"Fire Potion"}],"is_trial":false,"path_per_floor":["M","?","?","M","M","R","E","?","T","M","E","R","$","M","R","B",null,"M","M","$","M","M","R","M","R","T","M","E","M","E","M","R","B",null,"M","?","$","M","?","$","R","E","T","M","R","M","?","?","R"],"character_chosen":"IRONCLAD","items_purchased":["Shrug It Off","Cleave","Pen Nib","Whetstone"],"campfire_rested":0,"item_purchase_floors":[13,13,20,37],"current_hp_per_floor":[80,77,77,77,77,77,45,45,45,43,43,43,43,73,73,80,80,74,77,77,80,62,62,68,68,68,72,87,87,89,91,91,76,87,89,89,89,91,91,91,91,30,30,17,17,51,57,57,57,0],"gold":111,"neow_bonus":"ONE_RANDOM_RARE_CARD","is_prod":false,"is_daily":false,"chose_seed":false,"campfire_upgraded":9,"win_rate":0,"timestamp":1535772153,"path_taken":["M","?","?","?","M","R","E","?","T","M","E","R","$","M","R","BOSS","M","?","$","M","M","R","M","R","T","M","E","M","E","M","R","BOSS","M","?","$","?","?","?","R","E","T","M","R","M","?","?","R","BOSS"],"build_version":"2018-08-30","purchased_purges":2,"victory":false,"max_hp_per_floor":[80,80,80,80,80,80,80,80,80,80,80,80,80,80,80,80,80,80,80,80,80,80,80,83,83,83,87,87,87,91,91,91,91,91,91,91,91,91,91,91,91,91,91,91,91,91,91,91,91,91],"card_choices":[{"not_picked":["Seeing Red","Headbutt"],"picked":"Corruption","floor":1},{"not_picked":["Wild Strike","Entrench"],"picked":"Clothesline","floor":4},{"not_picked":["Wild Strike","True Grit"],"picked":"Clash","floor":5},{"not_picked":["Sword Boomerang","True Grit"],"picked":"Clash","floor":7},{"not_picked":["Body Slam","Power Through"],"picked":"Armaments","floor":10},{"not_picked":["Dual Wield","Second Wind"],"picked":"Reaper","floor":11},{"not_picked":["Sword Boomerang","Shockwave"],"picked":"Flex","floor":14},{"not_picked":["Demon Form","Juggernaut"],"picked":"Feed","floor":16},{"not_picked":["Thunderclap","Carnage","Reckless Charge+1"],"picked":"SKIP","floor":18},{"not_picked":["Pommel Strike","Twin Strike","Havoc"],"picked":"SKIP","floor":19},{"not_picked":["Dual Wield","Anger","Warcry+1"],"picked":"SKIP","floor":21},{"not_picked":["Twin Strike","Havoc+1"],"picked":"Feel No Pain","floor":22},{"not_picked":["Perfected Strike","Wild Strike","Spot Weakness"],"picked":"SKIP","floor":24},{"not_picked":["Intimidate","Clothesline"],"picked":"Clash+1","floor":27},{"not_picked":["Disarm+1","Perfected Strike"],"picked":"Offering","floor":28},{"not_picked":["Corruption","Blood for Blood"],"picked":"Shrug It Off","floor":29},{"not_picked":["Shockwave","Wild Strike+1","Warcry"],"picked":"SKIP","floor":30},{"not_picked":["Warcry","True Grit"],"picked":"Whirlwind","floor":31},{"not_picked":["Thunderclap","Dual Wield+1","Second Wind"],"picked":"SKIP","floor":35},{"not_picked":["Wild Strike+1","Iron Wave","Headbutt+1"],"picked":"SKIP","floor":38},{"not_picked":["Pommel Strike+1","Anger"],"picked":"True Grit","floor":42},{"not_picked":["Infernal Blade","Wild Strike+1"],"picked":"Shrug It Off","floor":44},{"not_picked":["Cleave","Headbutt+1"],"picked":"True Grit+1","floor":46},{"not_picked":["Iron Wave+1","Armaments+1"],"picked":"True Grit+1","floor":47}],"player_experience":243167,"relics_obtained":[{"floor":7,"key":"Orichalcum"},{"floor":9,"key":"Bag of Marbles"},{"floor":11,"key":"Boot"},{"floor":26,"key":"Omamori"},{"floor":28,"key":"Mummified Hand"},{"floor":30,"key":"Bronze Scales"},{"floor":42,"key":"Regal Pillow"},{"floor":43,"key":"Bag of Preparation"},{"floor":47,"key":"Peace Pipe"}],"event_choices":[{"event_name":"Scrap Ooze","player_choice":"success","floor":2,"damage_taken":3},{"event_name":"The Lab","player_choice":"Got Potions","floor":3,"damage_taken":0},{"event_name":"Bonfire Elementals","player_choice":"BASIC","floor":8,"damage_taken":0},{"event_name":"The Woman in Blue","player_choice":"Bought 1 Potion","floor":36,"damage_taken":0},{"event_name":"Tomb of Lord Red Mask","player_choice":"Paid","floor":39,"damage_taken":0},{"event_name":"MindBloom","player_choice":"Fight","floor":47,"damage_taken":0},{"event_name":"Duplicator","player_choice":"One dupe","floor":48,"damage_taken":0}],"is_beta":true,"boss_relics":[{"not_picked":["Eternal Feather","Cursed Key"],"picked":"Coffee Dripper"},{"not_picked":["Orrery","Black Star"],"picked":"Black Blood"}],"items_purged_floors":[20,37],"is_endless":false,"potions_floor_spawned":[1,7,10,14,18,19,28,29,30,33,38,42,46],"killed_by":"Time Eater","ascension_level":5}