{"gold_per_floor":[111,36,36,36,53,53,64,64,64,74,74,74,102,118,118,189,189,203,219,234,234,246,246,246,246,271,271,287,287,304,318,318,318],"floor_reached":33,"playtime":1188,"items_purged":["Defend_R"],"score":491,"play_id":"c2fd7a47-54d4-4dcf-857f-24ad96b82a1e","local_time":"20181015202853","is_ascension_mode":true,"campfire_choices":[{"data":"Battle Trance","floor":6,"key":"SMITH"},{"data":"Wild Strike","floor":8,"key":"SMITH"},{"data":"Immolate","floor":12,"key":"SMITH"},{"data":"True Grit","floor":15,"key":"SMITH"},{"data":"Impervious","floor":23,"key":"SMITH"},{"data":"RitualDagger","floor":25,"key":"SMITH"},{"data":"Iron Wave","floor":27,"key":"SMITH"},{"data":"Bite","floor":32,"key":"SMITH"}],"neow_cost":"NONE","seed_source_timestamp":432358102535741,"circlet_count":0,"master_deck":["Defend_R","Defend_R","Defend_R+1","Bash+1","AscendersBane","Shockwave+1","Battle Trance+1","Wild Strike+1","Immolate+1","Shrug It Off","True Grit+1","Impervious+1","Iron Wave+1","Bite","Bite","Bite","Bite","Bite+1","Evolve","RitualDagger+1"],"relics":["Burning Blood","NeowsBlessing","StoneCalendar","Regal Pillow","Odd Mushroom","Sozu","Red Skull","Dream Catcher"],"potions_floor_usage":[16,16],"damage_taken":[{"damage":0,"enemies":"Cultist","floor":1,"turns":1},{"damage":0,"enemies":"Small Slimes","floor":5,"turns":2},{"damage":0,"enemies":"Jaw Worm","floor":7,"turns":1},{"damage":2,"enemies":"Blue Slaver","floor":10,"turns":3},{"damage":0,"enemies":"The Mushroom Lair","floor":13,"turns":1},{"damage":0,"enemies":"2 Fungi Beasts","floor":14,"turns":3},{"damage":33,"enemies":"Hexaghost","floor":16,"turns":7},{"damage":22,"enemies":"2 Thieves","floor":18,"turns":3},{"damage":15,"enemies":"Shell Parasite","floor":19,"turns":5},{"damage":18,"enemies":"Snake Plant","floor":20,"turns":4},{"damage":1,"enemies":"Centurion and Healer","floor":22,"turns":7},{"damage":33,"enemies":"Cultist and Chosen","floor":28,"turns":7},{"damage":19,"enemies":"Chosen and Byrds","floor":30,"turns":6},{"damage":6,"enemies":"Snecko","floor":31,"turns":6},{"damage":72,"enemies":"Automaton","floor":33,"turns":8}],"seed_played":"3427551150868795932","potions_obtained":[{"floor":1,"key":"AttackPotion"},{"floor":10,"key":"SkillPotion"},{"floor":16,"key":"Weak Potion"}],"is_trial":false,"path_per_floor":["M","$","?","?","M","R","M","R","T","M","?","R","?","M","R","B",null,"M","M","M","?","M","R","?","R","T","R","M","?","M","M","R"],"character_chosen":"IRONCLAD","items_purchased":[],"campfire_rested":0,"item_purchase_floors":[],"current_hp_per_floor":[74,74,51,51,57,57,63,63,63,67,49,49,55,61,61,34,65,49,40,28,28,52,52,46,46,46,46,33,33,34,48,48,0],"gold":318,"neow_bonus":"THREE_ENEMY_KILL","is_prod":false,"is_daily":false,"chose_seed":false,"campfire_upgraded":8,"win_rate":0,"timestamp":1539628133,"path_taken":["M","$","?","?","?","R","M","R","T","M","?","R","?","M","R","BOSS","M","?","?","?","M","R","?","R","T","R","M","?","M","M","R","BOSS"],"build_version":"2018-10-11","purchased_purges":1,"victory":false,"max_hp_per_floor":[75,75,75,75,75,75,75,75,75,75,75,75,75,75,75,75,75,75,75,75,52,52,52,52,52,52,52,52,52,52,52,52,52],"card_choices":[{"not_picked":["Armaments","True Grit"],"picked":"Shockwave","floor":1},{"not_picked":["Searing Blow","Sword Boomerang"],"picked":"Battle Trance","floor":5},{"not_picked":["Clash","Corruption"],"picked":"Wild Strike","floor":7},{"not_picked":["Thunderclap","Flex"],"picked":"Immolate","floor":10},{"not_picked":["Cleave","Clash"],"picked":"Shrug It Off","floor":13},{"not_picked":["Armaments","Blood for Blood"],"picked":"True Grit","floor":14},{"not_picked":["Brutality","Offering"],"picked":"Impervious","floor":16},{"not_picked":["Heavy Blade+1","Anger","Armaments"],"picked":"SKIP","floor":18},{"not_picked":["Feel No Pain","Clash","Corruption+1"],"picked":"SKIP","floor":19},{"not_picked":["Clash","Cleave"],"picked":"Iron Wave","floor":20},{"not_picked":["Headbutt","Searing Blow+1"],"picked":"Evolve","floor":22},{"not_picked":["Perfected Strike","Feel No Pain","Sentinel"],"picked":"SKIP","floor":28},{"not_picked":["Cleave","Armaments","Havoc"],"picked":"SKIP","floor":30},{"not_picked":["Cleave","Armaments","Havoc"],"picked":"SKIP","floor":30},{"not_picked":["Sword Boomerang+1","Second Wind","Barricade"],"picked":"SKIP","floor":31}],"player_experience":832756,"relics_obtained":[{"floor":9,"key":"StoneCalendar"},{"floor":13,"key":"Odd Mushroom"},{"floor":26,"key":"Red Skull"}],"event_choices":[{"event_name":"Shining Light","player_choice":"Entered Light","floor":3,"damage_taken":0},{"event_name":"Living Wall","player_choice":"Grow","floor":4,"damage_taken":0},{"event_name":"Scrap Ooze","player_choice":"success","floor":11,"damage_taken":18},{"event_name":"Mushrooms","player_choice":"Fought Mushrooms","floor":13,"damage_taken":0},{"event_name":"Vampires","player_choice":"Became a vampire","floor":21,"damage_taken":0},{"event_name":"Nest","player_choice":"Joined the Cult","floor":24,"damage_taken":0},{"event_name":"WeMeetAgain","player_choice":"Potion","floor":29,"damage_taken":0}],"is_beta":true,"boss_relics":[{"not_picked":["Eternal Feather","Orrery"],"picked":"Sozu"}],"items_purged_floors":[2],"is_endless":false,"potions_floor_spawned":[1,10,13,16,30,31],"killed_by":"Automaton","ascension_level":19}