{"path_per_floor":["M","?","M","M","?","R","E","R","T","?","E","R","?","M","R","B",null,"M","?","T","?","M","R","E","$","T","?","R","T","R","M","R","B",null,"M","$","$","M","?","E","M","R","T","R","M","?","$","?","R"],"character_chosen":"IRONCLAD","items_purchased":["Shuriken","Clash","Sentinel","Shockwave","Impervious"],"gold_per_floor":[111,186,206,225,225,225,254,254,254,254,287,287,287,297,297,395,395,406,456,483,483,502,502,537,192,245,245,245,245,245,258,258,353,353,373,224,70,80,0,31,51,51,74,74,89,89,89,89,89,89],"floor_reached":50,"campfire_rested":0,"playtime":2689,"item_purchase_floors":[25,25,25,36,37],"current_hp_per_floor":[79,68,61,67,60,60,56,56,56,49,34,34,60,65,65,16,80,80,80,80,56,56,56,56,56,56,56,56,56,56,54,54,58,58,53,53,53,60,60,49,52,52,52,52,51,66,66,58,58,0],"items_purged":["Writhe"],"gold":89,"score":731,"play_id":"79c081d8-5bf3-4965-8cce-e2321af57493","local_time":"20180621191519","is_prod":false,"is_daily":false,"chose_seed":false,"is_ascension_mode":true,"campfire_upgraded":11,"win_rate":0,"timestamp":1529633719,"campfire_choices":[{"data":"Whirlwind","floor":6,"key":"SMITH"},{"data":"Clothesline","floor":8,"key":"SMITH"},{"data":"Flex","floor":12,"key":"SMITH"},{"data":"Pommel Strike","floor":15,"key":"SMITH"},{"data":"Impervious","floor":23,"key":"SMITH"},{"data":"Whirlwind","floor":28,"key":"SMITH"},{"data":"Sentinel","floor":30,"key":"SMITH"},{"data":"Clash","floor":32,"key":"SMITH"},{"data":"Shockwave","floor":42,"key":"SMITH"},{"data":"Demon Form","floor":44,"key":"SMITH"},{"data":"Impervious","floor":49,"key":"SMITH"}],"path_taken":["M","?","M","M","?","R","E","R","T","?","E","R","?","M","R","BOSS","M","?","?","?","M","R","E","$","T","?","R","?","R","M","R","BOSS","M","?","$","M","?","E","M","R","T","R","M","?","$","?","R","BOSS"],"build_version":"2018-06-11","seed_source_timestamp":379649131213094,"purchased_purges":1,"victory":false,"master_deck":["Defend_R","Defend_R","Defend_R","Defend_R","Bash","Whirlwind+1","Clothesline+1","Flex+1","Pommel Strike+1","Impervious+1","Bite","Bite","Bite","Bite","Bite","Corruption+1","Whirlwind+1","Clash+1","Sentinel+1","Demon Form+1","Sentinel+1","Shockwave+1","Impervious+1","Shrug It Off+1","Madness","Madness"],"max_hp_per_floor":[80,80,80,80,80,80,80,80,80,80,80,80,80,80,80,80,80,80,80,80,56,56,56,56,56,56,56,56,56,56,58,58,58,58,58,58,58,60,60,62,64,64,64,64,66,66,66,66,66,66],"special_seed":0,"relics":["Burning Blood","Juzu Bracelet","Dream Catcher","Bottled Lightning","Magic Flower","Velvet Choker","Anchor","Ancient Tea Set","Shuriken","Art of War","Singing Bowl","Blue Candle","Lizard Tail","Red Mask","Regal Pillow","Pen Nib","Charon\u0027s Ashes"],"card_choices":[{"not_picked":["Dropkick","True Grit"],"picked":"Whirlwind","floor":1},{"not_picked":["Carnage","Headbutt"],"picked":"Clothesline","floor":3},{"not_picked":["Armaments","True Grit"],"picked":"Flex","floor":4},{"not_picked":["Intimidate","Second Wind","Wild Strike"],"picked":"SKIP","floor":7},{"not_picked":["Whirlwind","Uppercut","Headbutt"],"picked":"SKIP","floor":11},{"not_picked":["Headbutt","Burning Pact"],"picked":"Pommel Strike","floor":14},{"not_picked":["Berserk","Juggernaut"],"picked":"Impervious","floor":16},{"not_picked":["Heavy Blade","Seeing Red","Sentinel"],"picked":"SKIP","floor":18},{"not_picked":["Flex","Twin Strike+1"],"picked":"Corruption+1","floor":22},{"not_picked":["Wild Strike","Bloodletting"],"picked":"Whirlwind","floor":24},{"not_picked":["Havoc","Reckless Charge+1","Twin Strike"],"picked":"Singing Bowl","floor":31},{"not_picked":["Brutality","Offering"],"picked":"Demon Form","floor":33},{"not_picked":["Seeing Red+1","Twin Strike+1"],"picked":"Sentinel+1","floor":35},{"not_picked":["Perfected Strike+1","Warcry","Cleave"],"picked":"Singing Bowl","floor":38},{"not_picked":["Combust","Clothesline","Sword Boomerang"],"picked":"Singing Bowl","floor":40},{"not_picked":["Iron Wave","Pommel Strike+1","Clash"],"picked":"Singing Bowl","floor":41},{"not_picked":["Headbutt+1","Flame Barrier","Clash+1"],"picked":"Singing Bowl","floor":45},{"not_picked":["Flex","Wild Strike+1"],"picked":"Shrug It Off+1","floor":46}],"player_experience":148106,"potions_floor_usage":[7,7,7,11,24,40,40,40,41],"damage_taken":[{"damage":7,"enemies":"Small Slimes","floor":1,"turns":4},{"damage":13,"enemies":"Jaw Worm","floor":3,"turns":4},{"damage":0,"enemies":"Cultist","floor":4,"turns":3},{"damage":10,"enemies":"Gremlin Nob","floor":7,"turns":3},{"damage":21,"enemies":"Lagavulin","floor":11,"turns":5},{"damage":4,"enemies":"Exordium Wildlife","floor":14,"turns":3},{"damage":58,"enemies":"Hexaghost","floor":16,"turns":9},{"damage":9,"enemies":"Chosen","floor":18,"turns":3},{"damage":10,"enemies":"3 Byrds","floor":22,"turns":4},{"damage":7,"enemies":"Slavers","floor":24,"turns":4},{"damage":14,"enemies":"Snecko","floor":31,"turns":4},{"damage":23,"enemies":"Collector","floor":33,"turns":7},{"damage":64,"enemies":"3 Shapes","floor":35,"turns":4},{"damage":1,"enemies":"Flame Bruiser 1 Orb","floor":38,"turns":7},{"damage":49,"enemies":"Nemesis","floor":40,"turns":9},{"damage":11,"enemies":"3 Darklings","floor":41,"turns":3},{"damage":24,"enemies":"Maw","floor":45,"turns":7},{"damage":1,"floor":46,"turns":7},{"damage":66,"enemies":"Awakened One","floor":50,"turns":6}],"relics_obtained":[{"floor":7,"key":"Dream Catcher"},{"floor":9,"key":"Bottled Lightning"},{"floor":11,"key":"Magic Flower"},{"floor":20,"key":"Anchor"},{"floor":24,"key":"Ancient Tea Set"},{"floor":26,"key":"Art of War"},{"floor":29,"key":"Blue Candle"},{"floor":40,"key":"Regal Pillow"},{"floor":43,"key":"Pen Nib"},{"floor":46,"key":"Charon\u0027s Ashes"}],"event_choices":[{"event_name":"World of Goop","player_choice":"Gather Gold","floor":2,"damage_taken":0},{"event_name":"Scrap Ooze","player_choice":"success","floor":5,"damage_taken":7},{"event_name":"Golden Wing","player_choice":"Card Removal","floor":10,"damage_taken":0},{"event_name":"Big Fish","player_choice":"Banana","floor":13,"damage_taken":0},{"event_name":"The Joust","player_choice":"Bet on Murderer","floor":19,"damage_taken":0},{"event_name":"Vampires","player_choice":"Became a vampire","floor":21,"damage_taken":0},{"event_name":"The Mausoleum","player_choice":"Yes","floor":27,"damage_taken":0},{"event_name":"Tomb of Lord Red Mask","player_choice":"Paid","floor":39,"damage_taken":0},{"event_name":"MindBloom","player_choice":"Fight","floor":46,"damage_taken":0},{"event_name":"Winding Halls","player_choice":"Embrace Madness","floor":48,"damage_taken":0}],"boss_relics":[{"not_picked":["Runic Pyramid","Orrery"],"picked":"Velvet Choker"},{"not_picked":["Tiny House","White Beast Statue"],"picked":"Lizard Tail"}],"items_purged_floors":[36],"potions_floor_spawned":[1,4,14,16,24,33,38,40],"seed_played":"-1512480284700944613","killed_by":"Awakened One","ascension_level":2,"potions_obtained":[{"floor":1,"key":"EntropicBrew"},{"floor":4,"key":"SteroidPotion"},{"floor":14,"key":"SkillPotion"},{"floor":16,"key":"GamblersBrew"},{"floor":24,"key":"Block Potion"},{"floor":38,"key":"BloodPotion"},{"floor":40,"key":"SteroidPotion"}],"is_trial":false}