{"gold_per_floor":[115,115,115,133,58,83,83,115,115,115,65,65,75,75,75,178,178,190,205,5,20,32,65,65,84,107,107,139,152,187,33,33,128,128,148,3,3,15,0,25,25,40,40,52,93,117,129,141,153,165],"floor_reached":51,"playtime":1544,"items_purged":["Shame","Defend_R"],"score":796,"play_id":"0b3f25b6-96f2-481a-8f45-e38775150eee","local_time":"20190307173717","is_ascension_mode":false,"campfire_choices":[{"data":"Uppercut","floor":7.0,"key":"SMITH"},{"data":"Bash","floor":10.0,"key":"SMITH"},{"floor":15.0,"key":"DIG"},{"data":"Double Tap","floor":24,"key":"SMITH"},{"floor":27,"key":"DIG"},{"floor":32,"key":"DIG"},{"floor":41,"key":"DIG"},{"floor":49,"key":"DIG"}],"neow_cost":"CURSE","seed_source_timestamp":0,"circlet_count":0,"master_deck":["Strike_R","Strike_R","Strike_R+1","Strike_R","Bash+1","Uppercut+1","Double Tap+1","Offering","Shrug It Off","Pummel+1","Demon Form+1","Shrug It Off","Cleave+1","True Grit+1","Power Through+1","Madness","Madness","Double Tap","Dramatic Entrance+1"],"special_seed":0,"relics":["Burning Blood","Incense Burner","Thread and Needle","Blood Vial","Art of War","Frozen Egg 2","Shovel","Bottled Flame","Orrery","Brimstone","Ginger","Centennial Puzzle","PreservedInsect","Bag of Marbles","Regal Pillow","Bottled Tornado","Astrolabe","Whetstone","Red Mask","Molten Egg 2","Bag of Preparation","MawBank","Pen Nib","Lantern"],"potions_floor_usage":[16,23,25,29,30,40,50,50],"damage_taken":[{"damage":7.0,"enemies":"Cultist","floor":1.0,"turns":4.0},{"damage":6.0,"enemies":"Small Slimes","floor":4.0,"turns":4.0},{"damage":32.0,"enemies":"3 Sentries","floor":6.0,"turns":10.0},{"damage":13.0,"enemies":"Gremlin Nob","floor":8.0,"turns":5.0},{"damage":0.0,"enemies":"2 Louse","floor":13.0,"turns":2.0},{"damage":57,"enemies":"Hexaghost","floor":16,"turns":11},{"damage":23,"enemies":"Spheric Guardian","floor":18,"turns":4},{"damage":10,"enemies":"Shell Parasite","floor":19,"turns":5},{"damage":9,"enemies":"Snake Plant","floor":21,"turns":3},{"damage":15,"enemies":"Snecko","floor":22,"turns":4},{"damage":7,"enemies":"Book of Stabbing","floor":23,"turns":4},{"damage":7,"enemies":"Sentry and Sphere","floor":25,"turns":3},{"damage":21,"enemies":"Gremlin Leader","floor":28,"turns":3},{"damage":19,"enemies":"Shelled Parasite and Fungi","floor":29,"turns":3},{"damage":1,"enemies":"Book of Stabbing","floor":30,"turns":3},{"damage":43,"enemies":"Champ","floor":33,"turns":6},{"damage":6,"enemies":"Orb Walker","floor":35,"turns":2},{"damage":17,"enemies":"3 Darklings","floor":38,"turns":3},{"damage":14,"enemies":"Giant Head","floor":40,"turns":5},{"damage":6,"enemies":"Jaw Worm Horde","floor":42,"turns":2},{"damage":6,"enemies":"Nemesis","floor":45,"turns":3},{"damage":6,"enemies":"Sphere and 2 Shapes","floor":46,"turns":4},{"damage":30,"enemies":"Donu and Deca","floor":50,"turns":4}],"seed_played":"963300047924096997","potions_obtained":[{"floor":1.0,"key":"Regen Potion"},{"floor":4.0,"key":"Energy Potion"},{"floor":13.0,"key":"Explosive Potion"},{"floor":19,"key":"Weak Potion"},{"floor":29,"key":"Regen Potion"},{"floor":30,"key":"SkillPotion"},{"floor":40,"key":"Fruit Juice"},{"floor":46,"key":"Strength Potion"}],"is_trial":false,"path_per_floor":["M","T","?","M","$","E","R","E","T","R","?","?","M","$","R","B",null,"M","M","$","M","M","E","R","M","T","R","E","M","E","$","R","B",null,"M","$","?","M","?","E","R","M","T","?","E","M","$","?","R","B",null],"character_chosen":"IRONCLAD","items_purchased":["Brimstone","Shrug It Off","Whetstone"],"campfire_rested":0,"item_purchase_floors":[20,31,36],"current_hp_per_floor":[79,79,79,79,79,53,53,48,48,48,48,45,53,53,53,19,80,63,61,61,60,53,54,54,55,55,55,42,31,47,47,47,12,80,80,80,80,69,69,68,68,70,70,59,61,63,63,63,63,41],"gold":177,"neow_bonus":"ONE_RARE_RELIC","is_prod":false,"is_daily":false,"chose_seed":false,"campfire_upgraded":3,"win_rate":0,"timestamp":1551976637,"path_taken":["M","?","?","?","?","E","R","E","T","R","?","?","M","?","R","BOSS","M","M","$","M","M","E","R","M","T","R","E","M","E","$","R","BOSS","M","$","?","M","?","E","R","M","T","?","E","M","$","?","R","BOSS"],"build_version":"2019-02-06","purchased_purges":2,"victory":true,"max_hp_per_floor":[80,80,80,80,80,80,80,80,80,80,80,80,80,80,80,80,80,80,80,80,80,80,80,80,80,80,80,80,80,80,80,80,80,80,80,80,80,80,80,85,85,85,85,85,85,85,85,85,85,85],"card_choices":[{"not_picked":["Perfected Strike","Clothesline","Sever Soul"],"picked":"SKIP","floor":1.0},{"not_picked":["True Grit","Cleave"],"picked":"Uppercut","floor":4.0},{"not_picked":["Perfected Strike","Thunderclap","Flame Barrier"],"picked":"SKIP","floor":6.0},{"not_picked":["Feel No Pain","Havoc","Clothesline"],"picked":"SKIP","floor":8.0},{"not_picked":["Flex","Shrug It Off"],"picked":"Double Tap","floor":13.0},{"not_picked":["Exhume","Brutality+1"],"picked":"Offering","floor":16},{"not_picked":["Twin Strike","Shockwave+1"],"picked":"Shrug It Off","floor":18},{"not_picked":["Feel No Pain+1","Bloodletting"],"picked":"Pummel","floor":19},{"not_picked":["Clothesline","Metallicize+1"],"picked":"Demon Form+1","floor":21},{"not_picked":["Shockwave","Feel No Pain+1","Headbutt+1"],"picked":"SKIP","floor":22},{"not_picked":["Perfected Strike+1","Bloodletting","Thunderclap+1"],"picked":"SKIP","floor":23},{"not_picked":["Perfected Strike","Uppercut","Rage"],"picked":"SKIP","floor":25},{"not_picked":["Iron Wave","Exhume","Clothesline"],"picked":"SKIP","floor":28},{"not_picked":["Power Through+1","Cleave+1","Rage"],"picked":"SKIP","floor":29},{"not_picked":["Anger","Pommel Strike","True Grit+1"],"picked":"SKIP","floor":30},{"not_picked":["Carnage+1","Warcry","Reckless Charge"],"picked":"SKIP","floor":35},{"not_picked":["Carnage+1","Warcry","Reckless Charge"],"picked":"SKIP","floor":35},{"not_picked":["Warcry","Iron Wave+1","Burning Pact"],"picked":"SKIP","floor":38},{"not_picked":["Shockwave","Reaper","Anger"],"picked":"SKIP","floor":40},{"not_picked":["Battle Trance+1","Entrench+1","Intimidate+1"],"picked":"SKIP","floor":42},{"not_picked":["Clash+1","Rage","Warcry+1"],"picked":"SKIP","floor":45},{"not_picked":["Hemokinesis+1","Perfected Strike+1","Bloodletting"],"picked":"SKIP","floor":46}],"player_experience":1232490,"relics_obtained":[{"floor":2.0,"key":"Thread and Needle"},{"floor":6.0,"key":"Blood Vial"},{"floor":8.0,"key":"Art of War"},{"floor":9.0,"key":"Frozen Egg 2"},{"floor":15.0,"key":"Bottled Flame"},{"floor":23,"key":"Ginger"},{"floor":26,"key":"Centennial Puzzle"},{"floor":27,"key":"PreservedInsect"},{"floor":28,"key":"Bag of Marbles"},{"floor":30,"key":"Regal Pillow"},{"floor":32,"key":"Bottled Tornado"},{"floor":40,"key":"Molten Egg 2"},{"floor":41,"key":"Bag of Preparation"},{"floor":43,"key":"MawBank"},{"floor":45,"key":"Pen Nib"},{"floor":49,"key":"Lantern"}],"event_choices":[{"damage_healed":0.0,"max_hp_gain":0.0,"max_hp_loss":0.0,"gold_gain":0.0,"event_name":"Match and Keep!","player_choice":"0 cards matched","floor":3.0,"gold_loss":0.0,"damage_taken":0.0,"cards_obtained":[]},{"cards_removed":["Defend_R"],"damage_healed":0.0,"max_hp_gain":0.0,"max_hp_loss":0.0,"gold_gain":0.0,"event_name":"The Cleric","player_choice":"Card Removal","floor":11.0,"gold_loss":50.0,"damage_taken":0.0},{"damage_healed":0.0,"max_hp_gain":0.0,"max_hp_loss":0.0,"gold_gain":0.0,"event_name":"Scrap Ooze","player_choice":"Success","floor":12.0,"gold_loss":0.0,"damage_taken":3.0,"relics_obtained":["Shovel"]},{"damage_healed":0,"gold_gain":0,"player_choice":"Memory 1","damage_taken":0,"max_hp_gain":0,"max_hp_loss":0,"event_name":"SensoryStone","floor":37,"gold_loss":0},{"damage_healed":0,"gold_gain":0,"player_choice":"Paid","damage_taken":0,"relics_obtained":["Red Mask"],"max_hp_gain":0,"max_hp_loss":0,"event_name":"Tomb of Lord Red Mask","floor":39,"gold_loss":15},{"damage_healed":0,"gold_gain":0,"player_choice":"Embrace Madness","damage_taken":11,"max_hp_gain":0,"max_hp_loss":0,"event_name":"Winding Halls","floor":44,"gold_loss":0,"cards_obtained":["Madness","Madness"]},{"damage_healed":0,"gold_gain":0,"player_choice":"2 cards matched","damage_taken":0,"max_hp_gain":0,"max_hp_loss":0,"event_name":"Match and Keep!","floor":48,"gold_loss":0,"cards_obtained":["Double Tap","Dramatic Entrance"]}],"is_beta":true,"boss_relics":[{"not_picked":["Velvet Choker","Snecko Eye"],"picked":"Orrery"},{"not_picked":["Lizard Tail","Calling Bell"],"picked":"Astrolabe"}],"items_purged_floors":[5,31],"is_endless":false,"potions_floor_spawned":[1,4,13,19,21,22,29,30,40,46],"ascension_level":0}