{"path_per_floor":["M","M","?","M","M","E","?","R","T","E","M","R","?","M","R","B",null,"M","?","$","M","?","R","E","M","T","M","E","R","E","$","R"],"character_chosen":"THE_SILENT","items_purchased":["Noxious Fumes","Backflip","Tough Bandages"],"gold_per_floor":[109,119,119,136,152,178,353,353,376,401,411,411,466,479,479,574,574,574,574,375,375,375,375,375,375,375,375,375,375,375,23,23,23],"floor_reached":33,"campfire_rested":1,"playtime":1410,"current_hp_per_floor":[69,69,62,62,44,29,29,29,29,21,19,40,40,39,39,6,70,70,49,49,34,27,27,31,42,42,45,42,42,48,48,48,0],"items_purged":["Defend_G","Defend_G"],"gold":23,"score":340,"play_id":"a4d3443a-ea1d-46a9-8d5e-7aa8fa44c856","local_time":"20180513113359","is_prod":false,"is_daily":false,"chose_seed":false,"is_ascension_mode":false,"campfire_upgraded":5,"timestamp":1526236439,"path_taken":["M","?","?","M","M","E","?","R","T","E","?","R","?","?","R","BOSS","M","?","$","?","?","R","E","M","T","?","E","R","E","?","R","BOSS"],"build_version":"2018-05-12v2","seed_source_timestamp":311661337875304,"purchased_purges":2,"victory":false,"master_deck":["Defend_G","Defend_G+1","Defend_G+1","Survivor+1","Neutralize","Quick Slash","Crippling Poison","Dagger Spray+1","Glass Knife+1","Die Die Die","Escape Plan+1","Bite","Bite","Bite","Bite","Bite+1","Noxious Fumes+1","Backflip+1","Backflip+1","Adrenaline"],"max_hp_per_floor":[70,70,70,70,70,70,70,70,70,70,70,70,70,70,70,70,70,70,49,49,49,49,49,49,49,49,49,49,49,49,49,49,49],"relics":["Ring of the Snake","Potion Belt","Bag of Marbles","Omamori","War Paint","Pantograph","Ectoplasm","Ornamental Fan","Regal Pillow","Whetstone","Happy Flower","Tough Bandages"],"card_choices":[{"not_picked":["Prepared","Flying Knee"],"picked":"Quick Slash","floor":1},{"not_picked":["Poisoned Stab","Bane"],"picked":"Crippling Poison","floor":2},{"not_picked":["Masterful Stab","Expertise"],"picked":"Dagger Spray","floor":4},{"not_picked":["Choke","Slice","Deadly Poison"],"picked":"SKIP","floor":5},{"not_picked":["Distraction","Backstab"],"picked":"Glass Knife","floor":6},{"not_picked":["Reflex","Deadly Poison","PiercingWail"],"picked":"SKIP","floor":10},{"not_picked":["Underhanded Strike","Prepared","Leg Sweep"],"picked":"SKIP","floor":11},{"not_picked":["Dagger Spray","Calculated Gamble","Infinite Blades"],"picked":"SKIP","floor":14},{"not_picked":["Phantasmal Killer","Bullet Time"],"picked":"Die Die Die","floor":16},{"not_picked":["Flying Knee","PiercingWail"],"picked":"Escape Plan+1","floor":18},{"not_picked":["Dagger Throw+1","Predator"],"picked":"Backflip","floor":21},{"not_picked":["Dodge and Roll+1","Dash","Acrobatics"],"picked":"SKIP","floor":24},{"not_picked":["Dagger Spray","Well Laid Plans","Dagger Throw"],"picked":"SKIP","floor":25},{"not_picked":["Prepared","Deadly Poison+1","Acrobatics"],"picked":"SKIP","floor":27},{"not_picked":["Expertise","Deadly Poison+1","Blade Dance"],"picked":"SKIP","floor":28},{"not_picked":["PiercingWail","Prepared"],"picked":"Adrenaline","floor":30}],"player_experience":70657,"potions_floor_usage":[6,16,21,24,27,30,33],"damage_taken":[{"damage":1,"enemies":"Cultist","floor":1,"turns":4},{"damage":0,"enemies":"Jaw Worm","floor":2,"turns":4},{"damage":0,"enemies":"2 Louse","floor":4,"turns":2},{"damage":18,"enemies":"Large Slime","floor":5,"turns":5},{"damage":15,"enemies":"Gremlin Nob","floor":6,"turns":5},{"damage":8,"enemies":"3 Sentries","floor":10,"turns":6},{"damage":2,"enemies":"Looter","floor":11,"turns":2},{"damage":1,"enemies":"3 Louse","floor":14,"turns":2},{"damage":58,"enemies":"Hexaghost","floor":16,"turns":13},{"damage":0,"enemies":"3 Byrds","floor":18,"turns":3},{"damage":21,"enemies":"Spheric Guardian","floor":21,"turns":5},{"damage":14,"enemies":"Gremlin Leader","floor":24,"turns":7},{"damage":1,"enemies":"Snecko","floor":25,"turns":5},{"damage":3,"enemies":"Sentry and Sphere","floor":27,"turns":4},{"damage":15,"enemies":"Book of Stabbing","floor":28,"turns":5},{"damage":5,"enemies":"Gremlin Leader","floor":30,"turns":5},{"damage":69,"enemies":"Collector","floor":33,"turns":8}],"event_choices":[{"event_name":"Scrap Ooze","player_choice":"success","floor":3,"damage_taken":7},{"event_name":"Liars Game","player_choice":"agreed","floor":7,"damage_taken":0},{"event_name":"Golden Wing","player_choice":"Gained Gold","floor":13,"damage_taken":0},{"event_name":"Vampires","player_choice":"Became a vampire","floor":19,"damage_taken":0},{"event_name":"Knowing Skull","player_choice":"","floor":22,"damage_taken":0}],"boss_relics":[{"not_picked":["Snecko Eye","Philosopher\u0027s Stone"],"picked":"Ectoplasm"}],"potions_floor_spawned":[2,6,14,18,21,25,28],"seed_played":"3157834456328961457","killed_by":"Collector","ascension_level":0,"is_trial":false}