{"gold_per_floor":[112,112,124,140,140,140,155,174,174,174,192,203,272,289,289,361,361,380,399,413,76,88,88,108,158,158,208,219,232,301,301],"floor_reached":31,"playtime":1209,"items_purged":["Defend_R"],"score":478,"play_id":"85d505a6-270a-4fb0-95d3-82aff564e2d4","local_time":"20181104163710","is_ascension_mode":true,"campfire_choices":[{"data":"Shockwave","floor":6,"key":"SMITH"},{"data":"Flame Barrier","floor":15,"key":"SMITH"},{"data":"Double Tap","floor":23,"key":"SMITH"}],"neow_cost":"NONE","seed_source_timestamp":1226433806331708,"circlet_count":0,"master_deck":["AscendersBane","Strike_R","Strike_R","Strike_R","Strike_R","Strike_R","Defend_R","Defend_R","Bash","Body Slam+1","Pommel Strike","Shockwave+1","Impervious","Flame Barrier+1","Sword Boomerang","Shrug It Off","Reaper","Shrug It Off+1","Double Tap+1","Inflame","Clothesline","Pummel","Decay","Pain","Immolate+1","Sword Boomerang+1","Pummel+1"],"relics":["Burning Blood","Ancient Tea Set","Red Skull","SsserpentHead","Cursed Key","Pear","Molten Egg 2"],"potions_floor_usage":[16,16,28,29],"damage_taken":[{"damage":1,"enemies":"2 Louse","floor":1,"turns":3},{"damage":0,"enemies":"Cultist","floor":3,"turns":3},{"damage":7,"enemies":"Small Slimes","floor":4,"turns":4},{"damage":26,"enemies":"Gremlin Gang","floor":7,"turns":6},{"damage":9,"enemies":"Looter","floor":8,"turns":3},{"damage":20,"enemies":"Red Slaver","floor":11,"turns":4},{"damage":4,"enemies":"Large Slime","floor":12,"turns":5},{"damage":6,"enemies":"Looter","floor":13,"turns":3},{"damage":13,"enemies":"Lots of Slimes","floor":14,"turns":4},{"damage":13,"enemies":"Hexaghost","floor":16,"turns":7},{"damage":26,"enemies":"2 Thieves","floor":18,"turns":5},{"damage":16,"enemies":"Chosen","floor":19,"turns":6},{"damage":14,"enemies":"Centurion and Healer","floor":20,"turns":6},{"damage":18,"enemies":"Chosen and Byrds","floor":22,"turns":5},{"damage":45,"enemies":"Cultist and Chosen","floor":24,"turns":6},{"damage":41,"enemies":"Centurion and Healer","floor":28,"turns":5},{"damage":8,"enemies":"Snake Plant","floor":29,"turns":3},{"damage":11,"enemies":"Cultist and Chosen","floor":30,"turns":3},{"damage":23,"enemies":"Shelled Parasite and Fungi","floor":31,"turns":1}],"seed_played":"5880512480685630328","potions_obtained":[{"floor":4,"key":"LiquidBronze"},{"floor":7,"key":"Explosive Potion"},{"floor":13,"key":"LiquidBronze"},{"floor":18,"key":"Energy Potion"},{"floor":22,"key":"BloodPotion"},{"floor":29,"key":"Fruit Juice"}],"is_trial":false,"path_per_floor":["M","?","M","M","?","R","M","M","T","?","M","M","M","M","R","B",null,"M","M","M","$","M","R","M","?","T","?","M","M","M","M"],"character_chosen":"IRONCLAD","items_purchased":["Double Tap","Inflame"],"campfire_rested":0,"item_purchase_floors":[21,21],"current_hp_per_floor":[73,73,75,74,74,74,54,51,51,51,37,39,39,32,32,25,63,55,49,51,51,52,52,21,21,31,31,17,20,15,0],"gold":301,"neow_bonus":"TRANSFORM_CARD","is_prod":false,"is_daily":false,"chose_seed":false,"campfire_upgraded":3,"win_rate":0,"timestamp":1541345830,"path_taken":["M","?","?","M","?","R","?","M","T","?","M","M","?","M","R","BOSS","M","M","M","$","M","R","M","?","T","?","M","M","?","M"],"build_version":"2018-11-02","purchased_purges":1,"victory":false,"max_hp_per_floor":[75,75,75,75,75,75,75,75,75,75,75,75,75,75,75,75,75,75,75,75,75,75,75,75,75,85,85,85,90,90,90],"card_choices":[{"not_picked":["Headbutt","Reckless Charge"],"picked":"Pommel Strike","floor":1},{"not_picked":["Flex","Entrench","Seeing Red"],"picked":"SKIP","floor":3},{"not_picked":["Flex","Seeing Red"],"picked":"Entrench","floor":3},{"not_picked":["Twin Strike","Blood for Blood"],"picked":"Shockwave","floor":4},{"not_picked":["Cleave","Fire Breathing","Sword Boomerang"],"picked":"SKIP","floor":7},{"not_picked":["Thunderclap","Combust"],"picked":"Impervious","floor":8},{"not_picked":["Ghostly Armor","Bloodletting"],"picked":"Flame Barrier","floor":11},{"not_picked":["True Grit","Second Wind"],"picked":"Sword Boomerang","floor":12},{"not_picked":["Cleave","True Grit"],"picked":"Shrug It Off","floor":13},{"not_picked":["Dual Wield","Perfected Strike","Barricade"],"picked":"SKIP","floor":14},{"not_picked":["Fiend Fire","Dark Embrace"],"picked":"Reaper","floor":16},{"not_picked":["Flex+1","Havoc"],"picked":"Shrug It Off+1","floor":18},{"not_picked":["Shrug It Off","Cleave","Flex"],"picked":"SKIP","floor":19},{"not_picked":["Wild Strike","Disarm","Clash"],"picked":"SKIP","floor":20},{"not_picked":["Infernal Blade","Headbutt"],"picked":"Clothesline","floor":22},{"not_picked":["Bloodletting","Armaments"],"picked":"Pummel","floor":24},{"not_picked":["Flex","Twin Strike+1"],"picked":"Immolate+1","floor":28},{"not_picked":["Clothesline+1","Anger+1"],"picked":"Sword Boomerang+1","floor":29},{"not_picked":["Rupture","Disarm"],"picked":"Pummel+1","floor":30}],"player_experience":871256,"relics_obtained":[{"floor":9,"key":"Red Skull"},{"floor":26,"key":"Pear"},{"floor":27,"key":"Molten Egg 2"}],"event_choices":[{"damage_healed":0,"gold_gain":0,"player_choice":"Upgraded","damage_taken":0,"max_hp_gain":0,"max_hp_loss":0,"event_name":"Upgrade Shrine","floor":2,"gold_loss":0,"cards_upgraded":["Body Slam"]},{"cards_removed":["Entrench"],"damage_healed":0,"gold_gain":0,"player_choice":"Gave Card","damage_taken":0,"relics_obtained":["Ancient Tea Set"],"max_hp_gain":0,"max_hp_loss":0,"event_name":"WeMeetAgain","floor":5,"gold_loss":0},{"damage_healed":0,"gold_gain":0,"player_choice":"Trade","damage_taken":0,"relics_obtained":["SsserpentHead"],"max_hp_gain":0,"max_hp_loss":0,"event_name":"FaceTrader","floor":10,"gold_loss":0},{"damage_healed":0,"gold_gain":0,"player_choice":"Smashed Altar","damage_taken":0,"max_hp_gain":0,"max_hp_loss":0,"event_name":"Forgotten Altar","floor":25,"gold_loss":0,"cards_obtained":["Decay"]},{"damage_healed":0,"gold_gain":0,"player_choice":"Relic","damage_taken":0,"max_hp_gain":0,"max_hp_loss":0,"event_name":"Wheel of Change","floor":27,"gold_loss":0}],"is_beta":true,"boss_relics":[{"not_picked":["Mark of Pain","Eternal Feather"],"picked":"Cursed Key"}],"items_purged_floors":[21],"is_endless":false,"potions_floor_spawned":[4,7,8,11,12,13,18,22,29],"killed_by":"Shelled Parasite and Fungi","ascension_level":20}