{"gold_per_floor":[119,119,119,138,149,149,177,177,200,225,225,240,240,274,274,274],"floor_reached":16,"playtime":1126,"items_purged":[],"score":236,"play_id":"0115a9af-410e-4b69-a2a8-c8cdf42c4dc1","local_time":"20190417181737","is_ascension_mode":true,"campfire_choices":[{"data":"Zap","floor":6.0,"key":"SMITH"},{"floor":8.0,"key":"REST"},{"data":"Go for the Eyes","floor":11.0,"key":"SMITH"},{"data":"Coolheaded","floor":13.0,"key":"SMITH"},{"floor":15.0,"key":"REST"}],"neow_cost":"TEN_PERCENT_HP_LOSS","seed_source_timestamp":571444937037432,"circlet_count":0,"master_deck":["AscendersBane","Strike_B","Strike_B","Defend_B","Defend_B","Defend_B","Defend_B","Zap+1","Dualcast","Self Repair","Coolheaded+1","Go for the Eyes+1","Cold Snap","Undo","Loop","Electrodynamics"],"special_seed":0,"relics":["Cracked Core","Omamori","Strawberry","Oddly Smooth Stone","Centennial Puzzle","PreservedInsect"],"potions_floor_usage":[],"damage_taken":[{"damage":1.0,"enemies":"Small Slimes","floor":1.0,"turns":3.0},{"damage":7.0,"enemies":"Jaw Worm","floor":4.0,"turns":4.0},{"damage":1.0,"enemies":"Cultist","floor":5.0,"turns":4.0},{"damage":24.0,"enemies":"Gremlin Nob","floor":7.0,"turns":4.0},{"damage":9.0,"enemies":"Lagavulin","floor":10.0,"turns":7.0},{"damage":0.0,"enemies":"Exordium Wildlife","floor":12.0,"turns":5.0},{"damage":28.0,"enemies":"Gremlin Nob","floor":14.0,"turns":4.0},{"damage":50,"enemies":"Slime Boss","floor":16,"turns":9}],"seed_played":"8182573638684819778","potions_obtained":[{"floor":1.0,"key":"Strength Potion"},{"floor":5.0,"key":"Block Potion"},{"floor":7.0,"key":"SkillPotion"},{"floor":12.0,"key":"SteroidPotion"}],"is_trial":false,"path_per_floor":["M","?","?","M","M","R","E","R","T","E","R","M","R","E","R","B"],"character_chosen":"DEFECT","items_purchased":[],"campfire_rested":2,"item_purchase_floors":[],"current_hp_per_floor":[63,28,28,28,34,34,24,45,45,43,43,50,50,29,50,0],"gold":274,"neow_bonus":"REMOVE_TWO","is_prod":false,"is_daily":false,"chose_seed":false,"campfire_upgraded":3,"win_rate":0,"timestamp":1555546657,"path_taken":["M","?","?","M","M","R","E","R","T","E","R","M","R","E","R","BOSS"],"build_version":"2019-04-04","purchased_purges":0,"victory":false,"max_hp_per_floor":[64,64,64,64,64,64,71,71,71,71,71,71,71,71,71,71],"card_choices":[{"not_picked":["Recycle","Storm","Heatsinks"],"picked":"SKIP","floor":1.0},{"not_picked":["Stack","Sweeping Beam"],"picked":"Go for the Eyes","floor":4.0},{"not_picked":["Sweeping Beam","Compile Driver"],"picked":"Cold Snap","floor":5.0},{"not_picked":["Streamline","White Noise","Multi-Cast"],"picked":"SKIP","floor":7.0},{"not_picked":["Turbo","Gash"],"picked":"Undo","floor":10.0},{"not_picked":["Conserve Battery","Scrape"],"picked":"Loop","floor":12.0},{"not_picked":["Capacitor","Skim"],"picked":"Electrodynamics","floor":14.0}],"player_experience":2911336,"relics_obtained":[{"floor":7.0,"key":"Strawberry"},{"floor":9.0,"key":"Oddly Smooth Stone"},{"floor":10.0,"key":"Centennial Puzzle"},{"floor":14.0,"key":"PreservedInsect"}],"event_choices":[{"damage_healed":0.0,"max_hp_gain":0.0,"max_hp_loss":0.0,"gold_gain":0.0,"event_name":"Scrap Ooze","player_choice":"Success","floor":2.0,"gold_loss":0.0,"damage_taken":35.0,"relics_obtained":["Omamori"]},{"damage_healed":0.0,"max_hp_gain":0.0,"max_hp_loss":0.0,"gold_gain":0.0,"event_name":"Match and Keep!","player_choice":"2 cards matched","floor":3.0,"gold_loss":0.0,"damage_taken":0.0,"cards_obtained":["Self Repair","Coolheaded"]},{"damage_healed":0.0,"max_hp_gain":0.0,"max_hp_loss":0.0,"gold_gain":0.0,"event_name":"Match and Keep!","player_choice":"2 cards matched","floor":3.0,"gold_loss":0.0,"damage_taken":0.0,"cards_obtained":["Self Repair","Coolheaded"]}],"is_beta":true,"boss_relics":[],"items_purged_floors":[],"is_endless":false,"potions_floor_spawned":[1,5,7,12],"killed_by":"Slime Boss","ascension_level":20}