{"path_per_floor":["M","M","?","M","?","E","R","E","T","R","M","$","R","M","R","B",null,"M","?","M","M","M","E","R","?","T","M","E","R","E","$","R","B",null,"M","?","$","M","$","E","R","?","T","R","$","?","?","?","R","B"],"character_chosen":"IRONCLAD","items_purchased":["Double Tap","Metallicize","Shuriken","Shrug It Off","Metallicize","Frozen Egg 2"],"gold_per_floor":[113,132,132,148,148,191,191,226,226,226,249,18,18,41,41,161,161,185,185,201,215,236,279,279,279,305,330,361,361,392,317,317,445,445,459,792,399,412,3,35,35,35,59,59,59,59,59,59,59,59],"floor_reached":51,"campfire_rested":1,"playtime":1972,"current_hp_per_floor":[80,80,73,79,59,51,51,35,35,35,33,33,33,30,30,57,80,80,80,80,80,80,69,69,69,76,78,40,40,26,26,67,87,87,85,85,85,87,87,85,85,85,85,85,85,85,74,74,74,85],"items_purged":["Strike_R","Strike_R","Strike_R"],"gold":59,"score":914,"play_id":"210c73ee-3bad-4312-9be5-a683b2d0365c","local_time":"20180428180827","is_prod":false,"is_daily":false,"chose_seed":false,"is_ascension_mode":false,"campfire_upgraded":9,"timestamp":1524964107,"path_taken":["M","M","?","M","?","E","R","E","T","R","M","$","R","M","R","BOSS","M","?","M","M","M","E","R","?","T","M","E","R","E","$","R","BOSS","M","?","$","M","$","E","R","?","T","R","$","?","?","?","R","BOSS"],"build_version":"2018-04-27v3","seed_source_timestamp":288616529256564,"purchased_purges":3,"victory":true,"master_deck":["Strike_R","Strike_R","Defend_R","Defend_R","Bash","Shrug It Off+1","Shrug It Off+1","Barricade+1","Double Tap+1","Metallicize+1","Offering","Pommel Strike","Body Slam+1","Ghostly Armor+1","Body Slam+1","Metallicize+1","Entrench+1","Offering","Iron Wave+1","Shrug It Off","Metallicize+1","Whirlwind+1","Good Instincts","Madness","Madness"],"max_hp_per_floor":[80,80,80,80,80,80,80,80,80,80,80,80,80,80,80,80,80,80,80,80,80,80,80,80,80,87,87,87,87,87,87,87,87,87,87,87,87,87,87,87,87,87,87,87,87,87,87,87,87,87],"relics":["Burning Blood","Bronze Scales","Ornamental Fan","Pantograph","Gremlin Horn","Sozu","Juzu Bracelet","Strawberry","Regal Pillow","Centennial Puzzle","Mark of Pain","Shuriken","Frozen Egg 2","Oddly Smooth Stone","Dream Catcher"],"card_choices":[{"not_picked":["Ghostly Armor","Clothesline"],"picked":"Shrug It Off","floor":1},{"not_picked":["Flex","Dropkick"],"picked":"Shrug It Off","floor":2},{"not_picked":["Body Slam","Metallicize"],"picked":"Barricade","floor":8},{"not_picked":["Fiend Fire","Reaper"],"picked":"Offering","floor":16},{"not_picked":["Infernal Blade","Anger"],"picked":"Pommel Strike","floor":18},{"not_picked":["Anger","Thunderclap"],"picked":"Ghostly Armor","floor":20},{"not_picked":["Pommel Strike","Reckless Charge"],"picked":"Body Slam","floor":21},{"not_picked":["Sword Boomerang","Infernal Blade"],"picked":"Entrench","floor":28},{"not_picked":["Dark Embrace","Reaper"],"picked":"Offering","floor":33},{"not_picked":["Intimidate","Armaments"],"picked":"Iron Wave","floor":35},{"not_picked":["Headbutt","Power Through"],"picked":"Whirlwind","floor":40},{"not_picked":["Deep Breath","Blind"],"picked":"Good Instincts","floor":42}],"player_experience":26793,"potions_floor_usage":[6,8,16,16],"damage_taken":[{"damage":0,"enemies":"Small Slimes","floor":1,"turns":3},{"damage":3,"enemies":"Jaw Worm","floor":2,"turns":3},{"damage":0,"enemies":"2 Louse","floor":4,"turns":2},{"damage":14,"enemies":"3 Sentries","floor":6,"turns":8},{"damage":22,"enemies":"Lagavulin","floor":8,"turns":6},{"damage":8,"enemies":"Red Slaver","floor":11,"turns":4},{"damage":9,"enemies":"Looter","floor":14,"turns":4},{"damage":4,"enemies":"The Guardian","floor":16,"turns":17},{"damage":6,"enemies":"Shell Parasite","floor":18,"turns":7},{"damage":4,"enemies":"Spheric Guardian","floor":20,"turns":4},{"damage":4,"enemies":"Snecko","floor":21,"turns":3},{"damage":4,"enemies":"Cultist and Chosen","floor":22,"turns":5},{"damage":17,"enemies":"Book of Stabbing","floor":23,"turns":5},{"damage":4,"enemies":"3 Cultists","floor":27,"turns":5},{"damage":44,"enemies":"Gremlin Leader","floor":28,"turns":5},{"damage":20,"enemies":"Slavers","floor":30,"turns":4},{"damage":4,"enemies":"Collector","floor":33,"turns":6},{"damage":8,"enemies":"3 Shapes","floor":35,"turns":3},{"damage":0,"enemies":"Orb Walker","floor":38,"turns":4},{"damage":8,"enemies":"Nemesis","floor":40,"turns":5},{"damage":8,"enemies":"Donu and Deca","floor":50,"turns":6}],"event_choices":[{"event_name":"Golden Wing","player_choice":"Card Removal","floor":3,"damage_taken":0},{"event_name":"Golden Idol","player_choice":"Take Damage","floor":5,"damage_taken":0},{"event_name":"The Library","player_choice":"Read","floor":19,"damage_taken":0},{"event_name":"Duplicator","player_choice":"One dupe","floor":25,"damage_taken":0},{"event_name":"The Moai Head","player_choice":"Gave Idol","floor":36,"damage_taken":0},{"event_name":"SensoryStone","player_choice":"Memory 1","floor":42,"damage_taken":0},{"event_name":"Mysterious Sphere","player_choice":"Ignore","floor":46,"damage_taken":0},{"event_name":"Winding Halls","player_choice":"Embrace Madness","floor":47,"damage_taken":0}],"boss_relics":[{"not_picked":["Velvet Choker","Snecko Eye"],"picked":"Sozu"},{"not_picked":["Runic Dome","Orrery"],"picked":"Mark of Pain"}],"potions_floor_spawned":[1,4,11,14,18,22,23,27,28,35],"seed_played":"2189404708804518340","ascension_level":0,"is_trial":false}