{"gold_per_floor":[99,24,35,35,35,35,61,61,61,71,82,82,17,42,42,116,116,96,96,107,119,138,138],"floor_reached":23,"playtime":632,"items_purged":["Parasite"],"score":427,"play_id":"9ca26e22-6953-408c-ba02-3642cb17d99c","local_time":"20190330012839","is_ascension_mode":true,"campfire_choices":[{"data":"Bash","floor":6.0,"key":"SMITH"},{"floor":8.0,"key":"REST"},{"floor":15.0,"key":"REST"}],"neow_cost":"CURSE","seed_source_timestamp":0,"circlet_count":0,"master_deck":["AscendersBane","Defend_R","Defend_R","Defend_R","Bash+1","Heavy Blade","Immolate","Offering+1","Shrug It Off+1","Flame Barrier+1","Demon Form","Bite","Bite","Bite","Bite","Bite","Shrug It Off+1"],"special_seed":0,"relics":["Burning Blood","Toxic Egg 2","Regal Pillow","Bag of Preparation","Orrery"],"potions_floor_usage":[],"damage_taken":[{"damage":1.0,"enemies":"Cultist","floor":1.0,"turns":3.0},{"damage":12.0,"enemies":"Small Slimes","floor":3.0,"turns":3.0},{"damage":57.0,"enemies":"Gremlin Nob","floor":7.0,"turns":5.0},{"damage":2.0,"enemies":"Jaw Worm","floor":10.0,"turns":3.0},{"damage":3.0,"enemies":"Exordium Wildlife","floor":11.0,"turns":3.0},{"damage":40.0,"enemies":"Lagavulin","floor":14.0,"turns":5.0},{"damage":37.0,"enemies":"Slime Boss","floor":16.0,"turns":9.0},{"damage":18.0,"enemies":"2 Thieves","floor":18.0,"turns":4.0},{"damage":18.0,"enemies":"Chosen","floor":20.0,"turns":3.0},{"damage":25.0,"enemies":"Centurion and Healer","floor":21.0,"turns":8.0},{"damage":13.0,"enemies":"Snecko","floor":22.0,"turns":4.0},{"damage":72,"enemies":"Gremlin Leader","floor":23,"turns":4}],"seed_played":"6135797075302836427","potions_obtained":[{"floor":7.0,"key":"EssenceOfSteel"},{"floor":10.0,"key":"Strength Potion"},{"floor":16.0,"key":"SpeedPotion"},{"floor":18.0,"key":"GamblersBrew"},{"floor":22.0,"key":"FairyPotion"}],"is_trial":false,"path_per_floor":["M","$","M","?","$","R","E","R","T","M","M","?","?","E","R","B",null,"M","?","M","M","M","E"],"character_chosen":"IRONCLAD","items_purchased":[],"campfire_rested":2,"item_purchase_floors":[],"current_hp_per_floor":[73,72,66,66,66,66,15,36,36,40,43,43,43,9,45,14,58,46,46,44,47,48,0],"gold":138,"neow_bonus":"TRANSFORM_TWO_CARDS","is_prod":false,"is_daily":false,"chose_seed":false,"campfire_upgraded":1,"win_rate":0,"timestamp":1553905719,"path_taken":["M","?","M","?","?","R","E","R","T","?","M","?","?","E","R","BOSS","M","?","M","M","M","E"],"build_version":"2019-03-15","purchased_purges":1,"victory":false,"max_hp_per_floor":[75,72,72,72,72,72,72,72,72,72,72,72,72,72,72,72,72,72,50,50,50,50,50],"card_choices":[{"not_picked":["Warcry","Corruption","Twin Strike"],"picked":"SKIP","floor":1.0},{"not_picked":["Iron Wave","Juggernaut","Thunderclap"],"picked":"SKIP","floor":3.0},{"not_picked":["Heavy Blade","Iron Wave","Wild Strike"],"picked":"SKIP","floor":7.0},{"not_picked":["Heavy Blade","Anger","Burning Pact+1"],"picked":"SKIP","floor":10.0},{"not_picked":["Heavy Blade","Anger","Burning Pact+1"],"picked":"SKIP","floor":10.0},{"not_picked":["Cleave","Fire Breathing","Dropkick"],"picked":"SKIP","floor":11.0},{"not_picked":["Bloodletting+1","Rupture","Perfected Strike"],"picked":"SKIP","floor":14.0},{"not_picked":["Fiend Fire","Berserk"],"picked":"Offering+1","floor":16.0},{"not_picked":["Perfected Strike","Pommel Strike"],"picked":"Shrug It Off+1","floor":17.0},{"not_picked":["Intimidate+1","Body Slam"],"picked":"Flame Barrier+1","floor":17.0},{"not_picked":["Sword Boomerang","Cleave"],"picked":"Demon Form","floor":18.0},{"not_picked":["Power Through+1","Metallicize"],"picked":"Shrug It Off+1","floor":20.0},{"not_picked":["Evolve","Warcry+1","Clash"],"picked":"SKIP","floor":21.0},{"not_picked":["Pommel Strike","Iron Wave","Anger"],"picked":"SKIP","floor":22.0}],"player_experience":1306181,"relics_obtained":[{"floor":7.0,"key":"Toxic Egg 2"},{"floor":9.0,"key":"Regal Pillow"},{"floor":14.0,"key":"Bag of Preparation"}],"event_choices":[{"damage_healed":0.0,"max_hp_gain":0.0,"max_hp_loss":0.0,"gold_gain":0.0,"event_name":"The Cleric","player_choice":"Leave","floor":4.0,"gold_loss":0.0,"damage_taken":0.0},{"damage_healed":0.0,"max_hp_gain":0.0,"max_hp_loss":0.0,"gold_gain":0.0,"event_name":"Dead Adventurer","player_choice":"Searched \u00270\u0027 times","floor":12.0,"gold_loss":0.0,"damage_taken":0.0},{"damage_healed":0.0,"max_hp_gain":0.0,"max_hp_loss":0.0,"gold_gain":0.0,"event_name":"Dead Adventurer","player_choice":"Searched \u00270\u0027 times","floor":12.0,"gold_loss":0.0,"damage_taken":0.0},{"damage_healed":0.0,"max_hp_gain":0.0,"max_hp_loss":0.0,"gold_gain":0.0,"event_name":"World of Goop","player_choice":"Left Gold","floor":13.0,"gold_loss":65.0,"damage_taken":0.0},{"damage_healed":0.0,"max_hp_gain":0.0,"max_hp_loss":22.0,"gold_gain":0.0,"event_name":"Vampires","player_choice":"Became a vampire","floor":19.0,"gold_loss":0.0,"damage_taken":0.0,"cards_obtained":["Bite","Bite","Bite","Bite","Bite"]}],"is_beta":true,"boss_relics":[{"not_picked":["Sozu","Runic Cube"],"picked":"Orrery"}],"items_purged_floors":[2],"is_endless":false,"potions_floor_spawned":[7,10,16,18,20,22],"killed_by":"Gremlin Leader","ascension_level":20}