{"gold_per_floor":[113,113,179,229,279,312,331,331,412,412,40,109,109,32,32,110,110,126,66,128,178,228,228,228],"floor_reached":24,"playtime":960,"items_purged":["Defend_R"],"score":434,"play_id":"3c9f4ed2-5bce-4e44-a710-08eba6d7e507","local_time":"20190106152904","is_ascension_mode":true,"campfire_choices":[{"data":"Armaments","floor":8,"key":"SMITH"},{"data":"Iron Wave","floor":10,"key":"SMITH"},{"data":"Shockwave","floor":13,"key":"SMITH"},{"floor":15,"key":"REST"},{"floor":23,"key":"REST"}],"neow_cost":"NONE","seed_source_timestamp":493533795308400,"circlet_count":0,"master_deck":["AscendersBane","Strike_R+1","Strike_R+1","Strike_R+1","Strike_R+1","Defend_R+1","Defend_R+1","Defend_R+1","Bash+1","Shrug It Off","Shrug It Off+1","Armaments+1","Iron Wave+1","Feed","Shockwave+1","Uppercut","Dropkick"],"relics":["Burning Blood","NeowsBlessing","SsserpentHead","Omamori","War Paint","Frozen Egg 2","Potion Belt","Runic Pyramid"],"potions_floor_usage":[12,16,20],"damage_taken":[{"damage":0,"enemies":"Small Slimes","floor":1,"turns":1},{"damage":0,"enemies":"Cultist","floor":3,"turns":1},{"damage":0,"enemies":"Lagavulin","floor":6,"turns":1},{"damage":0,"enemies":"2 Louse","floor":7,"turns":3},{"damage":28,"enemies":"Large Slime","floor":12,"turns":11},{"damage":59,"enemies":"Hexaghost","floor":16,"turns":14},{"damage":4,"enemies":"Chosen","floor":18,"turns":6},{"damage":12,"enemies":"3 Byrds","floor":20,"turns":6},{"damage":91,"enemies":"Slavers","floor":24,"turns":10}],"seed_played":"-2097661752470985042","potions_obtained":[{"floor":1,"key":"Block Potion"},{"floor":6,"key":"Poison Potion"},{"floor":16,"key":"Explosive Potion"}],"is_trial":false,"path_per_floor":["M","?","M","?","?","E","M","R","T","R","$","M","R","$","R","B",null,"M","?","M","?","?","R","E"],"character_chosen":"IRONCLAD","items_purchased":["Potion Belt","Feed","Uppercut"],"campfire_rested":2,"item_purchase_floors":[11,11,14],"current_hp_per_floor":[74,74,75,75,49,55,61,61,61,61,61,42,42,42,65,12,62,68,68,65,65,65,85,0],"gold":228,"neow_bonus":"THREE_ENEMY_KILL","is_prod":false,"is_daily":false,"chose_seed":false,"campfire_upgraded":3,"win_rate":0,"timestamp":1546784944,"path_taken":["M","?","?","?","?","E","M","R","T","R","?","?","R","$","R","BOSS","M","?","?","?","?","R","E"],"build_version":"2019-01-03v4","purchased_purges":1,"victory":false,"max_hp_per_floor":[75,75,75,75,75,75,75,75,75,75,75,78,78,78,78,78,78,82,82,85,85,85,85,89],"card_choices":[{"not_picked":["Entrench","Havoc"],"picked":"Shrug It Off","floor":1},{"not_picked":["Blood for Blood","Carnage"],"picked":"Shrug It Off","floor":3},{"not_picked":["Dropkick","Body Slam"],"picked":"Armaments","floor":6},{"not_picked":["True Grit","Whirlwind"],"picked":"Iron Wave","floor":7},{"not_picked":["Perfected Strike","Flex"],"picked":"Shockwave","floor":12},{"not_picked":["Flex","Ghostly Armor","Searing Blow"],"picked":"SKIP","floor":18},{"not_picked":["Armaments","Clothesline+1"],"picked":"Dropkick","floor":20}],"player_experience":1019686,"relics_obtained":[{"floor":6,"key":"War Paint"},{"floor":9,"key":"Frozen Egg 2"}],"event_choices":[{"damage_healed":0,"gold_gain":0,"player_choice":"Trade","damage_taken":0,"relics_obtained":["SsserpentHead"],"max_hp_gain":0,"max_hp_loss":0,"event_name":"FaceTrader","floor":2,"gold_loss":0},{"damage_healed":0,"gold_gain":0,"player_choice":"Grow","damage_taken":0,"max_hp_gain":0,"max_hp_loss":0,"event_name":"Living Wall","floor":4,"gold_loss":0,"cards_upgraded":["Bash"]},{"damage_healed":0,"gold_gain":0,"player_choice":"Success","damage_taken":26,"relics_obtained":["Omamori"],"max_hp_gain":0,"max_hp_loss":0,"event_name":"Scrap Ooze","floor":5,"gold_loss":0},{"cards_removed":["Strike_R"],"damage_healed":0,"gold_gain":0,"player_choice":"Upgrade and Remove","damage_taken":0,"max_hp_gain":0,"max_hp_loss":0,"event_name":"Designer","floor":19,"gold_loss":110,"cards_upgraded":["Strike_R"]},{"damage_healed":0,"gold_gain":0,"player_choice":"Simplicity","damage_taken":0,"max_hp_gain":0,"max_hp_loss":0,"event_name":"Back to Basics","floor":21,"gold_loss":0,"cards_upgraded":["Strike_R","Strike_R","Strike_R","Defend_R","Defend_R"]},{"damage_healed":0,"gold_gain":0,"player_choice":"Ignored","damage_taken":0,"max_hp_gain":0,"max_hp_loss":0,"event_name":"Ghosts","floor":22,"gold_loss":0}],"is_beta":true,"boss_relics":[{"not_picked":["Pandora\u0027s Box","Runic Dome"],"picked":"Runic Pyramid"}],"items_purged_floors":[11],"is_endless":false,"potions_floor_spawned":[1,6,16],"killed_by":"Slavers","ascension_level":20}