{"gold_per_floor":[115,133,150,150,164,193,193,193,219,230,230,255,255,280,280,280],"floor_reached":16,"playtime":408,"items_purged":[],"score":137,"play_id":"9c3f13fc-85c7-414c-913a-c8a371c87c40","local_time":"20190312225150","is_ascension_mode":false,"campfire_choices":[{"data":"Pummel","floor":7,"key":"SMITH"},{"floor":15,"key":"REST"}],"neow_cost":"NONE","seed_source_timestamp":895412486861800,"circlet_count":0,"master_deck":["Strike_R","Strike_R","Strike_R","Strike_R","Strike_R","Defend_R+1","Defend_R","Defend_R","Bash+1","Heavy Blade","Pummel+1","Regret","Seeing Red","Sword Boomerang"],"relics":["Burning Blood","Pen Nib","Juzu Bracelet","Boot","Golden Idol"],"potions_floor_usage":[6,12,12],"damage_taken":[{"damage":4,"enemies":"2 Louse","floor":1,"turns":3},{"damage":1,"enemies":"Jaw Worm","floor":2,"turns":5},{"damage":6,"enemies":"Cultist","floor":3,"turns":3},{"damage":12,"enemies":"Looter","floor":5,"turns":4},{"damage":41,"enemies":"Lagavulin","floor":6,"turns":8},{"damage":14,"enemies":"Large Slime","floor":10,"turns":4},{"damage":6,"enemies":"Gremlin Nob","floor":12,"turns":2},{"damage":2,"enemies":"Exordium Thugs","floor":14,"turns":3},{"damage":49,"enemies":"The Guardian","floor":16,"turns":7}],"seed_played":"7043718124402958291","potions_obtained":[{"floor":3,"key":"PowerPotion"},{"floor":5,"key":"Swift Potion"},{"floor":6,"key":"Strength Potion"},{"floor":12,"key":"SteroidPotion"}],"is_trial":false,"path_per_floor":["M","M","M","?","M","E","R","?","T","M","?","E","?","M","R","B"],"character_chosen":"IRONCLAD","items_purchased":[],"campfire_rested":1,"item_purchase_floors":[],"current_hp_per_floor":[80,80,80,64,58,23,23,23,23,15,15,15,15,19,41,0],"gold":280,"neow_bonus":"THREE_CARDS","is_prod":false,"is_daily":false,"chose_seed":false,"campfire_upgraded":1,"win_rate":0,"timestamp":1552427510,"path_taken":["M","M","M","?","M","E","R","?","T","M","?","E","?","M","R","BOSS"],"build_version":"2019-02-06","purchased_purges":0,"victory":false,"max_hp_per_floor":[80,80,80,80,80,80,80,80,80,80,80,80,74,74,74,74],"card_choices":[{"not_picked":["Havoc","Clothesline"],"picked":"Heavy Blade","floor":0},{"not_picked":["Warcry","Burning Pact","Dual Wield"],"picked":"SKIP","floor":1},{"not_picked":["Metallicize","True Grit","Rampage"],"picked":"SKIP","floor":2},{"not_picked":["Anger","Havoc","Headbutt"],"picked":"SKIP","floor":3},{"not_picked":["Heavy Blade","Wild Strike"],"picked":"Pummel","floor":5},{"not_picked":["Perfected Strike","Searing Blow","Clothesline"],"picked":"SKIP","floor":6},{"not_picked":["Second Wind","Blood for Blood","Pommel Strike"],"picked":"SKIP","floor":10},{"not_picked":["Thunderclap","Power Through"],"picked":"Sword Boomerang","floor":12},{"not_picked":["Wild Strike","Body Slam","Pommel Strike"],"picked":"SKIP","floor":14}],"player_experience":1249002,"relics_obtained":[{"floor":6,"key":"Pen Nib"},{"floor":9,"key":"Juzu Bracelet"},{"floor":12,"key":"Boot"}],"event_choices":[{"damage_healed":0,"gold_gain":0,"player_choice":"Entered Light","damage_taken":16,"max_hp_gain":0,"max_hp_loss":0,"event_name":"Shining Light","floor":4,"gold_loss":0,"cards_upgraded":["Defend_R","Bash"]},{"cards_removed":["Defend_R"],"damage_healed":0,"gold_gain":0,"player_choice":"Forget","damage_taken":0,"max_hp_gain":0,"max_hp_loss":0,"event_name":"Living Wall","floor":8,"gold_loss":0},{"damage_healed":0,"gold_gain":0,"player_choice":"2 cards matched","damage_taken":0,"max_hp_gain":0,"max_hp_loss":0,"event_name":"Match and Keep!","floor":11,"gold_loss":0,"cards_obtained":["Regret","Seeing Red"]},{"damage_healed":0,"gold_gain":0,"player_choice":"Lose Max HP","damage_taken":0,"relics_obtained":["Golden Idol"],"max_hp_gain":0,"max_hp_loss":6,"event_name":"Golden Idol","floor":13,"gold_loss":0}],"is_beta":true,"boss_relics":[],"items_purged_floors":[],"is_endless":false,"potions_floor_spawned":[3,5,6,12],"killed_by":"The Guardian","ascension_level":0}