{"gold_per_floor":[112,130,130,2,12,44,44,44,71,114,114,130,163,238,238,238],"floor_reached":16,"playtime":528,"items_purged":[],"score":153,"play_id":"86220661-6e5b-42c3-8410-252b2663761a","local_time":"20180826222951","is_ascension_mode":true,"campfire_choices":[{"data":"Noxious Fumes","floor":8,"key":"SMITH"},{"floor":11,"key":"REST"},{"data":"Noxious Fumes","floor":15,"key":"SMITH"}],"neow_cost":"NONE","seed_source_timestamp":1690153098200,"circlet_count":0,"master_deck":["Defend_G","Defend_G","Defend_G","Defend_G","Defend_G","Strike_G","Strike_G+1","Strike_G","Strike_G+1","Strike_G","Survivor","Neutralize","Riddle With Holes+1","Blade Dance","Infinite Blades","Blade Dance","Noxious Fumes+1","Noxious Fumes+1","Backflip","Storm of Steel"],"relics":["Lizard Tail","Potion Belt","Golden Idol","Whetstone","The Courier","Pen Nib"],"potions_floor_usage":[6,13],"damage_taken":[{"damage":0,"enemies":"Cultist","floor":1,"turns":4},{"damage":7,"enemies":"Small Slimes","floor":2,"turns":4},{"damage":4,"enemies":"Jaw Worm","floor":5,"turns":4},{"damage":30,"enemies":"Gremlin Nob","floor":6,"turns":4},{"damage":17,"enemies":"3 Sentries","floor":10,"turns":6},{"damage":2,"enemies":"2 Fungi Beasts","floor":12,"turns":3},{"damage":44,"enemies":"Gremlin Nob","floor":13,"turns":5},{"damage":25,"enemies":"Slime Boss","floor":16,"turns":3}],"seed_played":"1360233260218611407","potions_obtained":[{"floor":5,"key":"GamblersBrew"},{"floor":10,"key":"Energy Potion"}],"is_trial":false,"path_per_floor":["M","M","?","$","M","E","?","R","T","E","R","M","E","?","R"],"character_chosen":"THE_SILENT","items_purchased":["Infinite Blades","Blade Dance"],"campfire_rested":1,"item_purchase_floors":[4,4],"current_hp_per_floor":[63,56,56,56,52,22,22,22,22,5,24,22,32,21,21,0],"gold":238,"neow_bonus":"BOSS_RELIC","is_prod":false,"is_daily":false,"chose_seed":false,"campfire_upgraded":2,"win_rate":0,"timestamp":1535347791,"path_taken":["M","M","?","$","M","E","?","R","T","E","R","M","E","?","R","BOSS"],"build_version":"2018-08-23v2","purchased_purges":0,"victory":false,"max_hp_per_floor":[70,70,70,70,70,70,65,65,65,65,65,65,65,65,65,65],"card_choices":[{"not_picked":["PiercingWail","Deflect"],"picked":"Riddle With Holes","floor":1},{"not_picked":["Quick Slash","PiercingWail"],"picked":"Blade Dance","floor":2},{"not_picked":["Reflex","Dodge and Roll"],"picked":"Noxious Fumes","floor":5},{"not_picked":["Bouncing Flask","Poisoned Stab"],"picked":"Noxious Fumes","floor":6},{"not_picked":["Eviscerate","Dagger Spray","Dodge and Roll"],"picked":"SKIP","floor":10},{"not_picked":["Riddle With Holes","Calculated Gamble"],"picked":"Backflip","floor":12},{"not_picked":["Flying Knee","Dagger Throw"],"picked":"Storm of Steel","floor":13}],"player_experience":236785,"relics_obtained":[{"floor":6,"key":"Potion Belt"},{"floor":9,"key":"Whetstone"},{"floor":10,"key":"The Courier"},{"floor":13,"key":"Pen Nib"}],"event_choices":[{"event_name":"Living Wall","player_choice":"Grow","floor":3,"damage_taken":0},{"event_name":"Golden Idol","player_choice":"Lose Max HP","floor":7,"damage_taken":0},{"event_name":"World of Goop","player_choice":"Gather Gold","floor":14,"damage_taken":0}],"is_beta":true,"boss_relics":[],"items_purged_floors":[],"is_endless":false,"potions_floor_spawned":[5,10],"killed_by":"Slime Boss","ascension_level":6}