{"gold_per_floor":[112,112,128,53,53,53,81,81,108,135,155,155,31,43,43,43],"floor_reached":16,"playtime":433,"items_purged":["Defend_R","Regret"],"score":216,"play_id":"611c772f-35ec-45ff-8908-46a3f594bef9","local_time":"20190412202706","is_ascension_mode":true,"campfire_choices":[{"data":"Bash","floor":6,"key":"SMITH"},{"data":"Impervious","floor":8,"key":"SMITH"},{"floor":12,"key":"REST"},{"data":"True Grit","floor":15,"key":"SMITH"}],"neow_cost":"CURSE","seed_source_timestamp":198510083588900,"circlet_count":0,"master_deck":["AscendersBane","Strike_R","Strike_R","Strike_R","Strike_R","Strike_R","Defend_R","Defend_R","Defend_R","Bash+1","Impervious+1","Shrug It Off","True Grit+1"],"relics":["Burning Blood","FossilizedHelix","Juzu Bracelet","Pantograph","Lantern","Mango"],"potions_floor_usage":[7,7,16],"damage_taken":[{"damage":0,"enemies":"Small Slimes","floor":1,"turns":4},{"damage":0,"enemies":"Jaw Worm","floor":3,"turns":2},{"damage":29,"enemies":"Gremlin Nob","floor":7,"turns":4},{"damage":40,"enemies":"Lagavulin","floor":10,"turns":6},{"damage":5,"enemies":"2 Louse","floor":11,"turns":4},{"damage":18,"enemies":"Large Slime","floor":14,"turns":7},{"damage":78,"enemies":"Slime Boss","floor":16,"turns":11}],"seed_played":"-5531206932060792525","potions_obtained":[{"floor":1,"key":"Explosive Potion"},{"floor":3,"key":"AttackPotion"},{"floor":7,"key":"Fruit Juice"}],"is_trial":false,"path_per_floor":["M","?","M","$","?","R","E","R","T","E","M","R","$","M","R","B"],"character_chosen":"IRONCLAD","items_purchased":["Shrug It Off"],"campfire_rested":1,"item_purchase_floors":[13],"current_hp_per_floor":[74,67,73,73,73,73,55,55,55,35,36,64,64,52,52,0],"gold":43,"neow_bonus":"ONE_RARE_RELIC","is_prod":false,"is_daily":false,"chose_seed":false,"campfire_upgraded":3,"win_rate":0,"timestamp":1555093626,"path_taken":["M","?","M","$","?","R","E","R","T","E","M","R","$","M","R","BOSS"],"build_version":"2019-04-04","purchased_purges":2,"victory":false,"max_hp_per_floor":[75,75,75,75,75,75,80,80,80,94,94,94,94,94,94,94],"card_choices":[{"not_picked":["Warcry","Carnage","Combust"],"picked":"SKIP","floor":1},{"not_picked":["Anger","True Grit","Perfected Strike"],"picked":"SKIP","floor":3},{"not_picked":["Flame Barrier","Second Wind"],"picked":"Impervious","floor":7},{"not_picked":["Flame Barrier","Thunderclap","Rage"],"picked":"SKIP","floor":10},{"not_picked":["Warcry","Armaments","Shockwave"],"picked":"SKIP","floor":11},{"not_picked":["Flame Barrier","True Grit","Perfected Strike"],"picked":"SKIP","floor":14},{"not_picked":["Flame Barrier","Perfected Strike"],"picked":"True Grit","floor":14}],"player_experience":1375714,"relics_obtained":[{"floor":7,"key":"Pantograph"},{"floor":9,"key":"Lantern"},{"floor":10,"key":"Mango"}],"event_choices":[{"cards_removed":["Clumsy"],"damage_healed":0,"gold_gain":0,"player_choice":"Card Removal","damage_taken":7,"max_hp_gain":0,"max_hp_loss":0,"event_name":"Golden Wing","floor":2,"gold_loss":0},{"damage_healed":0,"gold_gain":0,"player_choice":"Box","damage_taken":0,"relics_obtained":["Juzu Bracelet"],"max_hp_gain":0,"max_hp_loss":0,"event_name":"Big Fish","floor":5,"gold_loss":0,"cards_obtained":["Regret"]}],"is_beta":true,"boss_relics":[],"items_purged_floors":[4,13],"is_endless":false,"potions_floor_spawned":[1,3,7],"killed_by":"Slime Boss","ascension_level":20}