{"gold_per_floor":[119,119,119,134,149,149,5,48,48,48,81,81,96,271,271,390,390,409,76,256,531,441,474,474,499,499,499,543,241,241,264,264,393,393,416,1415,1415,1415,1428,1468,1468,1489,1489,719,1082,288,326,339,339,339,339,339,31,66,78],"floor_reached":55,"playtime":1986,"items_purged":["Doubt","Strike_G","Strike_G","Defend_G"],"score":922,"play_id":"ed0df3bc-addd-4907-805d-5b738c531d16","local_time":"20181121230142","is_ascension_mode":false,"campfire_choices":[{"data":"Neutralize","floor":6.0,"key":"SMITH"},{"data":"Crippling Poison","floor":10.0,"key":"SMITH"},{"floor":12.0,"key":"RECALL"},{"data":"Footwork","floor":15.0,"key":"SMITH"},{"floor":24.0,"key":"REST"},{"data":"Envenom","floor":27.0,"key":"SMITH"},{"data":"Cloak And Dagger","floor":30.0,"key":"SMITH"},{"data":"Cloak And Dagger","floor":32.0,"key":"SMITH"},{"data":"Blade Dance","floor":41.0,"key":"SMITH"},{"data":"Cloak And Dagger","floor":49.0,"key":"SMITH"},{"data":"Accuracy","floor":52.0,"key":"SMITH"}],"neow_cost":"CURSE","seed_source_timestamp":0,"circlet_count":0,"master_deck":["Defend_G","Defend_G","Defend_G","Defend_G","Strike_G","Strike_G","Strike_G","Survivor","Neutralize+1","Cloak And Dagger+1","Backflip+1","Crippling Poison+1","Footwork+1","Blade Dance+1","Envenom+1","Dash+1","Dagger Spray","Accuracy+1","Cloak And Dagger+1","Leg Sweep+1","Adrenaline+1","Madness","Madness","Impatience","Infinite Blades+1","Escape Plan","Cloak And Dagger+1","Well Laid Plans","Caltrops+1"],"special_seed":0,"relics":["Ring of the Snake","Golden Idol","Juzu Bracelet","Mercury Hourglass","Snake Skull","Bronze Scales","WristBlade","Question Card","Omamori","Mango","Potion Belt","White Beast Statue","Boot","Meat on the Bone","Lee\u0027s Waffle","Ancient Tea Set","Prayer Wheel","Old Coin","Strawberry","Ornamental Fan","Toy Ornithopter","Art of War","War Paint","PreservedInsect","MawBank"],"potions_floor_usage":[55,55,55,55],"damage_taken":[{"damage":2.0,"enemies":"Small Slimes","floor":1.0,"turns":4.0},{"damage":1.0,"enemies":"Cultist","floor":4.0,"turns":3.0},{"damage":0.0,"enemies":"Jaw Worm","floor":5.0,"turns":4.0},{"damage":24.0,"enemies":"Gremlin Nob","floor":8.0,"turns":5.0},{"damage":13.0,"enemies":"3 Sentries","floor":11.0,"turns":7.0},{"damage":0.0,"enemies":"Looter","floor":13.0,"turns":3.0},{"damage":2.0,"enemies":"Hexaghost","floor":16.0,"turns":13.0},{"damage":12.0,"enemies":"Spheric Guardian","floor":18.0,"turns":6.0},{"damage":30.0,"enemies":"Book of Stabbing","floor":23.0,"turns":5.0},{"damage":0.0,"enemies":"3 Byrds","floor":25.0,"turns":2.0},{"damage":16.0,"enemies":"Gremlin Leader","floor":28.0,"turns":5.0},{"damage":3.0,"enemies":"Centurion and Healer","floor":31.0,"turns":7.0},{"damage":10.0,"enemies":"Collector","floor":33.0,"turns":8.0},{"damage":12.0,"enemies":"3 Darklings","floor":35.0,"turns":4.0},{"damage":5.0,"enemies":"Orb Walker","floor":39.0,"turns":4.0},{"damage":10.0,"enemies":"Nemesis","floor":40.0,"turns":8.0},{"damage":8.0,"enemies":"Maw","floor":42.0,"turns":7.0},{"damage":30.0,"enemies":"2 Orb Walkers","floor":45.0,"turns":4.0},{"damage":0.0,"enemies":"Reptomancer","floor":47.0,"turns":6.0},{"damage":11.0,"enemies":"4 Shapes","floor":48.0,"turns":3.0},{"damage":72.0,"enemies":"Donu and Deca","floor":50.0,"turns":9.0},{"damage":58.0,"enemies":"Shield and Spear","floor":54.0,"turns":5.0},{"damage":87,"enemies":"The Heart","floor":55,"turns":6}],"seed_played":"-6618921492142992095","potions_obtained":[{"floor":1.0,"key":"Poison Potion"},{"floor":5.0,"key":"Fire Potion"},{"floor":16.0,"key":"EssenceOfSteel"},{"floor":18.0,"key":"FearPotion"},{"floor":23.0,"key":"Swift Potion"},{"floor":28.0,"key":"Dexterity Potion"},{"floor":35.0,"key":"SkillPotion"},{"floor":39.0,"key":"SteroidPotion"},{"floor":40.0,"key":"GamblersBrew"},{"floor":42.0,"key":"Strength Potion"},{"floor":45.0,"key":"Explosive Potion"},{"floor":47.0,"key":"Strength Potion"},{"floor":54.0,"key":"GamblersBrew"}],"is_trial":false,"path_per_floor":["M","?","?","M","M","R","$","E","T","R","E","R","M","?","R","B",null,"M","$","?","?","?","E","R","M","T","R","E","$","R","M","R","B",null,"M","?","?","?","M","E","R","M","T","$","?","$","E","M","R","B",null,"R","$","E","B"],"character_chosen":"THE_SILENT","items_purchased":["Juzu Bracelet","Question Card","Potion Belt","Cloak And Dagger","Lee\u0027s Waffle","Ancient Tea Set","Prayer Wheel","Strawberry","Ornamental Fan","Toy Ornithopter","Well Laid Plans","War Paint","PreservedInsect"],"campfire_rested":1,"item_purchase_floors":[7,19,29,29,44,44,44,46,46,46,46,53,53],"current_hp_per_floor":[82,61,61,60,60,60,60,36,36,36,23,23,23,23,23,21,84,72,72,48,48,48,18,43,43,43,43,41,41,41,38,38,28,98,86,86,74,74,69,59,59,51,51,105,75,82,87,76,76,21,112,112,112,66,0],"gold":78,"neow_bonus":"TWENTY_PERCENT_HP_BONUS","is_prod":false,"is_daily":false,"chose_seed":false,"campfire_upgraded":9,"win_rate":0,"timestamp":1542837702,"path_taken":["M","?","?","M","M","R","$","E","T","R","E","R","M","?","R","BOSS","M","$","?","?","?","E","R","M","T","R","E","$","R","M","R","BOSS","M","?","?","?","M","E","R","M","T","$","?","$","E","M","R","BOSS","R","$","E","BOSS"],"build_version":"2018-11-15","purchased_purges":4,"victory":false,"max_hp_per_floor":[84,84,84,84,84,84,84,84,84,84,84,84,84,84,84,84,84,84,84,84,84,84,84,84,84,84,84,98,98,98,98,98,98,98,98,98,98,98,98,98,98,98,98,105,105,112,112,112,112,112,112,112,112,112,112],"card_choices":[{"not_picked":["Catalyst","Outmaneuver","Flying Knee"],"picked":"SKIP","floor":1.0},{"not_picked":["Eviscerate","Flying Knee"],"picked":"Cloak And Dagger","floor":4.0},{"not_picked":["Cloak And Dagger","Deflect"],"picked":"Backflip","floor":5.0},{"not_picked":["Corpse Explosion","Cloak And Dagger"],"picked":"Crippling Poison","floor":8.0},{"not_picked":["Concentrate","Choke"],"picked":"Footwork","floor":11.0},{"not_picked":["PiercingWail","Acrobatics"],"picked":"Blade Dance","floor":13.0},{"not_picked":["Grand Finale","After Image"],"picked":"Envenom","floor":16.0},{"not_picked":["Finisher+1","Quick Slash","Heel Hook"],"picked":"SKIP","floor":18.0},{"not_picked":["Bouncing Flask","Escape Plan","Sucker Punch"],"picked":"Dash+1","floor":23.0},{"not_picked":["Deadly Poison","Bouncing Flask","Skewer"],"picked":"Dagger Spray","floor":25.0},{"not_picked":["Dagger Spray+1","Escape Plan","Bane"],"picked":"Accuracy","floor":28.0},{"not_picked":["Flying Knee","Concentrate","Blur"],"picked":"Leg Sweep","floor":31.0},{"not_picked":["Glass Knife","Grand Finale","Doppelganger"],"picked":"Adrenaline","floor":33.0},{"not_picked":["Quick Slash","Cloak And Dagger","Setup","PiercingWail+1"],"picked":"SKIP","floor":35.0},{"not_picked":["Sadistic Nature","Transmutation","PanicButton"],"picked":"Impatience","floor":38.0},{"not_picked":["Dagger Spray","Acrobatics","Dash","Cloak And Dagger"],"picked":"SKIP","floor":39.0},{"not_picked":["Outmaneuver","Masterful Stab","Backflip+1"],"picked":"Infinite Blades+1","floor":40.0},{"not_picked":["Dagger Spray+1","Backflip+1","Infinite Blades"],"picked":"Escape Plan","floor":42.0},{"not_picked":["Calculated Gamble+1","Blade Dance","Underhanded Strike"],"picked":"Cloak And Dagger","floor":45.0},{"not_picked":["Eviscerate+1","Calculated Gamble","Dash","Poisoned Stab+1"],"picked":"SKIP","floor":47.0},{"not_picked":["Reflex","Outmaneuver","Slice"],"picked":"Caltrops+1","floor":48.0},{"not_picked":["Bane","Noxious Fumes","Acrobatics","PiercingWail"],"picked":"SKIP","floor":48.0},{"not_picked":["Phantasmal Killer","Dagger Throw+1","Sucker Punch","Underhanded Strike"],"picked":"SKIP","floor":54.0}],"player_experience":906997,"relics_obtained":[{"floor":8.0,"key":"Mercury Hourglass"},{"floor":9.0,"key":"Snake Skull"},{"floor":11.0,"key":"Bronze Scales"},{"floor":23.0,"key":"Omamori"},{"floor":28.0,"key":"Mango"},{"floor":40.0,"key":"Boot"},{"floor":43.0,"key":"Meat on the Bone"},{"floor":45.0,"key":"Old Coin"},{"floor":47.0,"key":"Art of War"},{"floor":54.0,"key":"MawBank"}],"event_choices":[{"damage_healed":0.0,"max_hp_gain":0.0,"max_hp_loss":0.0,"gold_gain":0.0,"event_name":"Golden Idol","player_choice":"Take Damage","floor":2.0,"gold_loss":0.0,"damage_taken":21.0,"relics_obtained":["Golden Idol"]},{"cards_removed":["Writhe"],"damage_healed":0.0,"max_hp_gain":0.0,"max_hp_loss":0.0,"gold_gain":0.0,"event_name":"Fountain of Cleansing","player_choice":"Removed Curses","floor":3.0,"gold_loss":0.0,"damage_taken":0.0},{"damage_healed":0.0,"max_hp_gain":0.0,"max_hp_loss":0.0,"gold_gain":175.0,"event_name":"Liars Game","player_choice":"AGREE","floor":14.0,"gold_loss":0.0,"damage_taken":0.0,"cards_obtained":["Doubt"]},{"damage_healed":0.0,"max_hp_gain":0.0,"max_hp_loss":0.0,"gold_gain":180.0,"event_name":"Knowing Skull","player_choice":"GOLD GOLD ","floor":20.0,"potions_obtained":[],"gold_loss":0.0,"damage_taken":24.0,"cards_obtained":[]},{"damage_healed":0.0,"max_hp_gain":0.0,"max_hp_loss":0.0,"gold_gain":275.0,"event_name":"Golden Shrine","player_choice":"Desecrate","floor":21.0,"gold_loss":0.0,"damage_taken":0.0,"cards_obtained":["Regret"]},{"cards_removed":["Regret"],"damage_healed":0.0,"max_hp_gain":0.0,"max_hp_loss":0.0,"gold_gain":0.0,"event_name":"Designer","player_choice":"Upgrade and Remove","floor":22.0,"gold_loss":90.0,"damage_taken":0.0,"cards_upgraded":["Backflip"]},{"damage_healed":0.0,"max_hp_gain":0.0,"max_hp_loss":0.0,"gold_gain":999.0,"event_name":"MindBloom","player_choice":"Gold","floor":36.0,"gold_loss":0.0,"damage_taken":0.0,"cards_obtained":["Normality","Normality"]},{"damage_healed":0.0,"max_hp_gain":0.0,"max_hp_loss":0.0,"gold_gain":0.0,"event_name":"Winding Halls","player_choice":"Embrace Madness","floor":37.0,"gold_loss":0.0,"damage_taken":12.0,"cards_obtained":["Madness","Madness"]},{"damage_healed":0.0,"max_hp_gain":0.0,"max_hp_loss":0.0,"gold_gain":0.0,"event_name":"SensoryStone","player_choice":"Memory 1","floor":38.0,"gold_loss":0.0,"damage_taken":0.0},{"damage_healed":0.0,"max_hp_gain":0.0,"max_hp_loss":0.0,"gold_gain":0.0,"event_name":"Mysterious Sphere","player_choice":"Fight","floor":45.0,"gold_loss":0.0,"damage_taken":0.0}],"is_beta":true,"boss_relics":[{"not_picked":["Ectoplasm","Velvet Choker"],"picked":"WristBlade"},{"not_picked":["Sozu","Runic Pyramid"],"picked":"White Beast Statue"}],"items_purged_floors":[19,29,44,46],"is_endless":false,"potions_floor_spawned":[1,5,16,18,23,28,35,39,40,42,45,47,48,54],"killed_by":"The Heart","ascension_level":0}