{"gold_per_floor":[115,40,60,80,93,93,110,137,213,227,260,222,237,253,253,324,324,335,225,225,225],"floor_reached":21,"playtime":719,"items_purged":[],"score":386,"play_id":"6986d2ce-121f-49b4-857e-67fb164b2cdc","local_time":"20190324234037","is_ascension_mode":true,"campfire_choices":[{"floor":6,"key":"REST"},{"data":"Limit Break","floor":15,"key":"SMITH"}],"neow_cost":"TEN_PERCENT_HP_LOSS","seed_source_timestamp":343210255932300,"circlet_count":0,"master_deck":["AscendersBane","Strike_R","Strike_R","Strike_R+1","Strike_R","Defend_R","Defend_R","Defend_R","Bash","Reaper","Shrug It Off","Inflame","Dropkick","Limit Break+1","Heavy Blade","Demon Form","Flame Barrier"],"relics":["Burning Blood","Pantograph","Tiny Chest","Blue Candle","Sozu"],"potions_floor_usage":[8,10,16,16],"damage_taken":[{"damage":9,"enemies":"Small Slimes","floor":1,"turns":4},{"damage":16,"enemies":"Jaw Worm","floor":3,"turns":4},{"damage":1,"enemies":"2 Louse","floor":4,"turns":4},{"damage":51,"enemies":"Gremlin Gang","floor":5,"turns":6},{"damage":10,"enemies":"Large Slime","floor":7,"turns":5},{"damage":32,"enemies":"Gremlin Nob","floor":8,"turns":4},{"damage":7,"enemies":"2 Fungi Beasts","floor":10,"turns":5},{"damage":51,"enemies":"Lagavulin","floor":11,"turns":7},{"damage":14,"enemies":"Blue Slaver","floor":13,"turns":5},{"damage":8,"enemies":"Red Slaver","floor":14,"turns":5},{"damage":50,"enemies":"Hexaghost","floor":16,"turns":8},{"damage":34,"enemies":"Spheric Guardian","floor":18,"turns":5},{"damage":46,"enemies":"3 Byrds","floor":21,"turns":5}],"seed_played":"-3141437887839725046","potions_obtained":[{"floor":1,"key":"Poison Potion"},{"floor":7,"key":"BloodPotion"},{"floor":8,"key":"Strength Potion"},{"floor":11,"key":"GamblersBrew"},{"floor":14,"key":"Weak Potion"}],"is_trial":false,"path_per_floor":["M","?","M","M","M","R","M","E","T","M","E","?","M","M","R","B",null,"M","?","$","M"],"character_chosen":"IRONCLAD","items_purchased":[],"campfire_rested":1,"item_purchase_floors":[],"current_hp_per_floor":[68,68,58,68,35,55,63,46,46,63,24,24,25,23,23,24,57,29,29,29,0],"gold":225,"neow_bonus":"THREE_RARE_CARDS","is_prod":false,"is_daily":false,"chose_seed":false,"campfire_upgraded":1,"win_rate":0,"timestamp":1553467237,"path_taken":["M","?","M","M","M","R","M","E","T","M","E","?","M","M","R","BOSS","M","?","$","M"],"build_version":"2019-03-15","purchased_purges":0,"victory":false,"max_hp_per_floor":[68,68,68,68,68,68,68,68,68,68,68,68,68,68,68,68,68,68,68,68,68],"card_choices":[{"not_picked":["Berserk","Impervious"],"picked":"Reaper","floor":0},{"not_picked":["Reckless Charge","Blood for Blood","Havoc"],"picked":"SKIP","floor":1},{"not_picked":["Dual Wield","Battle Trance"],"picked":"Shrug It Off","floor":3},{"not_picked":["Reckless Charge","Ghostly Armor"],"picked":"Inflame","floor":4},{"not_picked":["True Grit","Reckless Charge"],"picked":"Dropkick","floor":5},{"not_picked":["Carnage","Wild Strike","Warcry"],"picked":"SKIP","floor":7},{"not_picked":["Entrench","Bloodletting"],"picked":"Limit Break","floor":8},{"not_picked":["Anger","True Grit"],"picked":"Heavy Blade","floor":10},{"not_picked":["Headbutt","Bludgeon","Anger"],"picked":"SKIP","floor":11},{"not_picked":["Wild Strike","Feel No Pain","Searing Blow"],"picked":"SKIP","floor":13},{"not_picked":["Evolve","Clothesline","Warcry"],"picked":"SKIP","floor":14},{"not_picked":["Brutality","Dark Embrace"],"picked":"Demon Form","floor":16},{"not_picked":["Pommel Strike","Clothesline"],"picked":"Flame Barrier","floor":18}],"player_experience":1278113,"relics_obtained":[{"floor":8,"key":"Pantograph"},{"floor":9,"key":"Tiny Chest"},{"floor":11,"key":"Blue Candle"}],"event_choices":[{"cards_removed":["Defend_R"],"damage_healed":0,"gold_gain":0,"player_choice":"Card Removal","damage_taken":0,"max_hp_gain":0,"max_hp_loss":0,"event_name":"The Cleric","floor":2,"gold_loss":75},{"damage_healed":0,"gold_gain":0,"player_choice":"Left Gold","damage_taken":0,"max_hp_gain":0,"max_hp_loss":0,"event_name":"World of Goop","floor":12,"gold_loss":38},{"cards_removed":["Strike_R"],"damage_healed":0,"gold_gain":0,"player_choice":"Upgrade and Remove","damage_taken":0,"max_hp_gain":0,"max_hp_loss":0,"event_name":"Designer","floor":19,"gold_loss":110,"cards_upgraded":["Strike_R"]}],"is_beta":true,"boss_relics":[{"not_picked":["Coffee Dripper","Empty Cage"],"picked":"Sozu"}],"items_purged_floors":[],"is_endless":false,"potions_floor_spawned":[1,7,8,11,14,18],"killed_by":"3 Byrds","ascension_level":20}