{"gold_per_floor":[113,128,128,278,90,90,90,90,90,126,146,146,146,167,167,257,257,282,296,296,316,231,231],"floor_reached":23,"playtime":1503,"items_purged":["Doubt"],"score":378,"play_id":"5565c482-c2d2-4699-891d-51fd5240983f","local_time":"20190404221032","is_ascension_mode":true,"campfire_choices":[{"data":"Heavy Blade","floor":6.0,"key":"SMITH"},{"floor":8.0,"key":"REST"},{"data":"Immolate","floor":12.0,"key":"SMITH"},{"data":"Flame Barrier","floor":15.0,"key":"SMITH"}],"neow_cost":"PERCENT_DAMAGE","seed_source_timestamp":0,"circlet_count":0,"master_deck":["AscendersBane","Strike_R+1","Strike_R+1","Strike_R+1","Strike_R+1","Defend_R+1","Defend_R+1","Defend_R+1","Defend_R+1","Bash+1","Shrug It Off","Heavy Blade+1","Immolate+1","Flame Barrier+1","Limit Break","Shrug It Off","Demon Form","Limit Break"],"special_seed":0,"relics":["Burning Blood","StoneCalendar","Golden Idol","Thread and Needle","Peace Pipe","Orrery","Pocketwatch"],"potions_floor_usage":[16,19],"damage_taken":[{"damage":7.0,"enemies":"Small Slimes","floor":1.0,"turns":4.0},{"damage":0.0,"enemies":"2 Louse","floor":2.0,"turns":4.0},{"damage":29.0,"enemies":"3 Sentries","floor":10.0,"turns":7.0},{"damage":3.0,"enemies":"Jaw Worm","floor":11.0,"turns":3.0},{"damage":0.0,"enemies":"Looter","floor":14.0,"turns":4.0},{"damage":20,"enemies":"Hexaghost","floor":16,"turns":9},{"damage":42,"enemies":"Shell Parasite","floor":18,"turns":6},{"damage":3,"enemies":"3 Byrds","floor":19,"turns":5},{"damage":28,"enemies":"Snake Plant","floor":21,"turns":7},{"damage":0,"enemies":"Slavers","floor":23,"turns":1}],"seed_played":"9001164463221440929","potions_obtained":[{"floor":11.0,"key":"Regen Potion"},{"floor":14.0,"key":"BloodPotion"}],"is_trial":false,"path_per_floor":["M","M","?","?","$","R","?","R","T","E","M","R","?","M","R","B",null,"M","M","?","M","?","E"],"character_chosen":"IRONCLAD","items_purchased":["Shrug It Off","Heavy Blade"],"campfire_rested":1,"item_purchase_floors":[5,5],"current_hp_per_floor":[49,55,55,55,55,55,29,51,51,28,31,31,24,30,30,31,64,28,38,38,16,16,16],"gold":231,"neow_bonus":"ONE_RARE_RELIC","is_prod":false,"is_daily":false,"chose_seed":false,"campfire_upgraded":3,"win_rate":0,"timestamp":1554408632,"path_taken":["M","M","?","?","?","R","?","R","T","E","M","R","?","?","R","BOSS","M","M","?","M","?","E"],"build_version":"2019-03-15","purchased_purges":1,"victory":false,"max_hp_per_floor":[75,75,75,75,75,75,75,75,75,75,75,75,75,75,75,75,75,75,75,75,75,75,75],"card_choices":[{"not_picked":["Body Slam","Clothesline","Flex"],"picked":"SKIP","floor":1.0},{"not_picked":["Iron Wave","Clash","Body Slam"],"picked":"SKIP","floor":2.0},{"not_picked":["Reckless Charge","Wild Strike"],"picked":"Immolate","floor":10.0},{"not_picked":["Pommel Strike","Heavy Blade","Shockwave"],"picked":"SKIP","floor":11.0},{"not_picked":["Warcry","Clothesline"],"picked":"Flame Barrier","floor":14.0},{"not_picked":["Barricade","Brutality"],"picked":"Limit Break","floor":16},{"not_picked":["Wild Strike","Ghostly Armor"],"picked":"Shrug It Off","floor":17},{"not_picked":["Intimidate","True Grit"],"picked":"Demon Form","floor":17},{"not_picked":["Second Wind","Anger","Fire Breathing"],"picked":"SKIP","floor":18},{"not_picked":["Clothesline","Perfected Strike","Hemokinesis"],"picked":"SKIP","floor":19},{"not_picked":["Second Wind","Blood for Blood","Limit Break"],"picked":"SKIP","floor":21},{"not_picked":["Second Wind","Blood for Blood"],"picked":"Limit Break","floor":21}],"player_experience":1327734,"relics_obtained":[{"floor":9.0,"key":"Thread and Needle"},{"floor":10.0,"key":"Peace Pipe"}],"event_choices":[{"damage_healed":0.0,"max_hp_gain":0.0,"max_hp_loss":0.0,"gold_gain":0.0,"event_name":"Living Wall","player_choice":"Grow","floor":3.0,"gold_loss":0.0,"damage_taken":0.0,"cards_upgraded":["Bash"]},{"damage_healed":0.0,"max_hp_gain":0.0,"max_hp_loss":0.0,"gold_gain":150.0,"event_name":"Liars Game","player_choice":"AGREE","floor":4.0,"gold_loss":0.0,"damage_taken":0.0,"cards_obtained":["Doubt"]},{"damage_healed":0.0,"max_hp_gain":0.0,"max_hp_loss":0.0,"gold_gain":0.0,"event_name":"Golden Idol","player_choice":"Take Damage","floor":7.0,"gold_loss":0.0,"damage_taken":26.0,"relics_obtained":["Golden Idol"]},{"cards_removed":["Strike_R"],"damage_healed":0.0,"max_hp_gain":0.0,"max_hp_loss":0.0,"gold_gain":0.0,"event_name":"Golden Wing","player_choice":"Card Removal","floor":13.0,"gold_loss":0.0,"damage_taken":7.0},{"damage_healed":0,"gold_gain":0,"player_choice":"Simplicity","damage_taken":0,"max_hp_gain":0,"max_hp_loss":0,"event_name":"Back to Basics","floor":20,"gold_loss":0,"cards_upgraded":["Strike_R","Strike_R","Strike_R","Strike_R","Defend_R","Defend_R","Defend_R","Defend_R"]},{"damage_healed":0,"gold_gain":0,"player_choice":"Obtained Relic","damage_taken":0,"relics_obtained":["Pocketwatch"],"max_hp_gain":0,"max_hp_loss":0,"event_name":"Addict","floor":22,"gold_loss":85}],"is_beta":true,"boss_relics":[{"not_picked":["Eternal Feather","Tiny House"],"picked":"Orrery"}],"items_purged_floors":[5],"is_endless":false,"potions_floor_spawned":[11,14],"killed_by":"Slavers","ascension_level":20}