{"gold_per_floor":[118,118,218,228,242,242,261,279,302,314,345,389,158,170,170,170],"floor_reached":16,"playtime":426,"items_purged":["Defend_R"],"score":104,"play_id":"3cdbd3eb-5c98-40a7-8178-02330faacda0","local_time":"20190209194056","is_ascension_mode":false,"campfire_choices":[{"data":"Bash","floor":6,"key":"SMITH"},{"floor":15,"key":"REST"}],"neow_cost":"NONE","seed_source_timestamp":1839997313391000,"circlet_count":0,"master_deck":["Strike_R","Strike_R","Strike_R","Strike_R","Strike_R","Defend_R","Defend_R","Bash+1","Shrug It Off"],"relics":["Burning Blood","NeowsBlessing","MawBank","Orichalcum","Blood Vial"],"potions_floor_usage":[7,12,16],"damage_taken":[{"damage":0,"enemies":"Cultist","floor":1,"turns":1},{"damage":0,"enemies":"Jaw Worm","floor":4,"turns":1},{"damage":0,"enemies":"2 Louse","floor":5,"turns":1},{"damage":8,"enemies":"Gremlin Gang","floor":7,"turns":7},{"damage":28,"enemies":"Exordium Thugs","floor":8,"turns":5},{"damage":14,"enemies":"3 Louse","floor":11,"turns":5},{"damage":20,"enemies":"Gremlin Nob","floor":12,"turns":4},{"damage":10,"enemies":"Large Slime","floor":14,"turns":8},{"damage":70,"enemies":"Hexaghost","floor":16,"turns":12}],"seed_played":"-885609969680715504","potions_obtained":[{"floor":1,"key":"Regen Potion"},{"floor":4,"key":"Energy Potion"},{"floor":5,"key":"Weak Potion"},{"floor":14,"key":"Ancient Potion"}],"is_trial":false,"path_per_floor":["M","?","?","M","M","R","M","M","T","$","M","E","$","M","R","B"],"character_chosen":"IRONCLAD","items_purchased":["Shrug It Off","Blood Vial"],"campfire_rested":1,"item_purchase_floors":[13,13],"current_hp_per_floor":[80,73,73,79,80,80,78,56,56,56,48,46,46,44,68,0],"gold":170,"neow_bonus":"THREE_ENEMY_KILL","is_prod":false,"is_daily":false,"chose_seed":false,"campfire_upgraded":1,"win_rate":0,"timestamp":1549737656,"path_taken":["M","?","?","?","M","R","M","M","T","?","?","E","$","M","R","BOSS"],"build_version":"2019-02-06","purchased_purges":1,"victory":false,"max_hp_per_floor":[80,80,80,80,80,80,80,80,80,80,80,80,80,80,80,80],"card_choices":[{"not_picked":["Sever Soul","Bloodletting","Entrench"],"picked":"SKIP","floor":1},{"not_picked":["Disarm","Reckless Charge","Flex"],"picked":"SKIP","floor":4},{"not_picked":["Pummel","Body Slam","Sword Boomerang"],"picked":"SKIP","floor":5},{"not_picked":["Rupture","Headbutt","Whirlwind"],"picked":"SKIP","floor":7},{"not_picked":["Carnage","Havoc","Demon Form"],"picked":"SKIP","floor":8},{"not_picked":["Metallicize","Evolve","Perfected Strike"],"picked":"SKIP","floor":11},{"not_picked":["Heavy Blade","Havoc","Battle Trance"],"picked":"SKIP","floor":12},{"not_picked":["Reckless Charge","Cleave","Sword Boomerang"],"picked":"SKIP","floor":14}],"player_experience":1134642,"relics_obtained":[{"floor":9,"key":"MawBank"},{"floor":12,"key":"Orichalcum"}],"event_choices":[{"cards_removed":["Defend_R"],"damage_healed":0,"gold_gain":0,"player_choice":"Card Removal","damage_taken":7,"max_hp_gain":0,"max_hp_loss":0,"event_name":"Golden Wing","floor":2,"gold_loss":0},{"damage_healed":0,"gold_gain":100,"player_choice":"Pray","damage_taken":0,"max_hp_gain":0,"max_hp_loss":0,"event_name":"Golden Shrine","floor":3,"gold_loss":0}],"is_beta":true,"boss_relics":[],"items_purged_floors":[13],"is_endless":false,"potions_floor_spawned":[1,4,5,14],"killed_by":"Hexaghost","ascension_level":0}