{"gold_per_floor":[111,261,48,48,93,93,120,120,120,148,148,159,84,84,84,156,156,175,175,225,225],"floor_reached":21,"playtime":580,"items_purged":["Doubt"],"score":462,"play_id":"1d24dfbc-89fc-4809-96e7-a9313a9fa037","local_time":"20190427214618","is_ascension_mode":true,"campfire_choices":[{"data":"Bash","floor":6,"key":"SMITH"},{"data":"Whirlwind","floor":8,"key":"SMITH"},{"data":"Strike_R","floor":11,"key":"SMITH"},{"data":"Inflame","floor":15,"key":"SMITH"}],"neow_cost":"NONE","seed_source_timestamp":1499198082300500,"circlet_count":0,"master_deck":["AscendersBane","Strike_R+1","Strike_R+1","Strike_R+1","Defend_R","Defend_R","Defend_R","Bash+1","Whirlwind+1","Inflame+1","Infernal Blade+1","Juggernaut+1","Burning Pact+1","Twin Strike","Shrug It Off"],"relics":["Burning Blood","NeowsBlessing","Tiny Chest","Turnip","Whetstone","Mercury Hourglass","Bottled Flame","Astrolabe"],"potions_floor_usage":[16,21],"damage_taken":[{"damage":0,"enemies":"Cultist","floor":1,"turns":1},{"damage":0,"enemies":"Gremlin Nob","floor":7,"turns":1},{"damage":0,"enemies":"Lagavulin","floor":10,"turns":1},{"damage":10,"enemies":"Jaw Worm","floor":12,"turns":2},{"damage":69,"enemies":"The Guardian","floor":16,"turns":11},{"damage":39,"enemies":"2 Thieves","floor":18,"turns":4},{"damage":29,"enemies":"Shell Parasite","floor":21,"turns":3}],"seed_played":"-4786998826319206013","potions_obtained":[{"floor":12,"key":"BloodPotion"},{"floor":16,"key":"SkillPotion"},{"floor":18,"key":"Poison Potion"}],"is_trial":false,"path_per_floor":["M","?","$","?","T","R","E","R","T","E","R","M","?","$","R","B",null,"M","?","?","M"],"character_chosen":"IRONCLAD","items_purchased":["Tiny Chest"],"campfire_rested":0,"item_purchase_floors":[3],"current_hp_per_floor":[74,74,74,74,74,74,75,75,75,75,75,71,71,71,71,15,60,27,27,27,0],"gold":225,"neow_bonus":"THREE_ENEMY_KILL","is_prod":false,"is_daily":false,"chose_seed":false,"campfire_upgraded":4,"win_rate":0,"timestamp":1556394378,"path_taken":["M","?","$","?","?","R","E","R","T","E","R","?","?","$","R","BOSS","M","?","?","M"],"build_version":"2019-04-23","purchased_purges":1,"victory":false,"max_hp_per_floor":[75,75,75,75,75,75,75,75,75,75,75,75,75,75,75,75,75,75,75,75,75],"card_choices":[{"not_picked":["Perfected Strike","Infernal Blade","Clash"],"picked":"SKIP","floor":1},{"not_picked":["Pommel Strike","Headbutt"],"picked":"Whirlwind","floor":7},{"not_picked":["Armaments","Entrench","Barricade"],"picked":"SKIP","floor":10},{"not_picked":["Spot Weakness","Second Wind"],"picked":"Inflame","floor":12},{"not_picked":["Anger","Headbutt"],"picked":"Twin Strike","floor":18}],"player_experience":1418728,"relics_obtained":[{"floor":5,"key":"Whetstone"},{"floor":7,"key":"Mercury Hourglass"},{"floor":10,"key":"Bottled Flame"}],"event_choices":[{"damage_healed":0,"gold_gain":150,"player_choice":"AGREE","damage_taken":0,"max_hp_gain":0,"max_hp_loss":0,"event_name":"Liars Game","floor":2,"gold_loss":0,"cards_obtained":["Doubt"]},{"damage_healed":0,"gold_gain":0,"player_choice":"Box","damage_taken":0,"relics_obtained":["Turnip"],"max_hp_gain":0,"max_hp_loss":0,"event_name":"Big Fish","floor":4,"gold_loss":0,"cards_obtained":["Regret"]},{"cards_removed":["Regret"],"damage_healed":0,"gold_gain":0,"player_choice":"Card Removal","damage_taken":0,"max_hp_gain":0,"max_hp_loss":0,"event_name":"The Cleric","floor":13,"gold_loss":75},{"damage_healed":0,"gold_gain":0,"player_choice":"Read","damage_taken":0,"max_hp_gain":0,"max_hp_loss":0,"event_name":"The Library","floor":19,"gold_loss":0,"cards_obtained":["Shrug It Off"]},{"damage_healed":0,"gold_gain":50,"player_choice":"Stole From Cult","damage_taken":0,"max_hp_gain":0,"max_hp_loss":0,"event_name":"Nest","floor":20,"gold_loss":0}],"is_beta":true,"boss_relics":[{"not_picked":["Coffee Dripper","White Beast Statue"],"picked":"Astrolabe"}],"items_purged_floors":[3],"is_endless":false,"potions_floor_spawned":[12,16,18],"killed_by":"Shell Parasite","ascension_level":20}