{"gold_per_floor":[111,122,18,18,34,34,45,65,91,56,36],"floor_reached":11,"playtime":398,"items_purged":["Doubt"],"score":130,"play_id":"a5a5306f-b7d4-4b94-aaf8-c6174f02b6c8","local_time":"20190110213026","is_ascension_mode":true,"campfire_choices":[{"floor":6,"key":"REST"}],"neow_cost":"CURSE","seed_source_timestamp":91872771949200,"circlet_count":0,"master_deck":["AscendersBane","Defend_G","Defend_G","Defend_G","Defend_G","Defend_G","Strike_G","Strike_G","Strike_G","Strike_G","Strike_G","Survivor","Neutralize","Poisoned Stab","Backflip","Acrobatics","Malaise","Crippling Poison"],"relics":["Ring of the Snake","Calipers","Pen Nib"],"potions_floor_usage":[],"damage_taken":[{"damage":7,"enemies":"Small Slimes","floor":1,"turns":5},{"damage":38,"enemies":"Jaw Worm","floor":2,"turns":8},{"damage":0,"enemies":"2 Louse","floor":5,"turns":5},{"damage":5,"enemies":"2 Fungi Beasts","floor":7,"turns":5},{"damage":18,"enemies":"Lots of Slimes","floor":8,"turns":5},{"damage":12,"enemies":"Exordium Thugs","floor":11,"turns":1}],"seed_played":"8933625470989267030","potions_obtained":[{"floor":2,"key":"LiquidBronze"},{"floor":5,"key":"Strength Potion"}],"is_trial":false,"path_per_floor":["M","M","$","?","M","R","M","M","T","?","M"],"character_chosen":"THE_SILENT","items_purchased":["Acrobatics"],"campfire_rested":1,"item_purchase_floors":[3],"current_hp_per_floor":[52,14,14,14,14,33,28,10,10,10,0],"gold":36,"neow_bonus":"ONE_RARE_RELIC","is_prod":false,"is_daily":false,"chose_seed":false,"campfire_upgraded":0,"win_rate":0,"timestamp":1547152226,"path_taken":["M","M","$","?","M","R","M","M","T","?","M"],"build_version":"2019-01-09","purchased_purges":1,"victory":false,"max_hp_per_floor":[66,66,66,66,66,66,66,66,66,66,66],"card_choices":[{"not_picked":["Accuracy","Underhanded Strike"],"picked":"Poisoned Stab","floor":1},{"not_picked":["Concentrate","PiercingWail"],"picked":"Backflip","floor":2},{"not_picked":["Dodge and Roll","Blade Dance"],"picked":"Malaise","floor":5},{"not_picked":["Blade Dance","Skewer"],"picked":"Crippling Poison","floor":7},{"not_picked":["Eviscerate","Deadly Poison","Quick Slash"],"picked":"SKIP","floor":8}],"player_experience":1028746,"relics_obtained":[{"floor":9,"key":"Pen Nib"}],"event_choices":[{"damage_healed":0,"gold_gain":0,"player_choice":"Leave","damage_taken":0,"max_hp_gain":0,"max_hp_loss":0,"event_name":"The Cleric","floor":4,"gold_loss":0},{"damage_healed":0,"gold_gain":0,"player_choice":"Left Gold","damage_taken":0,"max_hp_gain":0,"max_hp_loss":0,"event_name":"World of Goop","floor":10,"gold_loss":35}],"is_beta":true,"boss_relics":[],"items_purged_floors":[3],"is_endless":false,"potions_floor_spawned":[2,5,8],"killed_by":"Exordium Thugs","ascension_level":20}