{"gold_per_floor":[111,125,135,145,145,145,155,155,178,206,206,225,225,241,241,241],"floor_reached":16,"playtime":1356,"items_purged":[],"score":166,"play_id":"c5e18a14-228f-4b1d-8267-147683907f26","local_time":"20190412152621","is_ascension_mode":true,"campfire_choices":[{"data":"True Grit","floor":6,"key":"SMITH"},{"floor":11,"key":"REST"},{"data":"Bash","floor":15,"key":"SMITH"}],"neow_cost":"NONE","seed_source_timestamp":968357856079364,"circlet_count":0,"master_deck":["AscendersBane","Strike_R+1","Strike_R","Strike_R","Strike_R","Strike_R+1","Defend_R","Defend_R","Defend_R","Defend_R","Bash+1","True Grit+1","Cleave","Inflame","Twin Strike","Iron Wave","Power Through"],"relics":["Burning Blood","NeowsBlessing","Ancient Tea Set","Strawberry","Golden Idol"],"potions_floor_usage":[7,7,14,16],"damage_taken":[{"damage":0,"enemies":"Cultist","floor":1,"turns":1},{"damage":0,"enemies":"Small Slimes","floor":2,"turns":1},{"damage":0,"enemies":"2 Louse","floor":3,"turns":1},{"damage":14,"enemies":"Looter","floor":4,"turns":4},{"damage":22,"enemies":"Gremlin Gang","floor":7,"turns":6},{"damage":32,"enemies":"Gremlin Nob","floor":10,"turns":4},{"damage":24,"enemies":"Exordium Wildlife","floor":12,"turns":4},{"damage":4,"enemies":"Red Slaver","floor":14,"turns":4},{"damage":35,"enemies":"Hexaghost","floor":16,"turns":9}],"seed_played":"-5558027280800177166","potions_obtained":[{"floor":1,"key":"PowerPotion"},{"floor":3,"key":"Block Potion"},{"floor":12,"key":"GamblersBrew"},{"floor":14,"key":"LiquidBronze"}],"is_trial":false,"path_per_floor":["M","M","M","M","?","R","M","?","T","E","R","M","?","M","R","B"],"character_chosen":"IRONCLAD","items_purchased":[],"campfire_rested":1,"item_purchase_floors":[],"current_hp_per_floor":[78,80,80,72,72,72,56,40,40,21,47,29,29,31,31,0],"gold":241,"neow_bonus":"THREE_ENEMY_KILL","is_prod":false,"is_daily":false,"chose_seed":false,"campfire_upgraded":2,"win_rate":0,"timestamp":1555061181,"path_taken":["M","?","M","M","?","R","M","?","T","E","R","M","?","M","R","BOSS"],"build_version":"2019-01-23","purchased_purges":0,"victory":false,"max_hp_per_floor":[80,80,80,80,80,80,80,80,80,87,87,87,81,81,81,81],"card_choices":[{"not_picked":["Intimidate","Body Slam","Warcry"],"picked":"SKIP","floor":1},{"not_picked":["Flex","Burning Pact"],"picked":"True Grit","floor":2},{"not_picked":["Searing Blow","Heavy Blade"],"picked":"Cleave","floor":3},{"not_picked":["Pommel Strike","Searing Blow"],"picked":"Inflame","floor":4},{"not_picked":["Rupture","Anger"],"picked":"Twin Strike","floor":7},{"not_picked":["Spot Weakness","Armaments"],"picked":"Iron Wave","floor":10},{"not_picked":["Blood for Blood","Havoc"],"picked":"Power Through","floor":12},{"not_picked":["Cleave","Armaments","Clash"],"picked":"SKIP","floor":14}],"player_experience":1132788,"relics_obtained":[{"floor":9,"key":"Ancient Tea Set"},{"floor":10,"key":"Strawberry"}],"event_choices":[{"damage_healed":0,"gold_gain":0,"player_choice":"Ignored","damage_taken":0,"max_hp_gain":0,"max_hp_loss":0,"event_name":"Liars Game","floor":5,"gold_loss":0},{"damage_healed":0,"gold_gain":0,"player_choice":"Entered Light","damage_taken":16,"max_hp_gain":0,"max_hp_loss":0,"event_name":"Shining Light","floor":8,"gold_loss":0,"cards_upgraded":["Strike_R","Strike_R"]},{"damage_healed":0,"gold_gain":0,"player_choice":"Lose Max HP","damage_taken":0,"relics_obtained":["Golden Idol"],"max_hp_gain":0,"max_hp_loss":6,"event_name":"Golden Idol","floor":13,"gold_loss":0}],"is_beta":false,"boss_relics":[],"items_purged_floors":[],"is_endless":false,"potions_floor_spawned":[1,3,12,14],"killed_by":"Hexaghost","ascension_level":12}