{"gold_per_floor":[113,113,129,129,204,232,232,248,297,297,49,49,49,67,67,163,163,186,201,27,27,27,27,52,52,75,75,25,25,25,40,40,130,130,155,173,237,261,361,361,376,395,446,464,104,119,139,139],"floor_reached":48,"playtime":2061,"items_purged":["Strike_B","Defend_B","Strike_B"],"score":754,"play_id":"75a616af-7fbd-40f6-9898-3c1052411340","local_time":"20190503225641","is_ascension_mode":true,"campfire_choices":[{"data":"Zap","floor":7,"key":"SMITH"},{"data":"Dualcast","floor":10,"key":"SMITH"},{"floor":13,"key":"REST"},{"data":"Consume","floor":15,"key":"SMITH"},{"floor":23,"key":"REST"},{"floor":25,"key":"REST"},{"data":"Echo Form","floor":27,"key":"SMITH"},{"data":"Loop","floor":30,"key":"SMITH"},{"data":"Loop","floor":32,"key":"SMITH"},{"floor":40,"key":"REST"}],"neow_cost":"NONE","seed_source_timestamp":584016192741119,"circlet_count":0,"master_deck":["AscendersBane","Strike_B","Defend_B+1","Defend_B+1","Defend_B","Zap+1","Dualcast+1","Ball Lightning","Consume+1","Coolheaded","Loop+1","Ball Lightning","Echo Form+1","BootSequence","Chill+1","Loop+1","Creative AI","Darkness+1","Echo Form","Defragment","Mind Blast","Footwork+1"],"relics":["Cracked Core","NeowsBlessing","Orichalcum","Pen Nib","Membership Card","Golden Idol","Sozu","Runic Capacitor","Snecko Eye","StoneCalendar","Boot","Centennial Puzzle","Toxic Egg 2","PrismaticShard"],"potions_floor_usage":[16,16],"damage_taken":[{"damage":0,"enemies":"Jaw Worm","floor":1,"turns":1},{"damage":0,"enemies":"2 Louse","floor":3,"turns":1},{"damage":0,"enemies":"Lagavulin","floor":6,"turns":1},{"damage":5,"enemies":"Small Slimes","floor":8,"turns":3},{"damage":0,"enemies":"2 Fungi Beasts","floor":14,"turns":3},{"damage":16,"enemies":"Hexaghost","floor":16,"turns":7},{"damage":28,"enemies":"3 Byrds","floor":18,"turns":5},{"damage":8,"enemies":"Shell Parasite","floor":19,"turns":4},{"damage":13,"enemies":"Snake Plant","floor":24,"turns":4},{"damage":0,"enemies":"Centurion and Healer","floor":31,"turns":6},{"damage":15,"enemies":"Champ","floor":33,"turns":9},{"damage":15,"enemies":"3 Darklings","floor":35,"turns":4},{"damage":6,"enemies":"Orb Walker","floor":36,"turns":4},{"damage":21,"enemies":"2 Orb Walkers","floor":37,"turns":5},{"damage":0,"enemies":"Maw","floor":38,"turns":5},{"damage":7,"enemies":"Writhing Mass","floor":41,"turns":4},{"damage":9,"enemies":"4 Shapes","floor":42,"turns":4},{"damage":6,"enemies":"Sphere and 2 Shapes","floor":44,"turns":4},{"damage":8,"enemies":"Transient","floor":46,"turns":5},{"damage":5,"enemies":"3 Darklings","floor":47,"turns":6},{"damage":18,"enemies":"Maw","floor":48,"turns":2}],"seed_played":"-6119693215088609255","potions_obtained":[{"floor":3,"key":"Strength Potion"},{"floor":8,"key":"SpeedPotion"},{"floor":14,"key":"PowerPotion"}],"is_trial":false,"path_per_floor":["M","?","M","?","?","E","R","M","T","R","$","?","R","M","R","B",null,"M","M","$","?","?","R","M","R","T","R","$","?","R","M","R","B",null,"M","M","?","M","?","R","M","M","T","M","$","M","M","M"],"character_chosen":"DEFECT","items_purchased":["Membership Card","Loop","Runic Capacitor","Loop","Centennial Puzzle","Toxic Egg 2","PrismaticShard"],"campfire_rested":4,"item_purchase_floors":[11,11,20,20,45,45,45],"current_hp_per_floor":[68,53,53,53,42,42,42,37,37,37,37,19,41,41,41,25,63,35,27,27,13,13,37,24,48,48,48,48,48,48,48,48,33,68,53,47,26,26,26,50,43,34,34,28,28,20,15,0],"gold":139,"neow_bonus":"THREE_ENEMY_KILL","is_prod":false,"is_daily":false,"chose_seed":false,"campfire_upgraded":6,"win_rate":0,"timestamp":1556895401,"path_taken":["M","?","M","?","?","E","R","M","T","R","$","?","R","M","R","BOSS","M","M","$","?","?","R","M","R","T","R","$","?","R","M","R","BOSS","M","?","?","M","?","R","?","M","T","M","$","M","M","M"],"build_version":"2019-01-23","purchased_purges":3,"victory":false,"max_hp_per_floor":[75,75,75,75,75,75,75,75,75,75,75,75,75,75,75,75,75,75,75,75,80,80,80,80,80,80,80,80,80,80,80,80,80,80,80,80,80,80,80,80,80,80,80,80,80,80,80,80],"card_choices":[{"not_picked":["Beam Cell","Chaos","Rebound"],"picked":"SKIP","floor":1},{"not_picked":["Turbo","Skim"],"picked":"Ball Lightning","floor":3},{"not_picked":["Redo","Rebound"],"picked":"Consume","floor":6},{"not_picked":["Hologram","Ball Lightning"],"picked":"Coolheaded","floor":8},{"not_picked":["Leap","Sweeping Beam"],"picked":"Ball Lightning","floor":14},{"not_picked":["Electrodynamics","Hyperbeam"],"picked":"Echo Form","floor":16},{"not_picked":["Hologram","Barrage"],"picked":"BootSequence","floor":18},{"not_picked":["Steam Power","Fusion"],"picked":"Chill+1","floor":19},{"not_picked":["Heatsinks","Beam Cell","Double Energy"],"picked":"SKIP","floor":24},{"not_picked":["Compile Driver","Cold Snap","Streamline"],"picked":"SKIP","floor":31},{"not_picked":["Amplify","Multi-Cast"],"picked":"Creative AI","floor":33},{"not_picked":["Hologram+1","Conserve Battery","Gash"],"picked":"SKIP","floor":35},{"not_picked":["Rebound","Leap"],"picked":"Darkness+1","floor":36},{"not_picked":["Cold Snap+1","Rebound"],"picked":"Echo Form","floor":38},{"not_picked":["Reprogram","Compile Driver+1"],"picked":"Defragment","floor":41},{"not_picked":["Conserve Battery","White Noise","FTL"],"picked":"SKIP","floor":42},{"not_picked":["Cold Snap","Streamline","Chaos"],"picked":"SKIP","floor":44},{"not_picked":["Redo+1","Quick Slash"],"picked":"Mind Blast","floor":46},{"not_picked":["Flying Knee","Thunderclap"],"picked":"Footwork+1","floor":47}],"player_experience":469491,"relics_obtained":[{"floor":6,"key":"Orichalcum"},{"floor":9,"key":"Pen Nib"},{"floor":37,"key":"StoneCalendar"},{"floor":43,"key":"Boot"}],"event_choices":[{"damage_healed":0,"gold_gain":0,"player_choice":"Entered Light","damage_taken":15,"max_hp_gain":0,"max_hp_loss":0,"event_name":"Shining Light","floor":2,"gold_loss":0,"cards_upgraded":["Defend_B","Defend_B"]},{"cards_removed":["Strike_B"],"damage_healed":0,"gold_gain":0,"player_choice":"Forget","damage_taken":0,"max_hp_gain":0,"max_hp_loss":0,"event_name":"Living Wall","floor":4,"gold_loss":0},{"damage_healed":0,"gold_gain":75,"player_choice":"Gather Gold","damage_taken":11,"max_hp_gain":0,"max_hp_loss":0,"event_name":"World of Goop","floor":5,"gold_loss":0},{"damage_healed":0,"gold_gain":0,"player_choice":"Take Damage","damage_taken":18,"relics_obtained":["Golden Idol"],"max_hp_gain":0,"max_hp_loss":0,"event_name":"Golden Idol","floor":12,"gold_loss":0},{"damage_healed":0,"gold_gain":0,"player_choice":"Shed Blood","damage_taken":19,"max_hp_gain":5,"max_hp_loss":0,"event_name":"Forgotten Altar","floor":21,"gold_loss":0},{"damage_healed":0,"gold_gain":0,"player_choice":"Ignored","damage_taken":0,"max_hp_gain":0,"max_hp_loss":0,"event_name":"Ghosts","floor":22,"gold_loss":0},{"damage_healed":0,"gold_gain":0,"player_choice":"Got Potions","damage_taken":0,"max_hp_gain":0,"max_hp_loss":0,"event_name":"Lab","floor":29,"gold_loss":0},{"damage_healed":0,"gold_gain":0,"player_choice":"Fight","damage_taken":0,"max_hp_gain":0,"max_hp_loss":0,"event_name":"Mysterious Sphere","floor":37,"gold_loss":0},{"damage_healed":0,"gold_gain":100,"player_choice":"Pray","damage_taken":0,"max_hp_gain":0,"max_hp_loss":0,"event_name":"Golden Shrine","floor":39,"gold_loss":0}],"is_beta":false,"boss_relics":[{"not_picked":["Busted Crown","White Beast Statue"],"picked":"Sozu"},{"not_picked":["Astrolabe","Runic Dome"],"picked":"Snecko Eye"}],"items_purged_floors":[20,28,45],"is_endless":false,"potions_floor_spawned":[3,8,14,18,31,36,37,42,44,47],"killed_by":"Maw","ascension_level":13}