{"gold_per_floor":[116,116,47,68,68,112,130,194,194,194],"floor_reached":10,"playtime":175,"items_purged":[],"score":182,"play_id":"215921be-de94-49cf-9c99-27cf806bbd84","local_time":"20190413201348","is_ascension_mode":true,"campfire_choices":[],"neow_cost":"NONE","seed_source_timestamp":284370776861100,"circlet_count":0,"master_deck":["AscendersBane","Strike_R","Strike_R","Strike_R","Strike_R","Strike_R","Defend_R","Defend_R","Defend_R","Defend_R","Bash","Shrug It Off","Regret"],"relics":["Burning Blood","NeowsBlessing","Golden Idol","Happy Flower","Letter Opener","Du-Vu Doll","Boot"],"potions_floor_usage":[8],"damage_taken":[{"damage":0,"enemies":"Small Slimes","floor":1,"turns":1},{"damage":0,"enemies":"Jaw Worm","floor":4,"turns":1},{"damage":0,"enemies":"Gremlin Nob","floor":6,"turns":1},{"damage":0,"enemies":"Cultist","floor":7,"turns":3},{"damage":78,"enemies":"Lagavulin Event","floor":8,"turns":7},{"damage":0,"enemies":"Large Slime","floor":10,"turns":2}],"seed_played":"-5798306249002502235","potions_obtained":[{"floor":1,"key":"Dexterity Potion"},{"floor":7,"key":"Regen Potion"},{"floor":8,"key":"Energy Potion"}],"is_trial":false,"path_per_floor":["M","?","?","M","?","E","M","?","T","M"],"character_chosen":"IRONCLAD","items_purchased":[],"campfire_rested":0,"item_purchase_floors":[],"current_hp_per_floor":[74,48,48,54,54,60,66,9,9,9],"gold":194,"neow_bonus":"THREE_ENEMY_KILL","is_prod":false,"is_daily":false,"chose_seed":false,"campfire_upgraded":0,"win_rate":0,"timestamp":1555179228,"path_taken":["M","?","?","?","?","E","M","?","T","M"],"build_version":"2019-04-04","purchased_purges":0,"victory":false,"max_hp_per_floor":[75,75,75,75,75,75,75,75,75,75],"card_choices":[{"not_picked":["Corruption","Perfected Strike","Clash"],"picked":"SKIP","floor":1},{"not_picked":["Havoc","Heavy Blade"],"picked":"Shrug It Off","floor":4},{"not_picked":["Dark Embrace","Carnage","Power Through"],"picked":"SKIP","floor":6},{"not_picked":["Headbutt","True Grit","Ghostly Armor"],"picked":"SKIP","floor":7}],"player_experience":1380349,"relics_obtained":[{"floor":6,"key":"Du-Vu Doll"},{"floor":8,"key":"Boot"}],"event_choices":[{"damage_healed":0,"gold_gain":0,"player_choice":"Take Damage","damage_taken":26,"relics_obtained":["Golden Idol"],"max_hp_gain":0,"max_hp_loss":0,"event_name":"Golden Idol","floor":2,"gold_loss":0},{"damage_healed":0,"gold_gain":0,"player_choice":"Paid Gold","damage_taken":0,"relics_obtained":["Happy Flower"],"max_hp_gain":0,"max_hp_loss":0,"event_name":"WeMeetAgain","floor":3,"gold_loss":69},{"damage_healed":0,"gold_gain":0,"player_choice":"Box","damage_taken":0,"relics_obtained":["Letter Opener"],"max_hp_gain":0,"max_hp_loss":0,"event_name":"Big Fish","floor":5,"gold_loss":0,"cards_obtained":["Regret"]},{"damage_healed":0,"gold_gain":30,"player_choice":"Searched \u00272\u0027 times","damage_taken":0,"max_hp_gain":0,"max_hp_loss":0,"event_name":"Dead Adventurer","floor":8,"gold_loss":0}],"is_beta":true,"boss_relics":[],"items_purged_floors":[],"is_endless":false,"potions_floor_spawned":[1,7,8],"killed_by":"Large Slime","ascension_level":20}