{"path_per_floor":["M","M","?","?","$","E","?","E","T","$","E","R","M","M","R","B",null,"M","$","T","?","M","R","E","$","T","E","?","M","R","E","R"],"character_chosen":"IRONCLAD","items_purchased":["Limit Break","Spot Weakness","Inflame","Heavy Blade","Shrug It Off"],"gold_per_floor":[115,130,230,230,87,114,114,173,253,46,75,75,86,100,100,204,204,214,114,114,114,124,124,152,27,50,79,29,41,41,69,69,69],"floor_reached":33,"campfire_rested":0,"playtime":1404,"item_purchase_floors":[5,10,10,10,10],"current_hp_per_floor":[80,80,80,64,64,43,48,20,20,20,32,32,50,54,54,30,85,85,85,85,85,85,85,58,58,58,60,60,44,44,48,48,0],"items_purged":["Strike_R","Strike_R","Injury"],"gold":69,"score":335,"play_id":"a9df3ca1-15ab-4e79-bca1-a0a639d7016e","local_time":"20180615213149","is_prod":false,"is_daily":false,"chose_seed":false,"is_ascension_mode":true,"campfire_upgraded":5,"win_rate":0,"timestamp":1529123509,"campfire_choices":[{"data":"Limit Break","floor":12,"key":"SMITH"},{"data":"Heavy Blade","floor":15,"key":"SMITH"},{"data":"Armaments","floor":23,"key":"SMITH"},{"data":"Whirlwind","floor":30,"key":"SMITH"},{"data":"Inflame","floor":32,"key":"SMITH"}],"path_taken":["M","M","?","?","$","E","?","E","T","$","E","R","?","M","R","BOSS","M","$","?","?","?","R","E","?","T","E","?","M","R","E","R","BOSS"],"build_version":"2018-06-11","seed_source_timestamp":545626429817073,"purchased_purges":3,"victory":false,"master_deck":["Strike_R","Strike_R","Strike_R","Defend_R+1","Defend_R","Defend_R+1","Defend_R","Bash","Pommel Strike","Searing Blow","Limit Break+1","Ghostly Armor","Thunderclap","Spot Weakness","Inflame+1","Heavy Blade+1","Shrug It Off","Reaper","Armaments+1","Shrug It Off","Pain","Whirlwind+1"],"max_hp_per_floor":[80,80,80,80,80,80,85,85,85,85,85,85,85,85,85,85,85,85,85,85,85,85,85,85,85,85,85,85,85,85,85,85,85],"special_seed":0,"relics":["Burning Blood","Boot","Tiny Chest","Meat on the Bone","Mercury Hourglass","Cursed Key","Pen Nib","Vajra","Art of War","Potion Belt","Bronze Scales"],"card_choices":[{"not_picked":["Twin Strike","Headbutt"],"picked":"Pommel Strike","floor":1},{"not_picked":["Sentinel","Hemokinesis"],"picked":"Searing Blow","floor":2},{"not_picked":["Anger","Headbutt"],"picked":"Ghostly Armor","floor":6},{"not_picked":["Rupture","Sword Boomerang"],"picked":"Thunderclap","floor":8},{"not_picked":["True Grit","Clothesline","Thunderclap"],"picked":"SKIP","floor":11},{"not_picked":["Spot Weakness","Anger","Heavy Blade"],"picked":"SKIP","floor":13},{"not_picked":["Sever Soul","Demon Form","Heavy Blade"],"picked":"SKIP","floor":14},{"not_picked":["Berserk","Offering"],"picked":"Reaper","floor":16},{"not_picked":["True Grit","Clothesline","Burning Pact"],"picked":"SKIP","floor":18},{"not_picked":["Pommel Strike","Wild Strike"],"picked":"Armaments","floor":22},{"not_picked":["Heavy Blade","Second Wind"],"picked":"Shrug It Off","floor":24},{"not_picked":["Clash","Limit Break"],"picked":"Whirlwind","floor":27},{"not_picked":["Metallicize+1","Pummel+1","Pommel Strike+1"],"picked":"SKIP","floor":29},{"not_picked":["Armaments","Thunderclap","Sever Soul"],"picked":"SKIP","floor":31}],"player_experience":135940,"potions_floor_usage":[16,16,24,33,33],"damage_taken":[{"damage":1,"enemies":"Jaw Worm","floor":1,"turns":5},{"damage":1,"enemies":"Cultist","floor":2,"turns":4},{"damage":27,"enemies":"3 Sentries","floor":6,"turns":9},{"damage":34,"enemies":"Gremlin Nob","floor":8,"turns":5},{"damage":6,"enemies":"3 Sentries","floor":11,"turns":6},{"damage":0,"enemies":"2 Louse","floor":13,"turns":3},{"damage":2,"enemies":"Large Slime","floor":14,"turns":5},{"damage":42,"enemies":"The Guardian","floor":16,"turns":8},{"damage":5,"enemies":"Spheric Guardian","floor":18,"turns":3},{"damage":2,"enemies":"Chosen","floor":22,"turns":5},{"damage":33,"enemies":"Slavers","floor":24,"turns":4},{"damage":26,"enemies":"Gremlin Leader","floor":27,"turns":5},{"damage":43,"enemies":"Slaver and Parasite","floor":29,"turns":5},{"damage":14,"enemies":"Slavers","floor":31,"turns":2},{"damage":91,"enemies":"Collector","floor":33,"turns":6}],"relics_obtained":[{"floor":6,"key":"Boot"},{"floor":8,"key":"Tiny Chest"},{"floor":9,"key":"Meat on the Bone"},{"floor":11,"key":"Mercury Hourglass"},{"floor":20,"key":"Pen Nib"},{"floor":24,"key":"Vajra"},{"floor":26,"key":"Art of War"},{"floor":27,"key":"Potion Belt"},{"floor":31,"key":"Bronze Scales"}],"event_choices":[{"event_name":"Golden Shrine","player_choice":"Pray","floor":3,"damage_taken":0},{"event_name":"Shining Light","player_choice":"Entered Light","floor":4,"damage_taken":0},{"event_name":"Big Fish","player_choice":"Donut","floor":7,"damage_taken":0},{"event_name":"Ghosts","player_choice":"Ignored","floor":21,"damage_taken":0},{"event_name":"The Joust","player_choice":"Bet on Murderer","floor":28,"damage_taken":0}],"boss_relics":[{"not_picked":["Eternal Feather","Runic Dome"],"picked":"Cursed Key"}],"items_purged_floors":[5,19,25],"potions_floor_spawned":[6,8,13,16,22,31],"seed_played":"8481930032452966242","killed_by":"Collector","ascension_level":1,"potions_obtained":[{"floor":6,"key":"Dexterity Potion"},{"floor":8,"key":"Energy Potion"},{"floor":13,"key":"FearPotion"},{"floor":16,"key":"Dexterity Potion"},{"floor":22,"key":"Poison Potion"},{"floor":31,"key":"BloodPotion"}],"is_trial":false}