{"gold_per_floor":[119,139,139,22,22,22,53,53,53,88,111,111,127,141,141,141],"floor_reached":16,"playtime":991,"items_purged":[],"score":220,"play_id":"f0ffcf1b-f315-479f-bb5b-cb0c10fd56a8","local_time":"20190425190058","is_ascension_mode":true,"campfire_choices":[{"floor":6.0,"key":"REST"},{"floor":8.0,"key":"REST"},{"data":"Disarm","floor":12.0,"key":"SMITH"},{"data":"Bash","floor":15.0,"key":"SMITH"}],"neow_cost":"PERCENT_DAMAGE","seed_source_timestamp":601703263824175,"circlet_count":0,"master_deck":["AscendersBane","Strike_R","Strike_R","Strike_R","Strike_R","Defend_R","Defend_R","Defend_R","Defend_R","Bash+1","Sword Boomerang","Shockwave","Dropkick","Disarm+1","Burning Pact","Metallicize","Headbutt"],"special_seed":0,"relics":["Burning Blood","Champion Belt","Golden Idol","Bag of Preparation","Shuriken","Art of War"],"potions_floor_usage":[16],"damage_taken":[{"damage":17.0,"enemies":"Jaw Worm","floor":1.0,"turns":7.0},{"damage":3.0,"enemies":"Cultist","floor":2.0,"turns":4.0},{"damage":24.0,"enemies":"Gremlin Nob","floor":7.0,"turns":4.0},{"damage":21.0,"enemies":"Lagavulin","floor":10.0,"turns":6.0},{"damage":0.0,"enemies":"2 Louse","floor":11.0,"turns":4.0},{"damage":9.0,"enemies":"Red Slaver","floor":13.0,"turns":4.0},{"damage":12.0,"enemies":"Exordium Wildlife","floor":14.0,"turns":5.0},{"damage":36,"enemies":"Hexaghost","floor":16,"turns":11}],"seed_played":"-1207646101373609021","potions_obtained":[{"floor":11.0,"key":"SpeedPotion"},{"floor":14.0,"key":"FairyPotion"}],"is_trial":false,"path_per_floor":["M","M","?","$","?","R","E","R","T","E","M","R","M","M","R","B"],"character_chosen":"IRONCLAD","items_purchased":["Shockwave","Dropkick"],"campfire_rested":2,"item_purchase_floors":[4,4],"current_hp_per_floor":[39,42,16,16,16,38,20,42,42,27,33,33,30,24,24,0],"gold":141,"neow_bonus":"ONE_RARE_RELIC","is_prod":false,"is_daily":false,"chose_seed":false,"campfire_upgraded":2,"win_rate":0,"timestamp":1556240458,"path_taken":["M","M","?","$","?","R","E","R","T","E","M","R","M","M","R","BOSS"],"build_version":"2019-04-23","purchased_purges":0,"victory":false,"max_hp_per_floor":[75,75,75,75,75,75,75,75,75,75,75,75,75,75,75,75],"card_choices":[{"not_picked":["Warcry","Burning Pact"],"picked":"Sword Boomerang","floor":1.0},{"not_picked":["Clash","Blood for Blood","Flex"],"picked":"SKIP","floor":2.0},{"not_picked":["Combust","Infernal Blade"],"picked":"Disarm","floor":7.0},{"not_picked":["Warcry","Clash","Flex"],"picked":"SKIP","floor":10.0},{"not_picked":["Evolve","Sword Boomerang"],"picked":"Burning Pact","floor":11.0},{"not_picked":["Headbutt","Havoc"],"picked":"Metallicize","floor":13.0},{"not_picked":["Corruption","Sword Boomerang"],"picked":"Headbutt","floor":14.0}],"player_experience":3064372,"relics_obtained":[{"floor":7.0,"key":"Bag of Preparation"},{"floor":9.0,"key":"Shuriken"},{"floor":10.0,"key":"Art of War"}],"event_choices":[{"damage_healed":0.0,"max_hp_gain":0.0,"max_hp_loss":0.0,"gold_gain":0.0,"event_name":"Golden Idol","player_choice":"Take Damage","floor":3.0,"gold_loss":0.0,"damage_taken":26.0,"relics_obtained":["Golden Idol"]},{"cards_removed":["Strike_R"],"damage_healed":0.0,"max_hp_gain":0.0,"max_hp_loss":0.0,"gold_gain":0.0,"event_name":"Purifier","player_choice":"Purged","floor":5.0,"gold_loss":0.0,"damage_taken":0.0}],"is_beta":true,"boss_relics":[],"items_purged_floors":[],"is_endless":false,"potions_floor_spawned":[11,14],"killed_by":"Hexaghost","ascension_level":20}