{"gold_per_floor":[118,118,193,212,212,240,240,253,253,253,253,253],"floor_reached":12,"playtime":610,"items_purged":[],"score":95,"play_id":"f775245a-c44b-434f-9091-5b7cb6a534fe","local_time":"20180806201759","is_ascension_mode":true,"campfire_choices":[{"data":"Backflip","floor":11,"key":"SMITH"}],"neow_cost":"NONE","seed_source_timestamp":327217411090400,"circlet_count":0,"master_deck":["Defend_G","Defend_G","Defend_G","Defend_G+1","Defend_G","Strike_G","Strike_G","Strike_G","Strike_G","Strike_G","Survivor","Neutralize+1","Backflip+1","PiercingWail","Adrenaline+1","Neutralize","Doppelganger","Deep Breath","Cloak And Dagger"],"relics":["Black Star","Kunai","Dodecahedron","Letter Opener","Meat on the Bone"],"potions_floor_usage":[12],"damage_taken":[{"damage":1,"enemies":"2 Louse","floor":1,"turns":3},{"damage":0,"enemies":"Small Slimes","floor":4,"turns":5},{"damage":16,"enemies":"3 Sentries","floor":6,"turns":14},{"damage":0,"enemies":"Cultist","floor":8,"turns":4},{"damage":15,"enemies":"Gremlin Nob","floor":12,"turns":4}],"seed_played":"7672794112083236546","potions_obtained":[{"floor":8,"key":"Dexterity Potion"}],"is_trial":false,"path_per_floor":["M","?","?","M","?","E","?","M","T","?","R"],"character_chosen":"THE_SILENT","items_purchased":[],"campfire_rested":0,"item_purchase_floors":[],"current_hp_per_floor":[69,51,40,40,40,24,24,24,24,10,10,0],"gold":253,"neow_bonus":"BOSS_RELIC","is_prod":false,"is_daily":false,"chose_seed":false,"campfire_upgraded":1,"win_rate":0,"timestamp":1533611879,"path_taken":["M","?","?","M","?","E","?","?","T","?","R","E"],"build_version":"2018-08-01","purchased_purges":0,"victory":false,"max_hp_per_floor":[70,70,70,70,70,70,70,70,70,70,70,70],"card_choices":[{"not_picked":["Dagger Throw","Blur"],"picked":"Backflip","floor":1},{"not_picked":["Outmaneuver","Predator"],"picked":"PiercingWail","floor":4},{"not_picked":["Dash","Sucker Punch"],"picked":"Adrenaline","floor":6},{"not_picked":["Quick Slash","Finisher"],"picked":"Cloak And Dagger","floor":8}],"player_experience":211897,"relics_obtained":[{"floor":6,"key":"Dodecahedron"},{"floor":6,"key":"Letter Opener"},{"floor":9,"key":"Meat on the Bone"}],"event_choices":[{"event_name":"Scrap Ooze","player_choice":"success","floor":2,"damage_taken":18},{"event_name":"World of Goop","player_choice":"Gather Gold","floor":3,"damage_taken":0},{"event_name":"Upgrade Shrine","player_choice":"Upgraded","floor":5,"damage_taken":0},{"event_name":"Match and Keep!","player_choice":"3 cards matched","floor":7,"damage_taken":0},{"event_name":"Shining Light","player_choice":"Entered Light","floor":10,"damage_taken":0}],"is_beta":true,"boss_relics":[],"items_purged_floors":[],"is_endless":false,"potions_floor_spawned":[8],"killed_by":"Gremlin Nob","ascension_level":5}