{"gold_per_floor":[110,110,110,75,88,88,88,109,109,109,109],"floor_reached":11,"playtime":150,"items_purged":[],"score":122,"play_id":"3b8cab15-133e-4335-a5d3-0eb595e2760f","local_time":"20190328230631","is_ascension_mode":true,"campfire_choices":[{"data":"Bash","floor":6,"key":"SMITH"},{"data":"Inflame","floor":10,"key":"SMITH"}],"neow_cost":"NONE","seed_source_timestamp":687352470047500,"circlet_count":0,"master_deck":["AscendersBane","Strike_R","Strike_R","Strike_R","Strike_R","Strike_R","Defend_R","Defend_R","Defend_R","Defend_R","Bash+1","Juggernaut","Inflame+1"],"relics":["Burning Blood","Strawberry","Golden Idol","Frozen Egg 2","Kunai"],"potions_floor_usage":[],"damage_taken":[{"damage":5,"enemies":"Small Slimes","floor":1,"turns":3},{"damage":16,"enemies":"2 Louse","floor":5,"turns":3},{"damage":9,"enemies":"Jaw Worm","floor":8,"turns":4},{"damage":24,"enemies":"Exordium Wildlife","floor":11,"turns":3}],"seed_played":"2160784347522972075","potions_obtained":[{"floor":1,"key":"Swift Potion"},{"floor":8,"key":"Swift Potion"}],"is_trial":false,"path_per_floor":["M","?","?","?","M","R","T","M","T","R","M"],"character_chosen":"IRONCLAD","items_purchased":[],"campfire_rested":0,"item_purchase_floors":[],"current_hp_per_floor":[69,50,22,42,32,32,32,29,29,29,5],"gold":109,"neow_bonus":"ONE_RANDOM_RARE_CARD","is_prod":false,"is_daily":false,"chose_seed":false,"campfire_upgraded":2,"win_rate":0,"timestamp":1553810791,"path_taken":["M","?","?","?","?","R","?","M","T","R","?"],"build_version":"2019-03-15","purchased_purges":0,"victory":false,"max_hp_per_floor":[75,82,82,82,82,82,82,82,82,82,82],"card_choices":[{"not_picked":["Fire Breathing","Perfected Strike"],"picked":"Inflame","floor":1},{"not_picked":["Evolve","Wild Strike","Pommel Strike"],"picked":"SKIP","floor":5},{"not_picked":["Armaments","Clothesline","Havoc"],"picked":"SKIP","floor":8}],"player_experience":1299746,"relics_obtained":[{"floor":7,"key":"Frozen Egg 2"},{"floor":9,"key":"Kunai"}],"event_choices":[{"damage_healed":0,"gold_gain":0,"player_choice":"Success","damage_taken":26,"relics_obtained":["Strawberry"],"max_hp_gain":0,"max_hp_loss":0,"event_name":"Scrap Ooze","floor":2,"gold_loss":0},{"damage_healed":0,"gold_gain":0,"player_choice":"Take Damage","damage_taken":28,"relics_obtained":["Golden Idol"],"max_hp_gain":0,"max_hp_loss":0,"event_name":"Golden Idol","floor":3,"gold_loss":0},{"damage_healed":20,"gold_gain":0,"player_choice":"Healed","damage_taken":0,"max_hp_gain":0,"max_hp_loss":0,"event_name":"The Cleric","floor":4,"gold_loss":35}],"is_beta":true,"boss_relics":[],"items_purged_floors":[],"is_endless":false,"potions_floor_spawned":[1,8],"killed_by":"Exordium Wildlife","ascension_level":20}