{"gold_per_floor":[219,235,235,88,88,116,116,142,142,154,1,34,50,77,77,181,181,200,300,300,311,329,329,346,358,382,382,192,222,28,44,44,144,144,162,162,262,279,379,379,379,409,466,541,46,56,56,83,83,83],"floor_reached":50,"playtime":4154,"items_purged":["Strike_G"],"score":975,"play_id":"704de796-0b3f-4fbb-a3b2-466bea5dc692","local_time":"20181127012416","is_ascension_mode":true,"campfire_choices":[{"data":"Dash","floor":15,"key":"SMITH"},{"floor":23,"key":"REST"},{"data":"Footwork","floor":32,"key":"SMITH"},{"data":"Noxious Fumes","floor":40,"key":"SMITH"},{"data":"Caltrops","floor":49,"key":"SMITH"}],"neow_cost":"NONE","seed_source_timestamp":1131138380942512,"circlet_count":0,"master_deck":["Defend_G","Defend_G+1","Defend_G","Defend_G","Survivor","Neutralize+1","Backstab","Bouncing Flask+1","Backflip","Dash+1","Dodge and Roll","PiercingWail","Escape Plan","Envenom+1","Deflect+1","Caltrops+1","Footwork+1","Noxious Fumes+1","Bite","Bite","Bite","Bite","Bite","Corpse Explosion","Deflect+1","Blur"],"relics":["Ring of the Serpent","PreservedInsect","Bottled Flame","Tingsha","Paper Crane","Incense Burner","Bag of Preparation","Velvet Choker","The Specimen","Pear","ClockworkSouvenir","Blood Vial","Juzu Bracelet","Turnip","Dream Catcher","Tiny Chest","Happy Flower","Pen Nib","Lee\u0027s Waffle","Ginger"],"potions_floor_usage":[13,16,19,19,29,33,33,42,50,50],"damage_taken":[{"damage":0,"enemies":"Jaw Worm","floor":1,"turns":7},{"damage":0,"enemies":"Small Slimes","floor":2,"turns":3},{"damage":10,"enemies":"Lagavulin","floor":6,"turns":5},{"damage":5,"enemies":"Gremlin Nob","floor":8,"turns":3},{"damage":0,"enemies":"Cultist","floor":10,"turns":3},{"damage":14,"enemies":"Lagavulin","floor":12,"turns":5},{"damage":0,"enemies":"Exordium Thugs","floor":13,"turns":4},{"damage":7,"enemies":"3 Sentries","floor":14,"turns":7},{"damage":0,"enemies":"Hexaghost","floor":16,"turns":9},{"damage":0,"enemies":"Shell Parasite","floor":18,"turns":4},{"damage":3,"enemies":"Colosseum Slavers","floor":19,"turns":5},{"damage":42,"enemies":"Colosseum Nobs","floor":19,"turns":6},{"damage":4,"enemies":"2 Thieves","floor":21,"turns":5},{"damage":4,"enemies":"Snecko","floor":22,"turns":5},{"damage":7,"enemies":"Centurion and Healer","floor":24,"turns":7},{"damage":2,"enemies":"3 Cultists","floor":25,"turns":6},{"damage":0,"enemies":"Gremlin Leader","floor":29,"turns":6},{"damage":17,"enemies":"Chosen and Byrds","floor":31,"turns":5},{"damage":11,"enemies":"Collector","floor":33,"turns":9},{"damage":0,"enemies":"3 Darklings","floor":35,"turns":2},{"damage":0,"enemies":"Mind Bloom Boss Battle","floor":37,"turns":7},{"damage":0,"enemies":"Orb Walker","floor":38,"turns":4},{"damage":8,"enemies":"Nemesis","floor":42,"turns":9},{"damage":0,"enemies":"Sphere and 2 Shapes","floor":46,"turns":5},{"damage":15,"enemies":"Giant Head","floor":48,"turns":9},{"damage":80,"enemies":"Time Eater","floor":50,"turns":13}],"seed_played":"3806195033247571662","potions_obtained":[{"floor":1,"key":"Energy Potion"},{"floor":10,"key":"Energy Potion"},{"floor":14,"key":"PowerPotion"},{"floor":16,"key":"GhostInAJar"},{"floor":19,"key":"Weak Potion"},{"floor":21,"key":"SkillPotion"},{"floor":33,"key":"SteroidPotion"},{"floor":37,"key":"Swift Potion"},{"floor":42,"key":"Block Potion"}],"is_trial":false,"path_per_floor":["M","M","?","$","?","E","?","E","T","M","$","E","M","E","R","B",null,"M","?","?","M","M","R","M","M","T","?","$","E","$","M","R","B",null,"M","?","?","M","?","R","?","E","T","?","$","M","$","E","R","B"],"character_chosen":"THE_SILENT","items_purchased":["PreservedInsect","GhostInAJar","ClockworkSouvenir","Juzu Bracelet","Poison Potion","Happy Flower","Pen Nib","Lee\u0027s Waffle"],"campfire_rested":1,"item_purchase_floors":[4,11,28,30,30,45,45,45],"current_hp_per_floor":[63,63,49,49,49,39,39,34,34,34,34,20,20,13,13,13,56,56,21,21,17,13,37,30,28,28,28,28,42,42,37,37,42,53,56,56,56,56,56,56,53,47,47,42,60,60,60,51,51,0],"gold":83,"neow_bonus":"HUNDRED_GOLD","is_prod":false,"is_daily":false,"chose_seed":false,"campfire_upgraded":4,"win_rate":0,"timestamp":1543317856,"path_taken":["M","M","?","$","?","E","?","E","T","?","?","E","M","E","R","BOSS","M","?","?","M","M","R","M","?","T","?","$","E","$","M","R","BOSS","M","?","?","M","?","R","?","E","T","?","$","M","?","E","R","BOSS"],"build_version":"2018-11-15","purchased_purges":1,"victory":false,"max_hp_per_floor":[70,70,70,70,70,70,70,70,70,70,70,70,70,70,70,70,70,70,80,80,80,80,80,80,80,80,56,56,56,56,56,56,56,56,56,56,56,56,56,56,53,53,53,53,60,60,60,60,60,60],"card_choices":[{"not_picked":["Caltrops","Dagger Throw"],"picked":"Backstab","floor":1},{"not_picked":["Reflex","Underhanded Strike"],"picked":"Bouncing Flask","floor":2},{"not_picked":["Tactician","Slice"],"picked":"Backflip","floor":6},{"not_picked":["Crippling Poison","Bane","Quick Slash"],"picked":"SKIP","floor":8},{"not_picked":["Eviscerate","Deadly Poison"],"picked":"Dash","floor":10},{"not_picked":["Venomology","Flechettes"],"picked":"Dodge and Roll","floor":12},{"not_picked":["Flying Knee","Slice"],"picked":"PiercingWail","floor":13},{"not_picked":["Bane","Accuracy"],"picked":"Escape Plan","floor":14},{"not_picked":["Glass Knife","Venomology"],"picked":"Envenom","floor":16},{"not_picked":["Cloak And Dagger","Deadly Poison"],"picked":"Deflect+1","floor":18},{"not_picked":["Deadly Poison+1","Backflip"],"picked":"Caltrops","floor":21},{"not_picked":["Acrobatics","Quick Slash"],"picked":"Footwork","floor":22},{"not_picked":["Infinite Blades+1","Well Laid Plans"],"picked":"Noxious Fumes","floor":24},{"not_picked":["Malaise","Riddle With Holes+1","Backstab"],"picked":"SKIP","floor":25},{"not_picked":["Escape Plan","Dagger Throw"],"picked":"Corpse Explosion","floor":29},{"not_picked":["Underhanded Strike","Poisoned Stab+1","Distraction+1"],"picked":"SKIP","floor":31},{"not_picked":["Leg Sweep+1","Flying Knee+1"],"picked":"Deflect+1","floor":35},{"not_picked":["Flying Knee+1","Quick Slash"],"picked":"Blur","floor":37},{"not_picked":["Slice+1","Envenom","Sucker Punch"],"picked":"SKIP","floor":38},{"not_picked":["Acrobatics+1","Finisher+1","Crippling Poison"],"picked":"SKIP","floor":42},{"not_picked":["Skewer","Dodge and Roll","Acrobatics+1"],"picked":"SKIP","floor":46},{"not_picked":["Deadly Poison+1","All Out Attack","PiercingWail"],"picked":"SKIP","floor":48}],"player_experience":331733,"relics_obtained":[{"floor":6,"key":"Bottled Flame"},{"floor":8,"key":"Tingsha"},{"floor":9,"key":"Paper Crane"},{"floor":12,"key":"Incense Burner"},{"floor":14,"key":"Bag of Preparation"},{"floor":19,"key":"The Specimen"},{"floor":19,"key":"Pear"},{"floor":29,"key":"Blood Vial"},{"floor":37,"key":"Turnip"},{"floor":42,"key":"Dream Catcher"},{"floor":43,"key":"Tiny Chest"},{"floor":48,"key":"Ginger"}],"event_choices":[{"damage_healed":0,"gold_gain":0,"player_choice":"Entered Light","damage_taken":14,"max_hp_gain":0,"max_hp_loss":0,"event_name":"Shining Light","floor":3,"gold_loss":0,"cards_upgraded":["Neutralize","Defend_G"]},{"damage_healed":0,"gold_gain":0,"player_choice":"Ignored","damage_taken":0,"max_hp_gain":0,"max_hp_loss":0,"event_name":"Liars Game","floor":5,"gold_loss":0},{"damage_healed":0,"gold_gain":0,"player_choice":"Forge","damage_taken":0,"max_hp_gain":0,"max_hp_loss":0,"event_name":"Accursed Blacksmith","floor":7,"gold_loss":0,"cards_upgraded":["Bouncing Flask"]},{"damage_healed":0,"gold_gain":0,"player_choice":"Fight","damage_taken":0,"max_hp_gain":0,"max_hp_loss":0,"event_name":"Colosseum","floor":19,"gold_loss":0},{"damage_healed":0,"gold_gain":0,"player_choice":"Fought Nobs","damage_taken":0,"max_hp_gain":0,"max_hp_loss":0,"event_name":"Colosseum","floor":19,"gold_loss":0},{"damage_healed":0,"gold_gain":0,"player_choice":"Upgraded","damage_taken":0,"max_hp_gain":0,"max_hp_loss":0,"event_name":"Upgrade Shrine","floor":20,"gold_loss":0,"cards_upgraded":["Envenom"]},{"damage_healed":0,"gold_gain":0,"player_choice":"Became a vampire","damage_taken":0,"max_hp_gain":0,"max_hp_loss":24,"event_name":"Vampires","floor":27,"gold_loss":0,"cards_obtained":["Bite","Bite","Bite","Bite","Bite"]},{"cards_removed":["Defend_G"],"damage_healed":0,"gold_gain":0,"player_choice":"Removed Skill","damage_taken":0,"max_hp_gain":0,"max_hp_loss":0,"event_name":"Falling","floor":36,"gold_loss":0},{"damage_healed":0,"gold_gain":0,"player_choice":"Fight","damage_taken":0,"max_hp_gain":0,"max_hp_loss":0,"event_name":"MindBloom","floor":37,"gold_loss":0},{"damage_healed":0,"gold_gain":100,"player_choice":"Pray","damage_taken":0,"max_hp_gain":0,"max_hp_loss":0,"event_name":"Golden Shrine","floor":39,"gold_loss":0},{"damage_healed":0,"gold_gain":0,"player_choice":"Max HP","damage_taken":0,"max_hp_gain":0,"max_hp_loss":3,"event_name":"Winding Halls","floor":41,"gold_loss":0},{"damage_healed":0,"gold_gain":75,"player_choice":"Touch","damage_taken":5,"max_hp_gain":0,"max_hp_loss":0,"event_name":"FaceTrader","floor":44,"gold_loss":0}],"is_beta":false,"boss_relics":[{"not_picked":["White Beast Statue","Empty Cage"],"picked":"Velvet Choker"},{"not_picked":["Eternal Feather","Orrery"],"picked":"Ring of the Serpent"}],"items_purged_floors":[11],"is_endless":false,"potions_floor_spawned":[1,10,14,16,18,19,21,31,33,37,42,48],"killed_by":"Time Eater","ascension_level":9}