{"gold_per_floor":[118,129,12,12,12,12,55,55,55,73,73,94,135,35,35,128,191,212,212,177,192,0,0,50,50,50,63,63],"floor_reached":28,"playtime":897,"items_purged":["Defend_G","Injury"],"score":502,"play_id":"79275d8b-5749-4370-92f2-773c7177ca8b","local_time":"20190113181005","is_ascension_mode":true,"campfire_choices":[{"data":"Neutralize","floor":6,"key":"SMITH"},{"data":"Dagger Spray","floor":8,"key":"SMITH"},{"data":"Backflip","floor":11,"key":"SMITH"},{"data":"Leg Sweep","floor":15,"key":"SMITH"},{"floor":23,"key":"REST"},{"floor":25,"key":"REST"}],"neow_cost":"NONE","seed_source_timestamp":338578054695400,"circlet_count":0,"master_deck":["AscendersBane","Defend_G","Defend_G","Defend_G+1","Defend_G","Strike_G","Strike_G","Strike_G","Strike_G","Strike_G","Survivor","Neutralize+1","Dagger Spray+1","Quick Slash","Caltrops+1","After Image","Backflip+1","Leg Sweep+1","Malaise","Sucker Punch","Heel Hook","Flying Knee"],"relics":["Ring of the Snake","NeowsBlessing","Golden Idol","Bottled Lightning","Incense Burner","StoneCalendar","Tiny House","Frozen Egg 2"],"potions_floor_usage":[13,27,28],"damage_taken":[{"damage":0,"enemies":"Cultist","floor":1,"turns":1},{"damage":0,"enemies":"2 Louse","floor":2,"turns":1},{"damage":0,"enemies":"Gremlin Nob","floor":7,"turns":1},{"damage":0,"enemies":"Small Slimes","floor":10,"turns":3},{"damage":0,"enemies":"Exordium Wildlife","floor":12,"turns":4},{"damage":12,"enemies":"3 Sentries","floor":13,"turns":7},{"damage":22,"enemies":"Hexaghost","floor":16,"turns":10},{"damage":7,"enemies":"Chosen","floor":18,"turns":7},{"damage":21,"enemies":"2 Thieves","floor":20,"turns":5},{"damage":27,"enemies":"Sentry and Sphere","floor":21,"turns":7},{"damage":18,"enemies":"Cultist and Chosen","floor":27,"turns":7},{"damage":45,"enemies":"3 Cultists","floor":28,"turns":5}],"seed_played":"-4011456526051845301","potions_obtained":[{"floor":1,"key":"Fire Potion"},{"floor":7,"key":"Weak Potion"},{"floor":17,"key":"PowerPotion"},{"floor":27,"key":"SneckoOil"}],"is_trial":false,"path_per_floor":["M","M","$","?","?","R","E","R","T","M","R","M","E","$","R","B",null,"M","?","M","M","?","R","?","R","T","M","M"],"character_chosen":"THE_SILENT","items_purchased":["Caltrops"],"campfire_rested":2,"item_purchase_floors":[3],"current_hp_per_floor":[59,59,59,59,59,59,59,59,59,59,59,59,47,47,47,25,61,54,54,33,6,6,27,27,48,48,30,0],"gold":63,"neow_bonus":"THREE_ENEMY_KILL","is_prod":false,"is_daily":false,"chose_seed":false,"campfire_upgraded":4,"win_rate":0,"timestamp":1547399405,"path_taken":["M","M","?","?","?","R","E","R","T","?","R","M","E","$","R","BOSS","M","?","M","M","?","R","?","R","T","?","M"],"build_version":"2019-01-10","purchased_purges":2,"victory":false,"max_hp_per_floor":[66,66,66,66,66,66,66,66,66,66,66,66,66,66,66,66,71,71,71,71,71,71,71,71,71,71,71,71],"card_choices":[{"not_picked":["Calculated Gamble","Poisoned Stab"],"picked":"Dagger Spray","floor":1},{"not_picked":["Deflect","Prepared"],"picked":"Quick Slash","floor":2},{"not_picked":["Underhanded Strike","Deadly Poison"],"picked":"After Image","floor":7},{"not_picked":["Flechettes","Dagger Throw"],"picked":"Backflip","floor":10},{"not_picked":["Poisoned Stab","Heel Hook","PiercingWail"],"picked":"SKIP","floor":12},{"not_picked":["Deadly Poison","Well Laid Plans"],"picked":"Leg Sweep","floor":13},{"not_picked":["Glass Knife","Doppelganger"],"picked":"Malaise","floor":16},{"not_picked":["Eviscerate","Dodge and Roll"],"picked":"Sucker Punch","floor":17},{"not_picked":["Sucker Punch","Blade Dance","Bouncing Flask"],"picked":"SKIP","floor":18},{"not_picked":["Bane","Deflect"],"picked":"Heel Hook","floor":20},{"not_picked":["Sucker Punch","PiercingWail","Cloak And Dagger"],"picked":"SKIP","floor":21},{"not_picked":["Cloak And Dagger","Eviscerate"],"picked":"Flying Knee","floor":27}],"player_experience":1032635,"relics_obtained":[{"floor":7,"key":"Bottled Lightning"},{"floor":9,"key":"Incense Burner"},{"floor":13,"key":"StoneCalendar"},{"floor":26,"key":"Frozen Egg 2"}],"event_choices":[{"damage_healed":0,"gold_gain":0,"player_choice":"Grow","damage_taken":0,"max_hp_gain":0,"max_hp_loss":0,"event_name":"Living Wall","floor":4,"gold_loss":0,"cards_upgraded":["Caltrops"]},{"damage_healed":0,"gold_gain":0,"player_choice":"Take Wound","damage_taken":0,"relics_obtained":["Golden Idol"],"max_hp_gain":0,"max_hp_loss":0,"event_name":"Golden Idol","floor":5,"gold_loss":0,"cards_obtained":["Injury"]},{"damage_healed":0,"gold_gain":0,"player_choice":"Ignored","damage_taken":0,"max_hp_gain":0,"max_hp_loss":0,"event_name":"Ghosts","floor":19,"gold_loss":0},{"damage_healed":0,"gold_gain":0,"player_choice":"Paid Fearfully","damage_taken":0,"max_hp_gain":0,"max_hp_loss":0,"event_name":"Masked Bandits","floor":22,"gold_loss":192},{"damage_healed":0,"gold_gain":50,"player_choice":"Stole From Cult","damage_taken":0,"max_hp_gain":0,"max_hp_loss":0,"event_name":"Nest","floor":24,"gold_loss":0}],"is_beta":true,"boss_relics":[{"not_picked":["Empty Cage","Pandora\u0027s Box"],"picked":"Tiny House"}],"items_purged_floors":[3,14],"is_endless":false,"potions_floor_spawned":[1,7,10,27],"killed_by":"3 Cultists","ascension_level":20}