{"gold_per_floor":[112,112,122,133,58,58,83,102,126,26,26,64,89,124,124,249,249,274,274,274,297,297,297,320,445,516,516,153,168,14,50,50,180,180,193,211,211,236,249,249,99,122,148,148,0,19,19],"floor_reached":47,"playtime":1571,"items_purged":["Strike_R","Defend_R","Defend_R","Demon Form+1"],"score":457,"play_id":"b66ddd90-631c-41ab-91f2-ad422282f9e3","local_time":"20190220002152","is_ascension_mode":false,"campfire_choices":[{"floor":15,"key":"REST"},{"data":"Shrug It Off","floor":23,"key":"SMITH"},{"data":"Strike_R","floor":27,"key":"SMITH"},{"data":"Demon Form","floor":32,"key":"SMITH"},{"data":"Dropkick","floor":40,"key":"SMITH"}],"neow_cost":"PERCENT_DAMAGE","seed_source_timestamp":0,"circlet_count":0,"master_deck":["Bash+1","Shrug It Off+1","Iron Wave+1","Bloodletting+1","Cleave+1","Dropkick+1","Shockwave","Parasite"],"special_seed":0,"relics":["Burning Blood","Ancient Tea Set","Golden Idol","Bag of Preparation","Blood Vial","Incense Burner","Astrolabe","MutagenicStrength","Self Forming Clay","Magic Flower","Bottled Flame","Meat on the Bone","Mercury Hourglass","Vajra","Pandora\u0027s Box","Pear","Centennial Puzzle","Red Mask"],"potions_floor_usage":[13,14,16,25,33,33,47,47],"damage_taken":[{"damage":1.0,"enemies":"Jaw Worm","floor":1.0,"turns":3.0},{"damage":0.0,"enemies":"Cultist","floor":3.0,"turns":3.0},{"damage":5.0,"enemies":"Small Slimes","floor":4.0,"turns":3.0},{"damage":17.0,"enemies":"3 Louse","floor":7.0,"turns":5.0},{"damage":5.0,"enemies":"Blue Slaver","floor":8.0,"turns":7.0},{"damage":30,"enemies":"Gremlin Nob","floor":12,"turns":4},{"damage":15,"enemies":"Exordium Thugs","floor":13,"turns":6},{"damage":21,"enemies":"Lagavulin","floor":14,"turns":8},{"damage":11,"enemies":"The Guardian","floor":16,"turns":9},{"damage":6,"enemies":"Spheric Guardian","floor":18,"turns":4},{"damage":6,"enemies":"3 Byrds","floor":21,"turns":5},{"damage":3,"enemies":"Centurion and Healer","floor":24,"turns":4},{"damage":6,"enemies":"Colosseum Slavers","floor":25,"turns":4},{"damage":9,"enemies":"Colosseum Nobs","floor":25,"turns":3},{"damage":0,"enemies":"3 Cultists","floor":29,"turns":3},{"damage":9,"enemies":"Gremlin Leader","floor":31,"turns":5},{"damage":39,"enemies":"Automaton","floor":33,"turns":6},{"damage":3,"enemies":"3 Shapes","floor":35,"turns":2},{"damage":3,"enemies":"3 Darklings","floor":36,"turns":3},{"damage":10,"enemies":"Spire Growth","floor":38,"turns":4},{"damage":15,"enemies":"Sphere and 2 Shapes","floor":39,"turns":3},{"damage":3,"enemies":"4 Shapes","floor":42,"turns":2},{"damage":6,"enemies":"Writhing Mass","floor":46,"turns":5},{"damage":9,"enemies":"Transient","floor":47,"turns":3}],"seed_played":"4423591487908325926","potions_obtained":[{"floor":4.0,"key":"SkillPotion"},{"floor":7.0,"key":"SkillPotion"},{"floor":12,"key":"PowerPotion"},{"floor":13,"key":"Dexterity Potion"},{"floor":16,"key":"SteroidPotion"},{"floor":24,"key":"Swift Potion"},{"floor":36,"key":"EssenceOfSteel"},{"floor":39,"key":"SpeedPotion"},{"floor":42,"key":"Poison Potion"}],"is_trial":false,"path_per_floor":["M","?","M","M","$","?","M","M","T","$","?","E","M","E","R","B",null,"M","?","?","M","T","R","M","?","T","R","$","M","$","E","R","B",null,"M","M","T","M","M","R","$","M","T","$","?","M","M"],"character_chosen":"IRONCLAD","items_purchased":["Mercury Hourglass","Demon Form"],"campfire_rested":1,"item_purchase_floors":[28,30],"current_hp_per_floor":[61,61,67,68,68,68,57,58,58,58,58,34,27,14,36,33,74,74,74,74,74,74,74,74,71,71,71,71,74,74,74,74,62,74,74,74,84,83,78,78,78,84,84,84,84,84,75],"gold":19,"neow_bonus":"TRANSFORM_TWO_CARDS","is_prod":false,"is_daily":false,"chose_seed":false,"campfire_upgraded":4,"win_rate":0,"timestamp":1550618512,"path_taken":["M","?","M","?","$","?","M","M","T","$","?","E","M","E","R","BOSS","M","?","?","?","?","R","M","?","T","R","$","M","?","E","R","BOSS","M","M","?","M","M","R","$","M","T","$","?","M","M"],"build_version":"2019-02-06","purchased_purges":4,"victory":false,"max_hp_per_floor":[80,80,80,80,80,74,74,74,74,74,74,74,74,74,74,74,74,74,74,74,74,74,74,74,74,74,74,74,74,74,74,74,74,74,74,74,84,84,84,84,84,84,84,84,84,84,84],"card_choices":[{"not_picked":["Cleave","Twin Strike","Wild Strike"],"picked":"SKIP","floor":1.0},{"not_picked":["True Grit","Power Through","Headbutt"],"picked":"SKIP","floor":3.0},{"not_picked":["Uppercut","Clothesline","True Grit"],"picked":"SKIP","floor":4.0},{"not_picked":["Whirlwind","Wild Strike"],"picked":"Shrug It Off","floor":7.0},{"not_picked":["Clothesline","Flex","Sword Boomerang"],"picked":"SKIP","floor":8.0},{"not_picked":["Reckless Charge","Entrench","Perfected Strike"],"picked":"SKIP","floor":12},{"not_picked":["Feel No Pain","Wild Strike","Clash"],"picked":"SKIP","floor":13},{"not_picked":["Seeing Red","Flame Barrier","Shockwave"],"picked":"SKIP","floor":14},{"not_picked":["Pummel","True Grit","Headbutt+1"],"picked":"SKIP","floor":18},{"not_picked":["Heavy Blade","True Grit","Twin Strike+1"],"picked":"SKIP","floor":21},{"not_picked":["Warcry","Flex+1","Sword Boomerang"],"picked":"SKIP","floor":24},{"not_picked":["Armaments","Rage+1","Heavy Blade"],"picked":"SKIP","floor":29},{"not_picked":["Havoc+1","Bludgeon","Uppercut"],"picked":"SKIP","floor":31},{"not_picked":["Twin Strike+1","Pummel+1","Headbutt"],"picked":"SKIP","floor":35},{"not_picked":["Heavy Blade+1","Wild Strike","Sever Soul"],"picked":"SKIP","floor":36},{"not_picked":["Cleave","Body Slam+1","Clash+1"],"picked":"SKIP","floor":38},{"not_picked":["Rampage+1","Havoc+1","Juggernaut"],"picked":"SKIP","floor":39},{"not_picked":["Flame Barrier+1","Pommel Strike","Clash"],"picked":"SKIP","floor":42},{"not_picked":["Twin Strike+1","Warcry+1","Burning Pact+1"],"picked":"SKIP","floor":46}],"player_experience":1162986,"relics_obtained":[{"floor":9.0,"key":"Bag of Preparation"},{"floor":12,"key":"Blood Vial"},{"floor":14,"key":"Incense Burner"},{"floor":22,"key":"Self Forming Clay"},{"floor":25,"key":"Magic Flower"},{"floor":25,"key":"Bottled Flame"},{"floor":26,"key":"Meat on the Bone"},{"floor":31,"key":"Vajra"},{"floor":37,"key":"Pear"},{"floor":43,"key":"Centennial Puzzle"}],"event_choices":[{"cards_removed":["Second Wind"],"damage_healed":0.0,"max_hp_gain":0.0,"max_hp_loss":0.0,"gold_gain":0.0,"event_name":"WeMeetAgain","player_choice":"Gave Card","floor":2.0,"gold_loss":0.0,"damage_taken":0.0,"relics_obtained":["Ancient Tea Set"]},{"damage_healed":0.0,"max_hp_gain":0.0,"max_hp_loss":6.0,"gold_gain":0.0,"event_name":"Golden Idol","player_choice":"Lose Max HP","floor":6.0,"gold_loss":0.0,"damage_taken":0.0,"relics_obtained":["Golden Idol"]},{"damage_healed":0.0,"max_hp_gain":0.0,"max_hp_loss":0.0,"gold_gain":0.0,"event_name":"Living Wall","player_choice":"Grow","floor":11.0,"gold_loss":0.0,"damage_taken":0.0,"cards_upgraded":["Bash"]},{"damage_healed":0,"gold_gain":0,"player_choice":"Ignored","damage_taken":0,"max_hp_gain":0,"max_hp_loss":0,"event_name":"Vampires","floor":19,"gold_loss":0},{"damage_healed":0,"gold_gain":0,"player_choice":"Inject Mutagens","damage_taken":0,"relics_obtained":["MutagenicStrength"],"max_hp_gain":0,"max_hp_loss":0,"event_name":"Drug Dealer","floor":20,"gold_loss":0},{"damage_healed":0,"gold_gain":0,"player_choice":"Fight","damage_taken":0,"max_hp_gain":0,"max_hp_loss":0,"event_name":"Colosseum","floor":25,"gold_loss":0},{"damage_healed":0,"gold_gain":0,"player_choice":"Fought Nobs","damage_taken":0,"max_hp_gain":0,"max_hp_loss":0,"event_name":"Colosseum","floor":25,"gold_loss":0},{"damage_healed":0,"gold_gain":0,"player_choice":"Paid","damage_taken":0,"relics_obtained":["Red Mask"],"max_hp_gain":0,"max_hp_loss":0,"event_name":"Tomb of Lord Red Mask","floor":45,"gold_loss":148}],"is_beta":true,"boss_relics":[{"not_picked":["Busted Crown","Runic Pyramid"],"picked":"Astrolabe"},{"not_picked":["Cursed Key","Sozu"],"picked":"Pandora\u0027s Box"}],"items_purged_floors":[5,10,28,41],"is_endless":false,"potions_floor_spawned":[4,7,12,13,16,24,25,36,39,42],"killed_by":"Transient","ascension_level":0}