{"gold_per_floor":[117,117,135,135,46,77,77,77,77,112,112,37,69,69,69,142,142,161,76,76,76,86,86,98,118,118,131,143,143,161,17,17,90,90,106,119,0,20,20,20,40,40,67,96,96,112,132,182,182,182,182],"floor_reached":52,"playtime":2325,"items_purged":["Regret","Strike_G"],"score":1975,"play_id":"48a2c65a-574a-4683-9d9c-267ed099b8dd","local_time":"20190202175755","is_ascension_mode":true,"campfire_choices":[{"data":"Poisoned Stab","floor":7.0,"key":"SMITH"},{"floor":11.0,"key":"REST"},{"data":"Footwork","floor":15.0,"key":"SMITH"},{"data":"Cloak And Dagger","floor":23,"key":"SMITH"},{"floor":29,"key":"REST"},{"floor":32,"key":"REST"},{"data":"Envenom","floor":40,"key":"SMITH"},{"floor":42,"key":"REST"},{"data":"Blade Dance","floor":45,"key":"SMITH"},{"data":"Dash","floor":49,"key":"SMITH"}],"neow_cost":"NONE","seed_source_timestamp":0,"circlet_count":0,"master_deck":["AscendersBane","Defend_G","Defend_G","Survivor","Neutralize+1","Poisoned Stab+1","Footwork+1","Cloak And Dagger+1","Corpse Explosion","Envenom+1","Quick Slash+1","Well Laid Plans+1","Glass Knife+1","Blade Dance+1","Blur","Dash+1","Dodge and Roll","Footwork+1","Adrenaline","Blur"],"special_seed":0,"relics":["Ring of the Snake","NeowsBlessing","FaceOfCleric","Nunchaku","Sundial","Snake Skull","Question Card","Kunai","Astrolabe","Lantern","MutagenicStrength","Frozen Egg 2","Empty Cage","Red Mask","Vajra","Boot"],"potions_floor_usage":[16,27,27,33,33,38,50,51],"damage_taken":[{"damage":0.0,"enemies":"Jaw Worm","floor":1.0,"turns":1.0},{"damage":0.0,"enemies":"Cultist","floor":3.0,"turns":1.0},{"damage":0.0,"enemies":"Lagavulin","floor":6.0,"turns":2.0},{"damage":29.0,"enemies":"3 Sentries","floor":10.0,"turns":13.0},{"damage":26.0,"enemies":"Gremlin Nob","floor":13.0,"turns":4.0},{"damage":0,"enemies":"The Guardian","floor":16,"turns":11},{"damage":14,"enemies":"Shell Parasite","floor":18,"turns":6},{"damage":0,"enemies":"Spheric Guardian","floor":22,"turns":1},{"damage":12,"enemies":"Snake Plant","floor":24,"turns":4},{"damage":0,"enemies":"Chosen and Byrds","floor":25,"turns":5},{"damage":10,"enemies":"Shelled Parasite and Fungi","floor":27,"turns":5},{"damage":14,"enemies":"Centurion and Healer","floor":28,"turns":5},{"damage":0,"enemies":"3 Cultists","floor":30,"turns":2},{"damage":50,"enemies":"Collector","floor":33,"turns":14},{"damage":0,"enemies":"Orb Walker","floor":35,"turns":3},{"damage":4,"enemies":"3 Darklings","floor":36,"turns":3},{"damage":12,"enemies":"Spire Growth","floor":38,"turns":5},{"damage":0,"enemies":"Transient","floor":41,"turns":6},{"damage":2,"enemies":"Nemesis","floor":44,"turns":7},{"damage":0,"enemies":"4 Shapes","floor":46,"turns":6},{"damage":6,"enemies":"Jaw Worm Horde","floor":47,"turns":5},{"damage":43,"enemies":"Time Eater","floor":50,"turns":15},{"damage":23,"enemies":"Donu and Deca","floor":51,"turns":7}],"seed_played":"4827838385229609085","potions_obtained":[{"floor":3.0,"key":"GhostInAJar"},{"floor":6.0,"key":"GhostInAJar"},{"floor":16,"key":"Block Potion"},{"floor":22,"key":"SpeedPotion"},{"floor":25,"key":"GhostInAJar"},{"floor":27,"key":"EssenceOfSteel"},{"floor":30,"key":"EssenceOfSteel"},{"floor":35,"key":"SpeedPotion"},{"floor":41,"key":"Dexterity Potion"},{"floor":46,"key":"Swift Potion"}],"is_trial":false,"path_per_floor":["M","?","M","$","$","E","R","?","T","E","R","$","E","?","R","B",null,"M","?","?","?","M","R","M","M","T","M","M","R","M","$","R","B",null,"M","M","?","M","?","R","M","R","T","E","R","M","M","?","R","B","B",null],"character_chosen":"THE_SILENT","items_purchased":["Footwork","Footwork+1"],"campfire_rested":4,"item_purchase_floors":[5,31],"current_hp_per_floor":[59,59,60,60,60,61,61,61,61,33,53,53,28,21,21,22,59,46,46,46,46,47,47,36,37,37,28,15,38,39,39,62,13,63,64,61,61,50,50,50,51,75,75,74,74,75,70,70,70,28,6],"gold":182,"neow_bonus":"THREE_ENEMY_KILL","is_prod":false,"is_daily":false,"chose_seed":false,"campfire_upgraded":6,"win_rate":0,"timestamp":1549126675,"path_taken":["M","?","M","?","$","E","R","?","T","E","R","$","E","?","R","BOSS","M","?","?","?","M","R","M","M","T","M","M","R","M","$","R","BOSS","M","?","?","M","?","R","M","R","T","E","R","?","M","?","R","BOSS","BOSS"],"build_version":"2019-01-23","purchased_purges":2,"victory":true,"max_hp_per_floor":[66,66,67,67,67,68,68,68,68,69,69,69,70,70,70,71,71,72,72,72,72,73,73,74,75,75,76,77,77,78,78,78,79,79,80,81,81,82,82,82,83,83,83,84,84,85,86,86,86,87,88],"card_choices":[{"not_picked":["Sucker Punch","Slice","Acrobatics"],"picked":"SKIP","floor":1.0},{"not_picked":["Riddle With Holes","Bouncing Flask"],"picked":"Poisoned Stab","floor":3.0},{"not_picked":["Infinite Blades","Bane","Acrobatics"],"picked":"SKIP","floor":6.0},{"not_picked":["Storm of Steel","PiercingWail"],"picked":"Cloak And Dagger","floor":10.0},{"not_picked":["Sucker Punch","Slice","Underhanded Strike"],"picked":"Corpse Explosion","floor":13.0},{"not_picked":["Glass Knife","Die Die Die","Doppelganger"],"picked":"Envenom","floor":16},{"not_picked":["Dagger Spray","Eviscerate","Deflect"],"picked":"Blade Dance","floor":18},{"not_picked":["Acrobatics","Dagger Throw","Slice","Bane"],"picked":"SKIP","floor":22},{"not_picked":["Predator","Blade Dance","Acrobatics"],"picked":"Blur","floor":24},{"not_picked":["Backflip","Sucker Punch","Leg Sweep"],"picked":"Dash","floor":25},{"not_picked":["Blade Dance","Prepared","Wraith Form v2+1","Cloak And Dagger"],"picked":"SKIP","floor":27},{"not_picked":["Underhanded Strike","Terror+1","Sucker Punch","Dagger Throw"],"picked":"SKIP","floor":28},{"not_picked":["Masterful Stab","Acrobatics","Flying Knee"],"picked":"Dodge and Roll","floor":30},{"not_picked":["Tools of the Trade+1","Phantasmal Killer","Unload"],"picked":"Adrenaline","floor":33},{"not_picked":["Bouncing Flask","Acrobatics","Underhanded Strike","Deflect"],"picked":"SKIP","floor":35},{"not_picked":["Blade Dance","Riddle With Holes","Expertise","Bane"],"picked":"SKIP","floor":36},{"not_picked":["Deflect+1","Slice","Unload","Dagger Spray+1"],"picked":"SKIP","floor":38},{"not_picked":["Outmaneuver","Choke","Poisoned Stab","Calculated Gamble"],"picked":"SKIP","floor":41},{"not_picked":["Tactician","Prepared","Flying Knee","Cloak And Dagger"],"picked":"SKIP","floor":44},{"not_picked":["PiercingWail","Bane","Terror","Dodge and Roll"],"picked":"SKIP","floor":46},{"not_picked":["Masterful Stab","Dodge and Roll","Deflect","Quick Slash+1"],"picked":"SKIP","floor":47}],"player_experience":1121792,"relics_obtained":[{"floor":6.0,"key":"Nunchaku"},{"floor":9.0,"key":"Snake Skull"},{"floor":10.0,"key":"Question Card"},{"floor":13.0,"key":"Kunai"},{"floor":26,"key":"Frozen Egg 2"},{"floor":43,"key":"Vajra"},{"floor":44,"key":"Boot"}],"event_choices":[{"damage_healed":0.0,"max_hp_gain":0.0,"max_hp_loss":0.0,"gold_gain":0.0,"event_name":"FaceTrader","player_choice":"Trade","floor":2.0,"gold_loss":0.0,"damage_taken":0.0,"relics_obtained":["FaceOfCleric"]},{"damage_healed":0.0,"max_hp_gain":0.0,"max_hp_loss":0.0,"gold_gain":0.0,"event_name":"Big Fish","player_choice":"Box","floor":8.0,"gold_loss":0.0,"damage_taken":0.0,"relics_obtained":["Sundial"],"cards_obtained":["Regret"]},{"cards_removed":["Strike_G"],"damage_healed":0.0,"max_hp_gain":0.0,"max_hp_loss":0.0,"gold_gain":0.0,"event_name":"Golden Wing","player_choice":"Card Removal","floor":14.0,"gold_loss":0.0,"damage_taken":7.0},{"damage_healed":0,"gold_gain":0,"player_choice":"Obtained Relic","damage_taken":0,"relics_obtained":["Lantern"],"max_hp_gain":0,"max_hp_loss":0,"event_name":"Addict","floor":19,"gold_loss":85},{"damage_healed":0,"gold_gain":0,"player_choice":"Inject Mutagens","damage_taken":0,"relics_obtained":["MutagenicStrength"],"max_hp_gain":0,"max_hp_loss":0,"event_name":"Drug Dealer","floor":20,"gold_loss":0},{"damage_healed":0,"gold_gain":0,"player_choice":"Upgraded","damage_taken":0,"max_hp_gain":0,"max_hp_loss":0,"event_name":"Upgrade Shrine","floor":21,"gold_loss":0,"cards_upgraded":["Neutralize"]},{"damage_healed":0,"gold_gain":0,"player_choice":"Paid","damage_taken":0,"relics_obtained":["Red Mask"],"max_hp_gain":0,"max_hp_loss":0,"event_name":"Tomb of Lord Red Mask","floor":37,"gold_loss":119},{"damage_healed":0,"gold_gain":0,"cards_transformed":["Strike_G"],"player_choice":"Transformed","damage_taken":0,"max_hp_gain":0,"max_hp_loss":0,"event_name":"Transmorgrifier","floor":39,"gold_loss":0,"cards_obtained":["Blur"]},{"damage_healed":0,"gold_gain":50,"player_choice":"Pray","damage_taken":0,"max_hp_gain":0,"max_hp_loss":0,"event_name":"Golden Shrine","floor":48,"gold_loss":0}],"is_beta":true,"boss_relics":[{"not_picked":["Sozu","Eternal Feather"],"picked":"Astrolabe"},{"not_picked":["HoveringKite","Coffee Dripper"],"picked":"Empty Cage"}],"items_purged_floors":[12,31],"is_endless":false,"potions_floor_spawned":[3,6,16,22,24,25,27,30,35,41,46],"ascension_level":20}