{"gold_per_floor":[112,37,37,37,48,65,83,117,143,68,68,68,68,87,87,166,166,182,182,107,124,137,137,137],"floor_reached":24,"playtime":857,"items_purged":["Regret"],"score":492,"play_id":"bda5fd7f-3279-4c6e-83cb-39c62f5be445","local_time":"20190412004458","is_ascension_mode":true,"campfire_choices":[{"data":"Bash","floor":11,"key":"SMITH"},{"data":"Inflame","floor":13,"key":"SMITH"},{"data":"Twin Strike","floor":15,"key":"SMITH"},{"floor":23,"key":"REST"}],"neow_cost":"NONE","seed_source_timestamp":127154103914700,"circlet_count":0,"master_deck":["AscendersBane","Strike_R","Strike_R+1","Strike_R","Defend_R","Defend_R+1","Bash+1","Sword Boomerang","Inflame+1","Twin Strike+1","Evolve","Fiend Fire","Perfected Strike+1","Reaper+1","Twin Strike+1","True Grit","Inflame"],"relics":["Burning Blood","NeowsBlessing","Oddly Smooth Stone","Bronze Scales","Astrolabe","Nilry\u0027s Codex"],"potions_floor_usage":[8,16,18,21,22,22],"damage_taken":[{"damage":0,"enemies":"Jaw Worm","floor":1,"turns":1},{"damage":0,"enemies":"Small Slimes","floor":5,"turns":1},{"damage":0,"enemies":"2 Louse","floor":6,"turns":2},{"damage":2,"enemies":"Exordium Wildlife","floor":7,"turns":3},{"damage":18,"enemies":"Lagavulin","floor":8,"turns":7},{"damage":16,"enemies":"Lots of Slimes","floor":14,"turns":4},{"damage":0,"enemies":"Slime Boss","floor":16,"turns":3},{"damage":33,"enemies":"Spheric Guardian","floor":18,"turns":4},{"damage":24,"enemies":"Chosen","floor":21,"turns":4},{"damage":26,"enemies":"Snake Plant","floor":22,"turns":4},{"damage":37,"enemies":"Centurion and Healer","floor":24,"turns":4}],"seed_played":"7658885160033248652","potions_obtained":[{"floor":1,"key":"Block Potion"},{"floor":6,"key":"SpeedPotion"},{"floor":14,"key":"AttackPotion"},{"floor":16,"key":"BloodPotion"},{"floor":18,"key":"Weak Potion"},{"floor":21,"key":"Regen Potion"}],"is_trial":false,"path_per_floor":["M","?","?","?","M","M","M","E","T","$","R","$","R","M","R","B",null,"M","?","?","M","M","R","M"],"character_chosen":"IRONCLAD","items_purchased":[],"campfire_rested":1,"item_purchase_floors":[],"current_hp_per_floor":[74,74,51,51,57,63,67,55,55,55,55,55,55,45,45,51,69,49,28,28,18,17,39,12],"gold":137,"neow_bonus":"THREE_ENEMY_KILL","is_prod":false,"is_daily":false,"chose_seed":false,"campfire_upgraded":3,"win_rate":0,"timestamp":1555022698,"path_taken":["M","?","?","?","?","M","M","E","T","$","R","?","R","M","R","BOSS","M","?","?","M","M","R","M"],"build_version":"2019-04-04","purchased_purges":1,"victory":false,"max_hp_per_floor":[75,75,75,75,75,75,75,75,75,75,75,75,75,75,75,75,75,75,75,75,75,75,75,75],"card_choices":[{"not_picked":["Bloodletting","Battle Trance"],"picked":"Sword Boomerang","floor":1},{"not_picked":["Headbutt","Evolve"],"picked":"Inflame","floor":5},{"not_picked":["Warcry","Clash"],"picked":"Twin Strike","floor":6},{"not_picked":["Rage","Body Slam","Warcry"],"picked":"SKIP","floor":7},{"not_picked":["Dark Embrace","Brutality"],"picked":"Evolve","floor":8},{"not_picked":["Corruption","Metallicize","Infernal Blade"],"picked":"SKIP","floor":14},{"not_picked":["Berserk","Offering"],"picked":"Fiend Fire","floor":16},{"not_picked":["Warcry","Flex"],"picked":"Twin Strike+1","floor":18},{"not_picked":["Sword Boomerang","Rampage","True Grit"],"picked":"SKIP","floor":21},{"not_picked":["Sword Boomerang","Rampage"],"picked":"True Grit","floor":21},{"not_picked":["Combust","Perfected Strike"],"picked":"Inflame","floor":22}],"player_experience":1363066,"relics_obtained":[{"floor":8,"key":"Bronze Scales"},{"floor":19,"key":"Nilry\u0027s Codex"}],"event_choices":[{"cards_removed":["Defend_R"],"damage_healed":0,"gold_gain":0,"player_choice":"Card Removal","damage_taken":0,"max_hp_gain":0,"max_hp_loss":0,"event_name":"The Cleric","floor":2,"gold_loss":75},{"damage_healed":0,"gold_gain":0,"player_choice":"Entered Light","damage_taken":23,"max_hp_gain":0,"max_hp_loss":0,"event_name":"Shining Light","floor":3,"gold_loss":0,"cards_upgraded":["Defend_R","Strike_R"]},{"damage_healed":0,"gold_gain":0,"player_choice":"Box","damage_taken":0,"relics_obtained":["Oddly Smooth Stone"],"max_hp_gain":0,"max_hp_loss":0,"event_name":"Big Fish","floor":4,"gold_loss":0,"cards_obtained":["Regret"]},{"damage_healed":0,"gold_gain":0,"player_choice":"Obtained Book","damage_taken":21,"max_hp_gain":0,"max_hp_loss":0,"event_name":"Cursed Tome","floor":19,"gold_loss":0},{"cards_removed":["Barricade"],"damage_healed":0,"gold_gain":0,"player_choice":"Gave Gold","damage_taken":0,"max_hp_gain":0,"max_hp_loss":0,"event_name":"Beggar","floor":20,"gold_loss":75}],"is_beta":true,"boss_relics":[{"not_picked":["Eternal Feather","Tiny House"],"picked":"Astrolabe"}],"items_purged_floors":[10],"is_endless":false,"potions_floor_spawned":[1,6,14,16,18,21],"killed_by":"Centurion and Healer","ascension_level":20}