{"gold_per_floor":[111,123,223,233,284,284,313,313,313,66,66,80,108,137,137,235,235,254,268,20,20,20,20,84,84,84,110,110,127,127,156,156,251,251,270,270,301,301,301,301,336,336,336,336,364,375,120,44,44,44],"floor_reached":51,"playtime":2385,"items_purged":[],"score":973,"play_id":"2ef056d1-18fd-4d43-acf6-e1f40c4e1bb9","local_time":"20180918233113","is_ascension_mode":true,"campfire_choices":[{"data":"Dagger Throw","floor":6,"key":"SMITH"},{"data":"Neutralize","floor":8,"key":"SMITH"},{"data":"Footwork","floor":11,"key":"SMITH"},{"data":"Backflip","floor":15,"key":"SMITH"},{"data":"Venomology","floor":23,"key":"SMITH"},{"data":"Noxious Fumes","floor":32,"key":"SMITH"},{"data":"Footwork","floor":40,"key":"SMITH"},{"data":"Panacea","floor":42,"key":"SMITH"},{"data":"Corpse Explosion","floor":44,"key":"SMITH"},{"data":"Noxious Fumes","floor":49,"key":"SMITH"}],"neow_cost":"","seed_source_timestamp":175186575063300,"circlet_count":0,"master_deck":["Defend_G","Defend_G","Defend_G","Defend_G","Survivor","Neutralize+1","Footwork+1","Well Laid Plans","Dagger Throw+1","Tools of the Trade","Dagger Spray","Backflip+1","Venomology+1","Backstab+1","HandOfGreed","Footwork+1","Bite","Bite","Bite","Bite","Bouncing Flask+1","Noxious Fumes+1","Corpse Explosion+1","Panacea+1","Noxious Fumes+1"],"relics":["Ring of the Serpent","Art of War","Gremlin Horn","Snake Skull","TwistedFunnel","Odd Mushroom","Oddly Smooth Stone","Bronze Scales","Shuriken","Mummified Hand","Empty Cage","Tough Bandages","Bottled Lightning","Ninja Scroll"],"potions_floor_usage":[14,14,14,16,16,19,19,24,24,27,33,33,35,35,37,45,50,50,50],"damage_taken":[{"damage":2,"enemies":"2 Louse","floor":1,"turns":3},{"damage":0,"enemies":"Cultist","floor":2,"turns":5},{"damage":4,"enemies":"Small Slimes","floor":4,"turns":4},{"damage":28,"enemies":"Gremlin Nob","floor":7,"turns":5},{"damage":0,"enemies":"Red Slaver","floor":12,"turns":3},{"damage":1,"enemies":"The Mushroom Lair","floor":13,"turns":3},{"damage":3,"enemies":"3 Sentries","floor":14,"turns":5},{"damage":0,"enemies":"Slime Boss","floor":16,"turns":9},{"damage":0,"enemies":"Shell Parasite","floor":18,"turns":6},{"damage":2,"enemies":"Spheric Guardian","floor":19,"turns":3},{"damage":32,"enemies":"Slavers","floor":24,"turns":4},{"damage":2,"enemies":"Book of Stabbing","floor":27,"turns":6},{"damage":0,"enemies":"3 Cultists","floor":29,"turns":5},{"damage":10,"enemies":"Centurion and Healer","floor":31,"turns":6},{"damage":22,"enemies":"Collector","floor":33,"turns":7},{"damage":3,"enemies":"3 Darklings","floor":35,"turns":4},{"damage":0,"enemies":"3 Shapes","floor":37,"turns":1},{"damage":0,"enemies":"Sphere and 2 Shapes","floor":41,"turns":3},{"damage":0,"enemies":"Maw","floor":45,"turns":7},{"damage":3,"enemies":"Transient","floor":46,"turns":5},{"damage":54,"enemies":"Awakened One","floor":50,"turns":15}],"seed_played":"-5242660892301529827","potions_obtained":[{"floor":7,"key":"Strength Potion"},{"floor":13,"key":"EntropicBrew"},{"floor":14,"key":"Explosive Potion"},{"floor":16,"key":"AttackPotion"},{"floor":31,"key":"Strength Potion"},{"floor":33,"key":"SpeedPotion"},{"floor":35,"key":"AttackPotion"},{"floor":37,"key":"Poison Potion"},{"floor":46,"key":"AttackPotion"}],"is_trial":false,"path_per_floor":["M","M","?","M","T","R","E","R","T","$","R","M","?","E","R","B",null,"M","M","$","?","$","R","E","$","T","E","?","M","?","M","R","B",null,"M","?","M","?","?","R","M","R","T","R","M","M","$","$","R","B"],"character_chosen":"THE_SILENT","items_purchased":["TwistedFunnel","Dagger Spray","HandOfGreed","Footwork","Ninja Scroll","Noxious Fumes"],"campfire_rested":0,"item_purchase_floors":[10,10,20,20,47,48],"current_hp_per_floor":[61,61,61,57,57,57,29,29,29,29,29,29,28,25,25,25,59,59,57,57,49,49,49,21,21,21,40,40,48,48,46,46,43,48,48,48,48,48,48,48,48,48,48,48,49,46,46,46,46,8],"gold":44,"neow_bonus":"","is_prod":false,"is_daily":false,"chose_seed":false,"campfire_upgraded":10,"win_rate":0,"timestamp":1537338673,"path_taken":["M","M","?","?","?","R","E","R","T","$","R","M","?","E","R","BOSS","M","M","$","?","$","R","E","?","T","E","?","M","?","M","R","BOSS","M","?","?","?","?","R","M","R","T","R","M","M","?","$","R","BOSS"],"build_version":"2018-09-18v2","purchased_purges":0,"victory":true,"max_hp_per_floor":[70,70,70,70,70,70,70,70,70,70,70,70,70,70,70,70,70,70,70,70,49,49,49,49,49,49,49,49,49,49,49,49,49,49,49,49,49,49,49,49,49,49,49,49,49,49,49,49,49,49],"card_choices":[{"not_picked":["Deadly Poison","Dodge and Roll"],"picked":"Footwork","floor":1},{"not_picked":["Acrobatics","Eviscerate"],"picked":"Well Laid Plans","floor":2},{"not_picked":["Flying Knee","Prepared"],"picked":"Dagger Throw","floor":4},{"not_picked":["Finisher","All Out Attack"],"picked":"Tools of the Trade","floor":7},{"not_picked":["Reflex","Well Laid Plans"],"picked":"Backflip","floor":12},{"not_picked":["Underhanded Strike","Skewer","Sucker Punch"],"picked":"SKIP","floor":14},{"not_picked":["Storm of Steel","Wraith Form v2"],"picked":"Venomology","floor":16},{"not_picked":["Bane","Dodge and Roll"],"picked":"Backstab+1","floor":18},{"not_picked":["Sucker Punch+1","Dash","Cloak And Dagger"],"picked":"SKIP","floor":19},{"not_picked":["Eviscerate","Choke"],"picked":"Bouncing Flask","floor":24},{"not_picked":["Acrobatics+1","Reflex","Outmaneuver+1"],"picked":"SKIP","floor":27},{"not_picked":["PiercingWail","Underhanded Strike+1","Riddle With Holes+1"],"picked":"SKIP","floor":29},{"not_picked":["Grand Finale","Outmaneuver","PiercingWail"],"picked":"SKIP","floor":31},{"not_picked":["Tools of the Trade","Storm of Steel"],"picked":"Corpse Explosion","floor":33},{"not_picked":["Sucker Punch","Flying Knee"],"picked":"Dagger Throw+1","floor":35},{"not_picked":["Acrobatics","After Image","Dash+1"],"picked":"SKIP","floor":37},{"not_picked":["Apotheosis","Enlightenment"],"picked":"Panacea","floor":38},{"not_picked":["Backflip+1","Bane","Sucker Punch+1"],"picked":"SKIP","floor":41},{"not_picked":["Expertise","Calculated Gamble+1","Flying Knee+1"],"picked":"SKIP","floor":45},{"not_picked":["Dagger Throw","Slice+1","Prepared+1"],"picked":"SKIP","floor":46}],"player_experience":298482,"relics_obtained":[{"floor":5,"key":"Art of War"},{"floor":7,"key":"Gremlin Horn"},{"floor":9,"key":"Snake Skull"},{"floor":13,"key":"Odd Mushroom"},{"floor":14,"key":"Oddly Smooth Stone"},{"floor":24,"key":"Bronze Scales"},{"floor":26,"key":"Shuriken"},{"floor":27,"key":"Mummified Hand"},{"floor":43,"key":"Bottled Lightning"}],"event_choices":[{"event_name":"Golden Shrine","player_choice":"Pray","floor":3,"damage_taken":0},{"event_name":"Mushrooms","player_choice":"Fought Mushrooms","floor":13,"damage_taken":0},{"event_name":"Vampires","player_choice":"Became a vampire","floor":21,"damage_taken":0},{"event_name":"Accursed Blacksmith","player_choice":"Forge","floor":28,"damage_taken":0},{"event_name":"The Library","player_choice":"Read","floor":30,"damage_taken":0},{"event_name":"Falling","player_choice":"Removed Attack","floor":36,"damage_taken":0},{"event_name":"SensoryStone","player_choice":"Memory 1","floor":38,"damage_taken":0},{"event_name":"WeMeetAgain","player_choice":"Potion","floor":39,"damage_taken":0}],"is_beta":true,"boss_relics":[{"not_picked":["HoveringKite","Velvet Choker"],"picked":"Ring of the Serpent"},{"not_picked":["Astrolabe","Snecko Eye"],"picked":"Empty Cage"}],"items_purged_floors":[],"is_endless":false,"potions_floor_spawned":[7,13,14,16,31,33,35,37,46],"ascension_level":6}