{"gold_per_floor":[111,131,131,143,165,208,220,260,297,309,321,408,90,190,190,294,294,265,265],"floor_reached":19,"playtime":597,"items_purged":["Strike_R"],"score":260,"play_id":"37d889f8-a65b-4d76-9e09-f65f06ffcf46","local_time":"20181001204821","is_ascension_mode":true,"campfire_choices":[{"data":"Armaments","floor":7,"key":"SMITH"},{"floor":15,"key":"REST"}],"neow_cost":"TEN_PERCENT_HP_LOSS","seed_source_timestamp":6360067386600,"circlet_count":0,"master_deck":["Strike_R","Strike_R","Strike_R","Defend_R","Defend_R","Defend_R","Defend_R","Bash","AscendersBane","Demon Form","Shrug It Off","Armaments+1","Cleave","Chrysalis","True Grit","Exhume","Ghostly Armor+1"],"relics":["Burning Blood","MawBank","Shuriken","Bottled Lightning","Centennial Puzzle","Ancient Tea Set","Black Star"],"potions_floor_usage":[8,18],"damage_taken":[{"damage":2,"enemies":"Jaw Worm","floor":1,"turns":3},{"damage":4,"enemies":"Small Slimes","floor":2,"turns":5},{"damage":8,"enemies":"2 Louse","floor":5,"turns":3},{"damage":11,"enemies":"Lagavulin","floor":6,"turns":7},{"damage":40,"enemies":"3 Sentries","floor":8,"turns":8},{"damage":18,"enemies":"Slime Boss","floor":16,"turns":8},{"damage":25,"enemies":"2 Thieves","floor":18,"turns":5},{"damage":17,"enemies":"3 Byrds","floor":19,"turns":4}],"seed_played":"2454724178344956714","potions_obtained":[{"floor":2,"key":"EssenceOfSteel"},{"floor":5,"key":"AttackPotion"}],"is_trial":false,"path_per_floor":["M","M","?","T","M","E","R","E","T","$","?","?","$","?","R","B",null,"M"],"character_chosen":"IRONCLAD","items_purchased":["Chrysalis","True Grit"],"campfire_rested":1,"item_purchase_floors":[13,13],"current_hp_per_floor":[72,72,60,60,58,53,53,19,19,19,12,1,1,1,22,10,57,38,21],"gold":265,"neow_bonus":"THREE_RARE_CARDS","is_prod":false,"is_daily":false,"chose_seed":false,"campfire_upgraded":1,"win_rate":0,"timestamp":1538452101,"path_taken":["M","M","?","?","M","E","R","E","T","$","?","?","$","?","R","BOSS","M","M"],"build_version":"2018-09-27","purchased_purges":1,"victory":false,"max_hp_per_floor":[72,72,72,72,72,72,72,72,72,72,72,72,72,72,72,72,72,72,72],"card_choices":[{"not_picked":["Immolate","Fiend Fire"],"picked":"Demon Form","floor":0},{"not_picked":["Warcry","Hemokinesis"],"picked":"Shrug It Off","floor":1},{"not_picked":["Clash","Hemokinesis"],"picked":"Armaments","floor":2},{"not_picked":["Wild Strike","Clash","Second Wind"],"picked":"SKIP","floor":5},{"not_picked":["Rage","Twin Strike"],"picked":"Cleave","floor":6},{"not_picked":["Infernal Blade","Blood for Blood","Juggernaut"],"picked":"SKIP","floor":8},{"not_picked":["Juggernaut","Immolate"],"picked":"Exhume","floor":16},{"not_picked":["Flex+1","Shockwave+1"],"picked":"Ghostly Armor+1","floor":18}],"player_experience":330641,"relics_obtained":[{"floor":4,"key":"Shuriken"},{"floor":6,"key":"Bottled Lightning"},{"floor":8,"key":"Centennial Puzzle"},{"floor":9,"key":"Ancient Tea Set"}],"event_choices":[{"event_name":"Scrap Ooze","player_choice":"success","floor":3,"damage_taken":12},{"event_name":"Golden Wing","player_choice":"Card Removal","floor":11,"damage_taken":0},{"event_name":"World of Goop","player_choice":"Gather Gold","floor":12,"damage_taken":0},{"event_name":"Golden Shrine","player_choice":"Pray","floor":14,"damage_taken":0}],"is_beta":true,"boss_relics":[{"not_picked":["Runic Dome","Eternal Feather"],"picked":"Black Star"}],"items_purged_floors":[13],"is_endless":false,"potions_floor_spawned":[2,5],"killed_by":"3 Byrds","ascension_level":10}