{"gold_per_floor":[210,227,227,302,322,322,357,374,374,388,261,291,241,53,53,157,157,174,49,49,67,77,110,110,110,136,147,147,161,161,11,11,106,106,121,421,437,450,450,475,52,85,85,0,13,24,24,39,39,39],"floor_reached":51,"playtime":1715,"items_purged":["Defend_R","Strike_R","Strike_R","Bloodletting","Strike_R"],"score":902,"play_id":"7c6c16fb-e8fc-41eb-9139-92457ff8af65","local_time":"20190217213543","is_ascension_mode":false,"campfire_choices":[{"data":"Bash","floor":6,"key":"SMITH"},{"floor":15,"key":"REST"},{"data":"Shrug It Off","floor":25,"key":"SMITH"},{"data":"Clash","floor":28,"key":"SMITH"},{"data":"Flash of Steel","floor":30,"key":"SMITH"},{"floor":32,"key":"REST"},{"data":"Dropkick","floor":49,"key":"SMITH"}],"neow_cost":"NONE","seed_source_timestamp":62740498805100,"circlet_count":0,"master_deck":["Bash+1","Dropkick","Shrug It Off+1","Flash of Steel+1","Dropkick+1"],"relics":["Burning Blood","Omamori","Mummified Hand","Empty Cage","Meat on the Bone","Enchiridion","Vajra","Busted Crown","Old Coin","Bag of Marbles","Sundial","Question Card","Pen Nib","Red Mask"],"potions_floor_usage":[16,23,23,33,33,50],"damage_taken":[{"damage":2,"enemies":"2 Louse","floor":1,"turns":4},{"damage":0,"enemies":"Small Slimes","floor":2,"turns":3},{"damage":1,"enemies":"Cultist","floor":5,"turns":3},{"damage":57,"enemies":"3 Sentries","floor":7,"turns":11},{"damage":9,"enemies":"Blue Slaver","floor":8,"turns":6},{"damage":5,"enemies":"Looter","floor":10,"turns":2},{"damage":37,"enemies":"The Guardian","floor":16,"turns":10},{"damage":14,"enemies":"3 Byrds","floor":18,"turns":5},{"damage":5,"enemies":"Chosen","floor":21,"turns":3},{"damage":19,"enemies":"Snake Plant","floor":22,"turns":3},{"damage":23,"enemies":"Slavers","floor":23,"turns":6},{"damage":3,"enemies":"Centurion and Healer","floor":27,"turns":4},{"damage":10,"enemies":"Shelled Parasite and Fungi","floor":29,"turns":2},{"damage":47,"enemies":"Automaton","floor":33,"turns":7},{"damage":0,"enemies":"3 Darklings","floor":35,"turns":3},{"damage":3,"enemies":"3 Shapes","floor":37,"turns":4},{"damage":0,"enemies":"Maw","floor":38,"turns":2},{"damage":1,"enemies":"Nemesis","floor":40,"turns":3},{"damage":0,"enemies":"Giant Head","floor":42,"turns":1},{"damage":0,"enemies":"3 Darklings","floor":45,"turns":1},{"damage":0,"enemies":"Spire Growth","floor":46,"turns":1},{"damage":0,"enemies":"4 Shapes","floor":48,"turns":1},{"damage":0,"enemies":"Awakened One","floor":50,"turns":3}],"seed_played":"-1910046270690314429","potions_obtained":[{"floor":10,"key":"EssenceOfSteel"},{"floor":16,"key":"Poison Potion"},{"floor":18,"key":"EssenceOfSteel"},{"floor":21,"key":"Regen Potion"},{"floor":22,"key":"Fruit Juice"},{"floor":27,"key":"Block Potion"},{"floor":35,"key":"Fire Potion"},{"floor":38,"key":"Strength Potion"},{"floor":48,"key":"SmokeBomb"}],"is_trial":false,"path_per_floor":["M","M","?","?","M","R","E","M","T","M","$","?","?","$","R","B",null,"M","$","?","M","M","E","?","R","T","M","R","M","R","$","R","B",null,"M","?","M","M","?","E","$","E","T","?","M","M","?","M","R","B",null],"character_chosen":"IRONCLAD","items_purchased":["Shrug It Off","Flash of Steel","Sundial"],"campfire_rested":2,"item_purchase_floors":[11,14,41],"current_hp_per_floor":[80,80,73,62,67,67,16,13,13,14,14,14,14,14,38,7,80,72,72,72,73,60,63,47,47,47,50,50,58,58,58,83,54,85,85,85,85,85,85,85,85,85,85,85,85,85,85,85,85,85],"gold":39,"neow_bonus":"HUNDRED_GOLD","is_prod":false,"is_daily":false,"chose_seed":false,"campfire_upgraded":5,"win_rate":0,"timestamp":1550435743,"path_taken":["M","M","?","?","M","R","E","M","T","M","$","?","?","$","R","BOSS","M","$","?","?","M","E","?","R","T","M","R","M","R","$","R","BOSS","M","?","M","?","?","E","$","E","T","?","M","M","?","M","R","BOSS"],"build_version":"2019-02-06","purchased_purges":5,"victory":true,"max_hp_per_floor":[80,80,80,80,80,80,80,80,80,80,80,80,80,80,80,80,80,80,80,80,80,80,85,85,85,85,85,85,85,85,85,85,85,85,85,85,85,85,85,85,85,85,85,85,85,85,85,85,85,85],"card_choices":[{"not_picked":["Sword Boomerang","Headbutt","Body Slam"],"picked":"SKIP","floor":1},{"not_picked":["Iron Wave","Burning Pact","Uppercut"],"picked":"SKIP","floor":2},{"not_picked":["Hemokinesis","Body Slam","Bloodletting"],"picked":"SKIP","floor":5},{"not_picked":["Spot Weakness","Clothesline","Second Wind"],"picked":"SKIP","floor":7},{"not_picked":["Rage","True Grit"],"picked":"Clash","floor":8},{"not_picked":["Iron Wave","Anger"],"picked":"Dropkick","floor":10},{"not_picked":["Perfected Strike","Armaments+1","Sever Soul+1"],"picked":"SKIP","floor":18},{"not_picked":["Clothesline","Headbutt+1","Sever Soul"],"picked":"SKIP","floor":21},{"not_picked":["Perfected Strike","Uppercut","Clash"],"picked":"SKIP","floor":22},{"not_picked":["Headbutt","Twin Strike+1","Inflame"],"picked":"SKIP","floor":23},{"not_picked":["Entrench","Feel No Pain","Wild Strike"],"picked":"SKIP","floor":27},{"not_picked":["Burning Pact+1","Heavy Blade+1","Twin Strike+1"],"picked":"SKIP","floor":29},{"not_picked":["Bloodletting+1"],"picked":"SKIP","floor":35},{"not_picked":["Cleave+1"],"picked":"SKIP","floor":37},{"not_picked":["Iron Wave+1"],"picked":"SKIP","floor":38},{"not_picked":[],"picked":"Dropkick","floor":40},{"not_picked":["Clothesline+1"],"picked":"SKIP","floor":42},{"not_picked":["True Grit+1","Anger"],"picked":"SKIP","floor":45},{"not_picked":["Body Slam+1","Hemokinesis"],"picked":"SKIP","floor":46},{"not_picked":["Heavy Blade+1","Body Slam+1"],"picked":"SKIP","floor":48}],"player_experience":1152656,"relics_obtained":[{"floor":7,"key":"Omamori"},{"floor":9,"key":"Mummified Hand"},{"floor":23,"key":"Meat on the Bone"},{"floor":24,"key":"Enchiridion"},{"floor":26,"key":"Vajra"},{"floor":40,"key":"Bag of Marbles"},{"floor":42,"key":"Question Card"},{"floor":43,"key":"Pen Nib"}],"event_choices":[{"cards_removed":["Defend_R"],"damage_healed":0,"gold_gain":0,"player_choice":"Card Removal","damage_taken":7,"max_hp_gain":0,"max_hp_loss":0,"event_name":"Golden Wing","floor":3,"gold_loss":0},{"damage_healed":0,"gold_gain":75,"player_choice":"Gather Gold","damage_taken":11,"max_hp_gain":0,"max_hp_loss":0,"event_name":"World of Goop","floor":4,"gold_loss":0},{"damage_healed":0,"gold_gain":30,"player_choice":"Searched \u00271\u0027 times","damage_taken":0,"max_hp_gain":0,"max_hp_loss":0,"event_name":"Dead Adventurer","floor":12,"gold_loss":0},{"cards_removed":["Defend_R"],"damage_healed":0,"gold_gain":0,"player_choice":"Card Removal","damage_taken":0,"max_hp_gain":0,"max_hp_loss":0,"event_name":"The Cleric","floor":13,"gold_loss":50},{"damage_healed":0,"gold_gain":0,"cards_transformed":["Strike_R"],"player_choice":"Transformed","damage_taken":0,"max_hp_gain":0,"max_hp_loss":0,"event_name":"Transmorgrifier","floor":20,"gold_loss":0,"cards_obtained":["Bloodletting"]},{"damage_healed":0,"gold_gain":0,"player_choice":"Obtained Book","damage_taken":16,"max_hp_gain":0,"max_hp_loss":0,"event_name":"Cursed Tome","floor":24,"gold_loss":0},{"damage_healed":0,"gold_gain":0,"player_choice":"Gave Potion","damage_taken":0,"relics_obtained":["Old Coin"],"max_hp_gain":0,"max_hp_loss":0,"event_name":"WeMeetAgain","floor":36,"gold_loss":0},{"damage_healed":0,"gold_gain":0,"player_choice":"Memory 1","damage_taken":0,"max_hp_gain":0,"max_hp_loss":0,"event_name":"SensoryStone","floor":39,"gold_loss":0},{"damage_healed":0,"gold_gain":0,"player_choice":"Paid","damage_taken":0,"relics_obtained":["Red Mask"],"max_hp_gain":0,"max_hp_loss":0,"event_name":"Tomb of Lord Red Mask","floor":44,"gold_loss":85},{"cards_removed":["Clash"],"damage_healed":0,"gold_gain":0,"player_choice":"Removed Attack","damage_taken":0,"max_hp_gain":0,"max_hp_loss":0,"event_name":"Falling","floor":47,"gold_loss":0}],"is_beta":true,"boss_relics":[{"not_picked":["Philosopher\u0027s Stone","Calling Bell"],"picked":"Empty Cage"},{"not_picked":["Coffee Dripper","Astrolabe"],"picked":"Busted Crown"}],"items_purged_floors":[11,14,19,31,41],"is_endless":false,"potions_floor_spawned":[10,16,18,21,22,27,35,38,48],"ascension_level":0}