{"gold_per_floor":[114,134,147,72,72,105,124,124,124,138,148,48,65,81,81,177,177,197,207,207,82,62,62,82,107,160,10,23,35,64,75,75],"floor_reached":32,"playtime":952,"items_purged":["Defend_R","Defend_R","Dark Embrace+1","Impervious+1"],"score":318,"play_id":"880b74da-1123-4a5f-a39e-d34194948d6a","local_time":"20190222003924","is_ascension_mode":false,"campfire_choices":[{"data":"Bash","floor":8,"key":"SMITH"},{"data":"Strike_R","floor":15,"key":"SMITH"},{"floor":23,"key":"REST"},{"floor":32,"key":"REST"}],"neow_cost":"PERCENT_DAMAGE","seed_source_timestamp":174571232693100,"circlet_count":0,"master_deck":["Strike_R","Strike_R+1","Bash+1","Shrug It Off","Anger+1"],"relics":["Burning Blood","Singing Bowl","Darkstone Periapt","Astrolabe","Red Mask","Happy Flower","Dodecahedron"],"potions_floor_usage":[6,7,7,16,16,19,24,25,30,30],"damage_taken":[{"damage":1,"enemies":"Cultist","floor":1,"turns":3},{"damage":3,"enemies":"Small Slimes","floor":2,"turns":4},{"damage":0,"enemies":"Jaw Worm","floor":3,"turns":3},{"damage":55,"enemies":"Lagavulin","floor":6,"turns":8},{"damage":0,"enemies":"Gremlin Gang","floor":7,"turns":8},{"damage":0,"enemies":"Large Slime","floor":10,"turns":5},{"damage":1,"enemies":"Exordium Wildlife","floor":11,"turns":5},{"damage":7,"enemies":"Exordium Thugs","floor":13,"turns":4},{"damage":4,"enemies":"2 Fungi Beasts","floor":14,"turns":4},{"damage":27,"enemies":"Slime Boss","floor":16,"turns":11},{"damage":16,"enemies":"Shell Parasite","floor":18,"turns":4},{"damage":30,"enemies":"2 Thieves","floor":19,"turns":4},{"damage":19,"enemies":"Snake Plant","floor":24,"turns":3},{"damage":9,"enemies":"Masked Bandits","floor":25,"turns":4},{"damage":0,"enemies":"Centurion and Healer","floor":28,"turns":3},{"damage":13,"enemies":"3 Cultists","floor":29,"turns":4},{"damage":30,"enemies":"Slavers","floor":30,"turns":4},{"damage":21,"enemies":"Snake Plant","floor":31,"turns":4}],"seed_played":"-4690665359879583139","potions_obtained":[{"floor":2,"key":"PowerPotion"},{"floor":6,"key":"EntropicBrew"},{"floor":7,"key":"Dexterity Potion"},{"floor":16,"key":"BloodPotion"},{"floor":18,"key":"Explosive Potion"},{"floor":22,"key":"SkillPotion"},{"floor":24,"key":"Swift Potion"},{"floor":29,"key":"Dexterity Potion"},{"floor":31,"key":"EssenceOfSteel"}],"is_trial":false,"path_per_floor":["M","M","M","$","?","E","M","R","T","M","M","$","M","M","R","B",null,"M","M","?","$","?","R","M","?","T","$","M","M","E","M","R"],"character_chosen":"IRONCLAD","items_purchased":[],"campfire_rested":2,"item_purchase_floors":[],"current_hp_per_floor":[61,64,70,70,70,23,31,31,31,39,46,46,47,51,51,32,94,86,73,53,53,53,83,72,71,71,71,79,74,52,39,73],"gold":75,"neow_bonus":"REMOVE_TWO","is_prod":false,"is_daily":false,"chose_seed":false,"campfire_upgraded":2,"win_rate":0,"timestamp":1550792364,"path_taken":["M","M","?","$","?","E","M","R","T","?","M","$","M","M","R","BOSS","M","M","?","$","?","R","?","?","T","$","M","M","E","M","R"],"build_version":"2019-02-06","purchased_purges":4,"victory":false,"max_hp_per_floor":[80,80,80,80,80,82,84,84,84,86,88,88,90,92,92,94,94,96,98,103,103,103,103,105,107,107,107,109,111,113,115,115],"card_choices":[{"not_picked":["Cleave","True Grit"],"picked":"Shrug It Off","floor":1},{"not_picked":["Warcry","Twin Strike","Clothesline"],"picked":"SKIP","floor":2},{"not_picked":["Wild Strike","Body Slam","Sword Boomerang"],"picked":"SKIP","floor":3},{"not_picked":["Twin Strike","Exhume","Feed"],"picked":"Singing Bowl","floor":6},{"not_picked":["Armaments","Clothesline","Anger"],"picked":"Singing Bowl","floor":7},{"not_picked":["Iron Wave","Clash","Warcry"],"picked":"Singing Bowl","floor":10},{"not_picked":["Headbutt","Intimidate","Infernal Blade"],"picked":"Singing Bowl","floor":11},{"not_picked":["Clash","True Grit","Iron Wave"],"picked":"Singing Bowl","floor":13},{"not_picked":["Heavy Blade","Pommel Strike","Reckless Charge"],"picked":"Singing Bowl","floor":14},{"not_picked":["Reaper","Juggernaut","Brutality"],"picked":"Singing Bowl","floor":16},{"not_picked":["True Grit","Burning Pact+1","Perfected Strike+1"],"picked":"Singing Bowl","floor":18},{"not_picked":["Headbutt","Warcry+1","Flex"],"picked":"Singing Bowl","floor":19},{"not_picked":["Twin Strike+1","Clothesline","Infernal Blade"],"picked":"Singing Bowl","floor":24},{"not_picked":["Fire Breathing","Reaper","Rampage"],"picked":"Singing Bowl","floor":25},{"not_picked":["Bloodletting+1","Evolve","Clothesline"],"picked":"Singing Bowl","floor":28},{"not_picked":["Battle Trance","Blood for Blood","Flex"],"picked":"Singing Bowl","floor":29},{"not_picked":["Rage","Heavy Blade","Anger"],"picked":"Singing Bowl","floor":30},{"not_picked":["Sword Boomerang+1","Anger","Clothesline+1"],"picked":"Singing Bowl","floor":31}],"player_experience":1170411,"relics_obtained":[{"floor":6,"key":"Singing Bowl"},{"floor":9,"key":"Darkstone Periapt"},{"floor":25,"key":"Red Mask"},{"floor":26,"key":"Happy Flower"},{"floor":30,"key":"Dodecahedron"}],"event_choices":[{"damage_healed":0,"gold_gain":0,"player_choice":"0 cards matched","damage_taken":0,"max_hp_gain":0,"max_hp_loss":0,"event_name":"Match and Keep!","floor":5,"gold_loss":0,"cards_obtained":[]},{"damage_healed":0,"gold_gain":0,"player_choice":"Shed Blood","damage_taken":25,"max_hp_gain":5,"max_hp_loss":0,"event_name":"Forgotten Altar","floor":20,"gold_loss":0},{"damage_healed":0,"gold_gain":0,"player_choice":"Bought 1 Potion","damage_taken":0,"max_hp_gain":0,"max_hp_loss":0,"event_name":"The Woman in Blue","floor":22,"gold_loss":0},{"damage_healed":0,"gold_gain":0,"player_choice":"Fought Bandits","damage_taken":0,"max_hp_gain":0,"max_hp_loss":0,"event_name":"Masked Bandits","floor":25,"gold_loss":0}],"is_beta":true,"boss_relics":[{"not_picked":["Busted Crown","Velvet Choker"],"picked":"Astrolabe"}],"items_purged_floors":[4,12,21,27],"is_endless":false,"potions_floor_spawned":[2,6,7,11,16,18,24,29,31],"ascension_level":0}