{"path_per_floor":["M","?","?","M","?","R","?","R","T","R","M","E","M","M","R"],"character_chosen":"THE_SILENT","items_purchased":[],"gold_per_floor":[116,191,191,211,211,211,211,211,211,211,222,248,265,285,285,285],"floor_reached":16,"campfire_rested":1,"playtime":423,"current_hp_per_floor":[67,56,42,42,42,42,47,47,47,47,47,24,23,23,45,0],"items_purged":[],"gold":285,"score":100,"play_id":"47bd3ab3-036a-4427-b223-93685cb697f6","local_time":"20180430211230","is_prod":false,"is_daily":false,"chose_seed":false,"is_ascension_mode":false,"campfire_upgraded":3,"timestamp":1525147950,"path_taken":["M","?","?","M","?","R","?","R","T","R","M","E","?","M","R","BOSS"],"build_version":"2018-04-27v3","seed_source_timestamp":1188125844294,"purchased_purges":0,"victory":false,"master_deck":["Defend_G","Defend_G","Defend_G","Defend_G","Defend_G","Strike_G","Strike_G","Strike_G+1","Strike_G+1","Strike_G","Survivor+1","Neutralize+1","Deflect","Quick Slash+1","Prepared","Backstab","Prepared"],"max_hp_per_floor":[70,70,70,70,70,70,75,75,75,75,75,75,75,75,75,75],"relics":["Runic Pyramid","Letter Opener","Gambling Chip"],"card_choices":[{"not_picked":["Calculated Gamble","PiercingWail"],"picked":"Deflect","floor":1},{"not_picked":["Dodge and Roll","Poisoned Stab"],"picked":"Quick Slash","floor":4},{"not_picked":["Distraction","Poisoned Stab"],"picked":"Prepared","floor":11},{"not_picked":["Endless Agony","Tools of the Trade"],"picked":"Backstab","floor":12},{"not_picked":["Sucker Punch","Poisoned Stab"],"picked":"Prepared","floor":13}],"player_experience":37457,"potions_floor_usage":[12],"damage_taken":[{"damage":3,"enemies":"Jaw Worm","floor":1,"turns":6},{"damage":0,"enemies":"2 Louse","floor":4,"turns":3},{"damage":0,"enemies":"Small Slimes","floor":11,"turns":4},{"damage":23,"enemies":"Gremlin Nob","floor":12,"turns":5},{"damage":1,"enemies":"3 Louse","floor":13,"turns":4},{"damage":0,"enemies":"2 Fungi Beasts","floor":14,"turns":3},{"damage":46,"enemies":"Slime Boss","floor":16,"turns":9}],"event_choices":[{"event_name":"World of Goop","player_choice":"Gather Gold","floor":2,"damage_taken":0},{"event_name":"Shining Light","player_choice":"Entered Light","floor":3,"damage_taken":0},{"event_name":"Liars Game","player_choice":"disagreed","floor":5,"damage_taken":0},{"event_name":"Big Fish","player_choice":"Donut","floor":7,"damage_taken":0}],"boss_relics":[],"potions_floor_spawned":[1],"seed_played":"-787489061355760350","killed_by":"Slime Boss","ascension_level":0,"is_trial":false}