{"path_per_floor":["M","?","M","M","M","E","M","?","T","R","E","?","$","M","R","B",null,"M","M","$","M","?","E","M","?","T","M"],"character_chosen":"IRONCLAD","items_purchased":["Offering"],"gold_per_floor":[119,119,144,157,180,224,248,202,227,227,261,226,16,36,36,159,159,183,201,101,125,168,199,214,214,214,234,234],"floor_reached":28,"campfire_rested":1,"playtime":1044,"item_purchase_floors":[],"current_hp_per_floor":[45,25,31,27,22,21,13,13,20,46,27,48,48,50,50,21,87,81,83,83,78,84,52,38,38,38,9,0],"items_purged":["Strike_R","Strike_R"],"gold":234,"score":252,"play_id":"3d39456b-b56f-4a3a-ac05-935f1245add1","local_time":"20180519174644","is_prod":false,"is_daily":false,"chose_seed":false,"is_ascension_mode":false,"campfire_upgraded":1,"timestamp":1526777204,"campfire_choices":[{"floor":10.0,"key":"REST"},{"data":"Inflame","floor":15,"key":"SMITH"}],"path_taken":["M","?","M","?","M","E","M","?","T","R","E","?","$","M","R","BOSS","M","M","$","M","?","E","M","?","T","M","E"],"build_version":"2018-05-18","seed_source_timestamp":0,"purchased_purges":2,"victory":false,"master_deck":["Strike_R","Strike_R","Strike_R","Defend_R","Defend_R","Defend_R","Defend_R","Bash","Double Tap","Thunderclap","Iron Wave","Body Slam","Disarm","Inflame+1","Whirlwind+1","Offering+1","Feed+1","Spot Weakness","Shrug It Off","Shrug It Off+1","Body Slam+1"],"max_hp_per_floor":[80,80,80,80,80,80,80,80,87,87,87,87,87,87,87,87,87,91,91,91,91,91,91,91,91,91,91,91],"relics":["Burning Blood","Golden Idol","Molten Egg 2","Strawberry","Happy Flower","Mark of Pain","Red Mask","Blood Vial","Toxic Egg 2"],"card_choices":[{"not_picked":["Fiend Fire","Impervious"],"picked":"Double Tap","floor":0.0},{"not_picked":["True Grit","Searing Blow","Burning Pact"],"picked":"SKIP","floor":1.0},{"not_picked":["Twin Strike","Impervious"],"picked":"Thunderclap","floor":3.0},{"not_picked":["Carnage","Hemokinesis"],"picked":"Iron Wave","floor":4.0},{"not_picked":["Seeing Red","Power Through"],"picked":"Body Slam","floor":5.0},{"not_picked":["Dual Wield","Uppercut"],"picked":"Disarm","floor":6.0},{"not_picked":["Body Slam+1","Warcry"],"picked":"Inflame","floor":7.0},{"not_picked":["Twin Strike+1","Clash+1"],"picked":"Whirlwind+1","floor":11.0},{"not_picked":["Reckless Charge+1","Blood for Blood+1","Shockwave"],"picked":"SKIP","floor":14},{"not_picked":["Fiend Fire+1","Impervious"],"picked":"Feed+1","floor":16},{"not_picked":["Entrench+1","Rupture","Perfected Strike+1"],"picked":"SKIP","floor":18},{"not_picked":["Perfected Strike+1","Heavy Blade+1"],"picked":"Spot Weakness","floor":19},{"not_picked":["Feel No Pain","Iron Wave+1"],"picked":"Shrug It Off","floor":21},{"not_picked":["Dropkick+1","Iron Wave+1"],"picked":"Shrug It Off+1","floor":22},{"not_picked":["Clothesline+1","Disarm"],"picked":"Body Slam+1","floor":23},{"not_picked":["Shockwave","Blood for Blood+1","Thunderclap+1"],"picked":"SKIP","floor":24},{"not_picked":["Seeing Red+1","Heavy Blade+1","Brutality"],"picked":"SKIP","floor":27}],"player_experience":89637,"potions_floor_usage":[27,28,28,28],"damage_taken":[{"damage":1.0,"enemies":"Cultist","floor":1.0,"turns":3.0},{"damage":0.0,"enemies":"2 Louse","floor":3.0,"turns":4.0},{"damage":10.0,"enemies":"Jaw Worm","floor":4.0,"turns":4.0},{"damage":11.0,"enemies":"Gremlin Gang","floor":5.0,"turns":6.0},{"damage":15.0,"enemies":"Gremlin Nob","floor":6.0,"turns":4.0},{"damage":14.0,"enemies":"Exordium Wildlife","floor":7.0,"turns":6.0},{"damage":25.0,"enemies":"Lagavulin","floor":11.0,"turns":8.0},{"damage":4.0,"enemies":"Looter","floor":14.0,"turns":2.0},{"damage":35,"enemies":"The Guardian","floor":16,"turns":7},{"damage":16,"enemies":"Chosen","floor":18,"turns":3},{"damage":4,"enemies":"3 Byrds","floor":19,"turns":3},{"damage":11,"enemies":"Centurion and Healer","floor":21,"turns":2},{"damage":0,"enemies":"Masked Bandits","floor":22,"turns":2},{"damage":38,"enemies":"Book of Stabbing","floor":23,"turns":6},{"damage":22,"enemies":"Slaver and Parasite","floor":24,"turns":4},{"damage":37,"enemies":"Cultist and Chosen","floor":27,"turns":4},{"damage":13,"enemies":"Gremlin Leader","floor":28,"turns":2}],"relics_obtained":[{"floor":6.0,"key":"Molten Egg 2"},{"floor":9.0,"key":"Strawberry"},{"floor":11.0,"key":"Happy Flower"},{"floor":22,"key":"Red Mask"},{"floor":23,"key":"Blood Vial"},{"floor":26,"key":"Toxic Egg 2"}],"event_choices":[{"event_name":"Golden Idol","player_choice":"Take Damage","floor":2.0,"damage_taken":0.0},{"event_name":"World of Goop","player_choice":"Left","floor":8.0,"damage_taken":0.0},{"event_name":"The Cleric","player_choice":"Healed","floor":12.0,"damage_taken":0.0},{"event_name":"Masked Bandits","player_choice":"Fought over 125 gold","floor":22,"damage_taken":0},{"event_name":"Accursed Blacksmith","player_choice":"Forge","floor":25,"damage_taken":0}],"boss_relics":[{"not_picked":["Runic Dome","Runic Pyramid"],"picked":"Mark of Pain"}],"items_purged_floors":[],"potions_floor_spawned":[3,4,5,6,7,14,19,21,22,27],"seed_played":"-1577641574146367011","killed_by":"Gremlin Leader","ascension_level":0,"potions_obtained":[{"floor":3.0,"key":"Dexterity Potion"},{"floor":4.0,"key":"SteroidPotion"},{"floor":5.0,"key":"BloodPotion"},{"floor":6.0,"key":"AttackPotion"},{"floor":7.0,"key":"SkillPotion"},{"floor":14,"key":"Dexterity Potion"},{"floor":21,"key":"EssenceOfSteel"},{"floor":22,"key":"LiquidBronze"},{"floor":27,"key":"FearPotion"}],"is_trial":false}