{"gold_per_floor":[117,137,206,225,242,242,273,292,292,306,316,343,360,393,393,493,493,507,507,526,451,471,500,514,546,572,572,607,627,44,54,54,156,156,166,177,192,210,256,291,291,302,327,327,356,69,104,31,31,31],"floor_reached":51,"playtime":3445,"items_purged":["Strike_R"],"score":898,"play_id":"11e7bc9c-8dcc-4c4f-bb22-f715261e7717","local_time":"20190503104229","is_ascension_mode":false,"campfire_choices":[{"data":"Carnage","floor":6,"key":"SMITH"},{"data":"Armaments","floor":15,"key":"SMITH"},{"data":"Immolate","floor":27,"key":"SMITH"},{"data":"Disarm","floor":32,"key":"SMITH"},{"data":"Clothesline","floor":41,"key":"SMITH"},{"data":"Demon Form","floor":49,"key":"SMITH"}],"neow_cost":"NONE","seed_source_timestamp":1811482390049900,"circlet_count":0,"master_deck":["Strike_R","Strike_R","Strike_R","Defend_R+1","Defend_R","Defend_R","Defend_R","Bash+1","True Grit","Carnage+1","Shrug It Off+1","Inflame","Demon Form+1","Armaments+1","Iron Wave","Twin Strike","Reaper","Clothesline+1","Immolate+1","Shrug It Off","Disarm+1","Intimidate+1","Iron Wave+1","Feed","Feel No Pain","Master of Strategy","Battle Trance","Exhume","True Grit+1","True Grit+1","Feel No Pain+1","Shrug It Off+1","Metallicize+1"],"relics":["Burning Blood","War Paint","Matryoshka","Du-Vu Doll","Singing Bowl","Mark of Pain","Nilry\u0027s Codex","Juzu Bracelet","Letter Opener","Ancient Tea Set","Vajra","Happy Flower","Calipers","Sozu","Turnip","Peace Pipe","PreservedInsect","Strawberry","Frozen Egg 2","ClockworkSouvenir","Anchor"],"potions_floor_usage":[5,7,13,20,23,28,50,50,50],"damage_taken":[{"damage":1,"enemies":"Cultist","floor":1,"turns":3},{"damage":7,"enemies":"Small Slimes","floor":2,"turns":5},{"damage":0,"enemies":"Jaw Worm","floor":4,"turns":3},{"damage":8,"enemies":"Lots of Slimes","floor":5,"turns":5},{"damage":15,"enemies":"Lagavulin","floor":7,"turns":6},{"damage":8,"enemies":"2 Fungi Beasts","floor":8,"turns":3},{"damage":8,"enemies":"Large Slime","floor":10,"turns":6},{"damage":4,"enemies":"Exordium Wildlife","floor":11,"turns":4},{"damage":12,"enemies":"Gremlin Nob","floor":12,"turns":4},{"damage":8,"enemies":"Exordium Thugs","floor":13,"turns":4},{"damage":22,"enemies":"3 Sentries","floor":14,"turns":9},{"damage":40,"enemies":"The Guardian","floor":16,"turns":15},{"damage":16,"enemies":"Shell Parasite","floor":18,"turns":5},{"damage":12,"enemies":"Chosen","floor":20,"turns":5},{"damage":13,"enemies":"Shelled Parasite and Fungi","floor":22,"turns":18},{"damage":27,"enemies":"Book of Stabbing","floor":23,"turns":9},{"damage":10,"enemies":"Centurion and Healer","floor":24,"turns":8},{"damage":49,"enemies":"Gremlin Leader","floor":25,"turns":9},{"damage":1,"enemies":"Slavers","floor":28,"turns":10},{"damage":12,"enemies":"Chosen and Byrds","floor":29,"turns":8},{"damage":0,"enemies":"Cultist and Chosen","floor":31,"turns":8},{"damage":49,"enemies":"Collector","floor":33,"turns":13},{"damage":2,"enemies":"3 Darklings","floor":35,"turns":4},{"damage":9,"enemies":"Orb Walker","floor":36,"turns":3},{"damage":9,"enemies":"Spire Growth","floor":37,"turns":5},{"damage":7,"enemies":"Transient","floor":38,"turns":5},{"damage":22,"enemies":"2 Orb Walkers","floor":39,"turns":5},{"damage":12,"enemies":"Reptomancer","floor":40,"turns":7},{"damage":15,"enemies":"Maw","floor":42,"turns":9},{"damage":5,"enemies":"Giant Head","floor":45,"turns":9},{"damage":55,"enemies":"Reptomancer","floor":47,"turns":11},{"damage":0,"enemies":"Time Eater","floor":50,"turns":14}],"seed_played":"1720381234556637461","potions_obtained":[{"floor":1,"key":"Poison Potion"},{"floor":2,"key":"GamblersBrew"},{"floor":5,"key":"Block Potion"},{"floor":11,"key":"Explosive Potion"},{"floor":13,"key":"Block Potion"},{"floor":14,"key":"Regen Potion"},{"floor":16,"key":"Block Potion"},{"floor":22,"key":"FearPotion"},{"floor":25,"key":"FearPotion"},{"floor":33,"key":"SpeedPotion"}],"is_trial":false,"path_per_floor":["M","M","?","M","M","R","E","M","T","M","M","E","M","E","R","B",null,"M","?","M","?","M","E","M","E","T","R","E","M","$","M","R","B",null,"M","M","M","M","?","E","R","M","T","?","E","$","E","$","R","B",null],"character_chosen":"IRONCLAD","items_purchased":["Feel No Pain","Master of Strategy","Calipers","Feel No Pain+1","ClockworkSouvenir","Metallicize+1"],"campfire_rested":0,"item_purchase_floors":[30,30,30,46,46,48],"current_hp_per_floor":[80,79,79,80,78,78,69,67,67,65,67,61,63,70,70,50,82,74,58,75,75,83,80,84,84,84,84,92,97,97,102,102,98,105,108,111,119,120,126,124,124,132,139,139,142,142,146,146,146,150],"gold":31,"neow_bonus":"UPGRADE_CARD","is_prod":false,"is_daily":false,"chose_seed":false,"campfire_upgraded":6,"win_rate":1,"timestamp":1556905349,"path_taken":["M","M","?","M","M","R","E","M","T","M","M","E","M","E","R","BOSS","M","?","M","?","?","E","M","E","T","R","E","M","?","M","R","BOSS","M","M","M","M","?","E","R","M","T","?","E","$","E","?","R","BOSS"],"build_version":"2019-01-23","purchased_purges":1,"victory":true,"max_hp_per_floor":[80,80,80,80,80,80,80,80,80,80,80,80,80,82,82,82,82,84,84,84,84,84,84,84,84,84,84,92,98,98,102,102,105,105,108,114,119,121,126,130,130,132,139,139,142,142,146,146,146,150],"card_choices":[{"not_picked":["Thunderclap","Warcry"],"picked":"True Grit","floor":1},{"not_picked":["Body Slam","Uppercut"],"picked":"Carnage","floor":2},{"not_picked":["Perfected Strike","Body Slam"],"picked":"Shrug It Off","floor":4},{"not_picked":["Clash","Hemokinesis"],"picked":"Inflame","floor":5},{"not_picked":["Evolve","Fire Breathing"],"picked":"Demon Form","floor":7},{"not_picked":["Cleave","True Grit"],"picked":"Armaments","floor":8},{"not_picked":["Heavy Blade","Warcry"],"picked":"Iron Wave","floor":10},{"not_picked":["True Grit","Hemokinesis"],"picked":"Twin Strike","floor":11},{"not_picked":["True Grit","Pommel Strike"],"picked":"Reaper","floor":12},{"not_picked":["Pommel Strike","Cleave"],"picked":"Clothesline","floor":13},{"not_picked":["Heavy Blade","Thunderclap","Sever Soul"],"picked":"Singing Bowl","floor":14},{"not_picked":["Barricade","Dark Embrace"],"picked":"Immolate","floor":16},{"not_picked":["Warcry","Clothesline","Perfected Strike"],"picked":"Singing Bowl","floor":18},{"not_picked":["Combust","Intimidate"],"picked":"Shrug It Off","floor":20},{"not_picked":["Clothesline+1","Armaments"],"picked":"Disarm","floor":22},{"not_picked":["Metallicize","Cleave"],"picked":"Intimidate+1","floor":23},{"not_picked":["Metallicize","Rage"],"picked":"Iron Wave+1","floor":24},{"not_picked":["Havoc","Whirlwind"],"picked":"Feed","floor":25},{"not_picked":["Twin Strike","Dual Wield","Armaments"],"picked":"Singing Bowl","floor":28},{"not_picked":["Bloodletting","Thunderclap","Seeing Red"],"picked":"Singing Bowl","floor":29},{"not_picked":["Searing Blow","Offering"],"picked":"Battle Trance","floor":31},{"not_picked":["Bludgeon","Limit Break"],"picked":"Exhume","floor":33},{"not_picked":["Dropkick","Body Slam"],"picked":"True Grit+1","floor":35},{"not_picked":["Body Slam","Intimidate+1","Fire Breathing+1"],"picked":"Singing Bowl","floor":36},{"not_picked":["Twin Strike","Warcry+1","Seeing Red"],"picked":"Singing Bowl","floor":37},{"not_picked":["Second Wind+1","Perfected Strike","Warcry+1"],"picked":"Singing Bowl","floor":38},{"not_picked":["Fire Breathing","Double Tap","Pummel+1"],"picked":"Singing Bowl","floor":39},{"not_picked":["Entrench+1","Sword Boomerang+1"],"picked":"Headbutt+1","floor":40},{"not_picked":["Sever Soul","Clash","Second Wind+1"],"picked":"Singing Bowl","floor":42},{"not_picked":["Juggernaut","Double Tap"],"picked":"True Grit+1","floor":45},{"not_picked":["Sword Boomerang+1","Heavy Blade"],"picked":"Shrug It Off+1","floor":47}],"player_experience":706628,"relics_obtained":[{"floor":7,"key":"War Paint"},{"floor":9,"key":"Matryoshka"},{"floor":12,"key":"Du-Vu Doll"},{"floor":14,"key":"Singing Bowl"},{"floor":19,"key":"Nilry\u0027s Codex"},{"floor":23,"key":"Juzu Bracelet"},{"floor":25,"key":"Letter Opener"},{"floor":26,"key":"Ancient Tea Set"},{"floor":26,"key":"Vajra"},{"floor":28,"key":"Happy Flower"},{"floor":39,"key":"Turnip"},{"floor":40,"key":"Peace Pipe"},{"floor":43,"key":"PreservedInsect"},{"floor":43,"key":"Strawberry"},{"floor":45,"key":"Frozen Egg 2"},{"floor":47,"key":"Anchor"}],"event_choices":[{"damage_healed":0,"gold_gain":69,"player_choice":"Gained Gold","damage_taken":0,"max_hp_gain":0,"max_hp_loss":0,"event_name":"Golden Wing","floor":3,"gold_loss":0},{"damage_healed":0,"gold_gain":0,"player_choice":"Obtained Book","damage_taken":16,"max_hp_gain":0,"max_hp_loss":0,"event_name":"Cursed Tome","floor":19,"gold_loss":0},{"cards_removed":["Strike_R"],"damage_healed":0,"gold_gain":0,"player_choice":"Gave Gold","damage_taken":0,"max_hp_gain":0,"max_hp_loss":0,"event_name":"Beggar","floor":21,"gold_loss":75},{"damage_healed":0,"gold_gain":0,"player_choice":"Fight","damage_taken":0,"max_hp_gain":0,"max_hp_loss":0,"event_name":"Mysterious Sphere","floor":39,"gold_loss":0},{"cards_removed":["Headbutt"],"damage_healed":0,"gold_gain":0,"player_choice":"Removed Attack","damage_taken":0,"max_hp_gain":0,"max_hp_loss":0,"event_name":"Falling","floor":44,"gold_loss":0}],"is_beta":false,"boss_relics":[{"not_picked":["Tiny House","Astrolabe"],"picked":"Mark of Pain"},{"not_picked":["Eternal Feather","Runic Pyramid"],"picked":"Sozu"}],"items_purged_floors":[30],"is_endless":false,"potions_floor_spawned":[1,2,5,11,13,14,16,18,22,25,33,35,38,47],"ascension_level":0}