{"gold_per_floor":[110,285,285,83,101,101,134,134,134,159,186,186,40,57,57,162,162,179,179,190,190,200,200,224,224,247,281,295,329,340,34,34,138,138,154,165,165,180,31,61,80,80,80,80,112,112,146,157,157,157],"floor_reached":50,"playtime":1767,"items_purged":["Regret","Defend_R","Strike_R"],"score":616,"play_id":"18bf8ffb-63a5-43d3-9e1c-9170099591ae","local_time":"20190303233657","is_ascension_mode":false,"campfire_choices":[{"data":"Bash","floor":6,"key":"SMITH"},{"data":"Feed","floor":8,"key":"SMITH"},{"data":"Shrug It Off","floor":15,"key":"SMITH"},{"floor":23,"key":"REST"},{"floor":32,"key":"REST"},{"floor":46,"key":"REST"},{"floor":49,"key":"REST"}],"neow_cost":"NONE","seed_source_timestamp":119117281233100,"circlet_count":0,"master_deck":["Strike_R","Strike_R","Strike_R","Strike_R","Defend_R","Defend_R","Defend_R","Bash+1","Shrug It Off+1","Dropkick","Uppercut","Double Tap","Sword Boomerang","Shrug It Off"],"relics":["Burning Blood","Juzu Bracelet","Ancient Tea Set","Tiny Chest","Vajra","Torii","Regal Pillow","Strawberry","Philosopher\u0027s Stone","Enchiridion","Dream Catcher","Happy Flower","Centennial Puzzle","Shuriken","Velvet Choker","PreservedInsect","Oddly Smooth Stone","Red Skull","Darkstone Periapt"],"potions_floor_usage":[16,27,27,29,33,33,38,47,50,50,50],"damage_taken":[{"damage":0,"enemies":"2 Louse","floor":1,"turns":2},{"damage":6,"enemies":"Cultist","floor":5,"turns":3},{"damage":56,"enemies":"3 Sentries","floor":7,"turns":14},{"damage":0,"enemies":"Small Slimes","floor":14,"turns":3},{"damage":24,"enemies":"The Guardian","floor":16,"turns":13},{"damage":17,"enemies":"2 Thieves","floor":18,"turns":4},{"damage":11,"enemies":"Spheric Guardian","floor":20,"turns":4},{"damage":6,"enemies":"Centurion and Healer","floor":22,"turns":6},{"damage":23,"enemies":"Book of Stabbing","floor":27,"turns":5},{"damage":31,"enemies":"Sentry and Sphere","floor":28,"turns":5},{"damage":37,"enemies":"Slavers","floor":29,"turns":6},{"damage":14,"enemies":"3 Cultists","floor":30,"turns":4},{"damage":74,"enemies":"Champ","floor":33,"turns":8},{"damage":12,"enemies":"Orb Walker","floor":35,"turns":3},{"damage":25,"enemies":"3 Darklings","floor":36,"turns":5},{"damage":17,"enemies":"Jaw Worm Horde","floor":38,"turns":3},{"damage":1,"enemies":"Nemesis","floor":40,"turns":3},{"damage":25,"enemies":"4 Shapes","floor":41,"turns":5},{"damage":37,"enemies":"Giant Head","floor":45,"turns":8},{"damage":22,"enemies":"Reptomancer","floor":47,"turns":4},{"damage":28,"enemies":"Spire Growth","floor":48,"turns":4},{"damage":105,"enemies":"Awakened One","floor":50,"turns":10}],"seed_played":"-5277426300974387525","potions_obtained":[{"floor":5,"key":"SpeedPotion"},{"floor":14,"key":"LiquidBronze"},{"floor":16,"key":"Swift Potion"},{"floor":28,"key":"Regen Potion"},{"floor":29,"key":"Swift Potion"},{"floor":30,"key":"Poison Potion"},{"floor":33,"key":"Poison Potion"},{"floor":36,"key":"GamblersBrew"},{"floor":40,"key":"Explosive Potion"},{"floor":47,"key":"Strength Potion"}],"is_trial":false,"path_per_floor":["M","?","?","$","M","R","E","R","T","T","T","?","$","M","R","B",null,"M","?","M","?","M","R","T","?","T","E","M","E","M","$","R","B",null,"M","M","?","M","$","E","M","?","T","$","E","R","E","M","R","B"],"character_chosen":"IRONCLAD","items_purchased":["Tiny Chest","Shrug It Off","Shuriken","SteroidPotion","Sword Boomerang"],"campfire_rested":4,"item_purchase_floors":[4,13,31,31,39],"current_hp_per_floor":[80,80,80,80,80,80,30,30,30,30,37,30,30,40,40,22,91,84,65,60,44,48,94,94,94,94,77,56,44,40,40,89,21,116,110,91,91,84,84,89,74,74,74,74,43,93,77,55,105,0],"gold":157,"neow_bonus":"RANDOM_COMMON_RELIC","is_prod":false,"is_daily":false,"chose_seed":false,"campfire_upgraded":3,"win_rate":0,"timestamp":1551652617,"path_taken":["M","?","?","$","M","R","E","R","T","?","?","?","$","M","R","BOSS","M","?","M","?","M","R","?","?","T","E","M","E","M","$","R","BOSS","M","M","?","M","$","E","M","?","T","?","E","R","E","M","R","BOSS"],"build_version":"2019-02-06","purchased_purges":3,"victory":false,"max_hp_per_floor":[80,80,80,80,80,80,80,80,80,80,87,87,87,91,91,91,91,95,100,100,100,104,104,104,104,104,104,108,112,116,116,116,116,116,116,116,110,114,114,114,118,118,118,118,118,118,118,118,118,118],"card_choices":[{"not_picked":["Cleave","Wild Strike","True Grit"],"picked":"SKIP","floor":1},{"not_picked":["Entrench","Anger","Warcry"],"picked":"SKIP","floor":5},{"not_picked":["Sever Soul","Thunderclap"],"picked":"Feed","floor":7},{"not_picked":["Sword Boomerang","Flame Barrier"],"picked":"Dropkick","floor":14},{"not_picked":["Combust","Body Slam","Rage"],"picked":"SKIP","floor":18},{"not_picked":["Headbutt+1","Iron Wave","Fire Breathing"],"picked":"SKIP","floor":20},{"not_picked":["Twin Strike","Bloodletting","Warcry"],"picked":"SKIP","floor":22},{"not_picked":["Clash","Uppercut","Second Wind"],"picked":"SKIP","floor":27},{"not_picked":["Thunderclap","Power Through+1","Iron Wave"],"picked":"SKIP","floor":28},{"not_picked":["Reckless Charge","Thunderclap+1","Wild Strike+1"],"picked":"SKIP","floor":29},{"not_picked":["Rampage+1","Warcry+1","Spot Weakness"],"picked":"SKIP","floor":30},{"not_picked":["Fiend Fire","Juggernaut"],"picked":"Double Tap","floor":33},{"not_picked":["Perfected Strike","Fire Breathing","Power Through+1"],"picked":"SKIP","floor":35},{"not_picked":["Combust","Thunderclap","Sentinel"],"picked":"SKIP","floor":36},{"not_picked":["Thunderclap","Headbutt+1","True Grit"],"picked":"SKIP","floor":38},{"not_picked":["True Grit","Searing Blow","Anger"],"picked":"SKIP","floor":40},{"not_picked":["Clash","Blood for Blood+1"],"picked":"Shrug It Off","floor":41},{"not_picked":["Dropkick","Berserk","Seeing Red"],"picked":"SKIP","floor":45},{"not_picked":["Heavy Blade","Second Wind+1","Feel No Pain"],"picked":"SKIP","floor":47},{"not_picked":["Shockwave+1","Entrench","Wild Strike"],"picked":"SKIP","floor":48}],"player_experience":1217839,"relics_obtained":[{"floor":7,"key":"Vajra"},{"floor":9,"key":"Torii"},{"floor":10,"key":"Regal Pillow"},{"floor":11,"key":"Strawberry"},{"floor":21,"key":"Enchiridion"},{"floor":26,"key":"Dream Catcher"},{"floor":27,"key":"Happy Flower"},{"floor":29,"key":"Centennial Puzzle"},{"floor":40,"key":"PreservedInsect"},{"floor":43,"key":"Oddly Smooth Stone"},{"floor":45,"key":"Red Skull"},{"floor":47,"key":"Darkstone Periapt"}],"event_choices":[{"damage_healed":0,"gold_gain":175,"player_choice":"AGREE","damage_taken":0,"max_hp_gain":0,"max_hp_loss":0,"event_name":"Liars Game","floor":2,"gold_loss":0,"cards_obtained":["Doubt"]},{"damage_healed":0,"gold_gain":0,"player_choice":"Box","damage_taken":0,"relics_obtained":["Ancient Tea Set"],"max_hp_gain":0,"max_hp_loss":0,"event_name":"Big Fish","floor":3,"gold_loss":0,"cards_obtained":["Regret"]},{"cards_removed":["Doubt"],"damage_healed":0,"gold_gain":0,"player_choice":"Card Removal","damage_taken":7,"max_hp_gain":0,"max_hp_loss":0,"event_name":"Golden Wing","floor":12,"gold_loss":0},{"damage_healed":0,"gold_gain":0,"player_choice":"Shed Blood","damage_taken":24,"max_hp_gain":5,"max_hp_loss":0,"event_name":"Forgotten Altar","floor":19,"gold_loss":0},{"damage_healed":0,"gold_gain":0,"player_choice":"Obtained Book","damage_taken":16,"max_hp_gain":0,"max_hp_loss":0,"event_name":"Cursed Tome","floor":21,"gold_loss":0},{"damage_healed":0,"gold_gain":0,"player_choice":"Read","damage_taken":0,"max_hp_gain":0,"max_hp_loss":0,"event_name":"The Library","floor":25,"gold_loss":0,"cards_obtained":["Uppercut"]},{"damage_healed":0,"gold_gain":0,"player_choice":"Max HP","damage_taken":0,"max_hp_gain":0,"max_hp_loss":6,"event_name":"Winding Halls","floor":37,"gold_loss":0},{"cards_removed":["Feed"],"damage_healed":0,"gold_gain":0,"player_choice":"Removed Attack","damage_taken":0,"max_hp_gain":0,"max_hp_loss":0,"event_name":"Falling","floor":42,"gold_loss":0}],"is_beta":true,"boss_relics":[{"not_picked":["Fusion Hammer","Astrolabe"],"picked":"Philosopher\u0027s Stone"},{"not_picked":["Black Blood","White Beast Statue"],"picked":"Velvet Choker"}],"items_purged_floors":[4,13,39],"is_endless":false,"potions_floor_spawned":[5,14,16,28,29,30,33,36,40,45,47],"killed_by":"Awakened One","ascension_level":0}