{"gold_per_floor":[119,119,119,119,44,101,101,134,134,166,23,173,187,198,198,198],"floor_reached":16,"playtime":271,"items_purged":["Defend_R","Strike_R"],"score":332,"play_id":"8b6e3004-0d34-48a9-adf5-a49e8e9f6094","local_time":"20190413201850","is_ascension_mode":true,"campfire_choices":[{"floor":7,"key":"REST"},{"data":"Bash","floor":15,"key":"SMITH"}],"neow_cost":"NONE","seed_source_timestamp":284577927557100,"circlet_count":0,"master_deck":["AscendersBane","Strike_R","Strike_R","Strike_R+1","Defend_R","Defend_R","Defend_R","Bash+1","Sword Boomerang+1","Shrug It Off","Twin Strike","Inflame","Doubt"],"relics":["Burning Blood","NeowsBlessing","Pear","Tiny Chest","Blue Candle","Gremlin Horn","Bronze Scales"],"potions_floor_usage":[10,16,16],"damage_taken":[{"damage":0,"enemies":"Small Slimes","floor":1,"turns":1},{"damage":0,"enemies":"Lagavulin","floor":6,"turns":1},{"damage":0,"enemies":"3 Sentries","floor":8,"turns":2},{"damage":32,"enemies":"Gremlin Nob","floor":10,"turns":4},{"damage":0,"enemies":"2 Louse","floor":13,"turns":2},{"damage":13,"enemies":"Jaw Worm","floor":14,"turns":2},{"damage":36,"enemies":"Hexaghost","floor":16,"turns":7}],"seed_played":"7029745899430471433","potions_obtained":[{"floor":6,"key":"EssenceOfSteel"},{"floor":8,"key":"Energy Potion"},{"floor":14,"key":"GamblersBrew"}],"is_trial":false,"path_per_floor":["M","?","?","?","$","E","R","E","T","E","$","?","M","M","R","B"],"character_chosen":"IRONCLAD","items_purchased":["Inflame"],"campfire_rested":1,"item_purchase_floors":[11],"current_hp_per_floor":[74,58,51,25,25,31,56,62,62,36,36,36,42,35,35,0],"gold":198,"neow_bonus":"THREE_ENEMY_KILL","is_prod":false,"is_daily":false,"chose_seed":false,"campfire_upgraded":1,"win_rate":0,"timestamp":1555179530,"path_taken":["M","?","?","?","?","E","R","E","T","E","$","?","?","M","R","BOSS"],"build_version":"2019-04-04","purchased_purges":2,"victory":false,"max_hp_per_floor":[75,85,85,85,85,85,85,85,85,85,85,85,85,85,85,85],"card_choices":[{"not_picked":["Clash","Dropkick"],"picked":"Sword Boomerang","floor":1},{"not_picked":["Disarm","Havoc"],"picked":"Shrug It Off","floor":6},{"not_picked":["Thunderclap","Power Through"],"picked":"Twin Strike","floor":8},{"not_picked":["Wild Strike","Flex","Thunderclap"],"picked":"SKIP","floor":10},{"not_picked":["Twin Strike","True Grit","Carnage"],"picked":"SKIP","floor":13},{"not_picked":["Twin Strike","True Grit","Carnage"],"picked":"SKIP","floor":13},{"not_picked":["Rage","Warcry","Iron Wave"],"picked":"SKIP","floor":14}],"player_experience":1380535,"relics_obtained":[{"floor":6,"key":"Tiny Chest"},{"floor":8,"key":"Blue Candle"},{"floor":9,"key":"Gremlin Horn"},{"floor":10,"key":"Bronze Scales"}],"event_choices":[{"damage_healed":0,"gold_gain":0,"player_choice":"Success","damage_taken":26,"relics_obtained":["Pear"],"max_hp_gain":0,"max_hp_loss":0,"event_name":"Scrap Ooze","floor":2,"gold_loss":0},{"cards_removed":["Strike_R"],"damage_healed":0,"gold_gain":0,"player_choice":"Card Removal","damage_taken":7,"max_hp_gain":0,"max_hp_loss":0,"event_name":"Golden Wing","floor":3,"gold_loss":0},{"damage_healed":0,"gold_gain":0,"player_choice":"Entered Light","damage_taken":26,"max_hp_gain":0,"max_hp_loss":0,"event_name":"Shining Light","floor":4,"gold_loss":0,"cards_upgraded":["Sword Boomerang","Strike_R"]},{"damage_healed":0,"gold_gain":150,"player_choice":"AGREE","damage_taken":0,"max_hp_gain":0,"max_hp_loss":0,"event_name":"Liars Game","floor":12,"gold_loss":0,"cards_obtained":["Doubt"]}],"is_beta":true,"boss_relics":[],"items_purged_floors":[5,11],"is_endless":false,"potions_floor_spawned":[6,8,14],"killed_by":"Hexaghost","ascension_level":20}