{"gold_per_floor":[109,109,109,56,76,76,94,105,105,105,116,148,148,148,148,227,227,245,276,201,23,42,68,68,68,140,140,153,153,178,188,188,266,266,281,293,293,172,172,172,183,183,208,243,23,23],"floor_reached":46,"playtime":975,"items_purged":["Pain","Defend_R"],"score":1043,"play_id":"6597b06b-72ea-4fa4-87a2-c2c74a673a6d","local_time":"20190328012242","is_ascension_mode":true,"campfire_choices":[{"data":"Bash","floor":6,"key":"SMITH"},{"data":"Immolate","floor":10,"key":"SMITH"},{"data":"Heavy Blade","floor":13,"key":"SMITH"},{"data":"Sword Boomerang","floor":15,"key":"SMITH"},{"data":"Limit Break","floor":27,"key":"SMITH"},{"data":"Inflame","floor":29,"key":"SMITH"},{"floor":32,"key":"REST"},{"floor":40,"key":"RECALL"},{"data":"Demon Form","floor":42,"key":"SMITH"}],"neow_cost":"TEN_PERCENT_HP_LOSS","seed_source_timestamp":608293682117100,"circlet_count":0,"master_deck":["AscendersBane","Strike_R","Strike_R","Strike_R","Strike_R","Strike_R+1","Defend_R+1","Defend_R+1","Defend_R","Bash+1","Shrug It Off+1","Sword Boomerang+1","Heavy Blade+1","Immolate+1","Limit Break+1","Pummel","Inflame+1","Writhe","Shrug It Off","Shrug It Off","Demon Form+1","Shrug It Off"],"relics":["Burning Blood","Du-Vu Doll","Mercury Hourglass","Question Card","WarpedTongs","Velvet Choker","Red Mask","Strawberry","MutagenicStrength","Centennial Puzzle","Paper Frog","Juzu Bracelet","Sozu","Thread and Needle","Bag of Preparation","Nunchaku","War Paint"],"potions_floor_usage":[19,22,30,33],"damage_taken":[{"damage":4,"enemies":"Jaw Worm","floor":1,"turns":4},{"damage":0,"enemies":"Small Slimes","floor":5,"turns":3},{"damage":0,"enemies":"2 Louse","floor":7,"turns":2},{"damage":2,"enemies":"Red Slaver","floor":8,"turns":3},{"damage":8,"enemies":"Exordium Thugs","floor":11,"turns":3},{"damage":8,"enemies":"Gremlin Nob","floor":12,"turns":3},{"damage":39,"enemies":"Slime Boss","floor":16,"turns":5},{"damage":14,"enemies":"Shell Parasite","floor":18,"turns":3},{"damage":5,"enemies":"Masked Bandits","floor":19,"turns":3},{"damage":1,"enemies":"3 Byrds","floor":22,"turns":2},{"damage":24,"enemies":"Slavers","floor":23,"turns":3},{"damage":2,"enemies":"Snake Plant","floor":28,"turns":2},{"damage":25,"enemies":"Gremlin Leader","floor":30,"turns":3},{"damage":0,"enemies":"3 Cultists","floor":31,"turns":2},{"damage":17,"enemies":"Collector","floor":33,"turns":5},{"damage":4,"enemies":"3 Darklings","floor":35,"turns":2},{"damage":0,"enemies":"3 Shapes","floor":36,"turns":2},{"damage":21,"enemies":"Jaw Worm Horde","floor":41,"turns":3},{"damage":42,"enemies":"Reptomancer","floor":44,"turns":4},{"damage":28,"enemies":"Nemesis","floor":46,"turns":2}],"seed_played":"-2382731482542653361","potions_obtained":[{"floor":1,"key":"LiquidBronze"},{"floor":8,"key":"Explosive Potion"},{"floor":23,"key":"Explosive Potion"},{"floor":28,"key":"SkillPotion"}],"is_trial":false,"path_per_floor":["M","?","?","$","M","R","M","M","T","R","M","E","R","?","R","B",null,"M","?","$","$","M","E","?","?","T","R","M","R","E","M","R","B",null,"M","M","?","?","?","R","M","R","T","E","$","E"],"character_chosen":"IRONCLAD","items_purchased":["Shrug It Off","Inflame","War Paint","Shrug It Off"],"campfire_rested":1,"item_purchase_floors":[4,21,45,45],"current_hp_per_floor":[68,63,43,43,49,49,55,59,59,59,57,55,55,55,55,22,57,49,50,50,50,55,44,44,44,44,44,48,48,29,35,57,46,68,70,75,64,64,64,64,49,49,49,13,13,0],"gold":23,"neow_bonus":"ONE_RARE_RELIC","is_prod":false,"is_daily":false,"chose_seed":false,"campfire_upgraded":7,"win_rate":0,"timestamp":1553732562,"path_taken":["M","?","?","?","M","R","M","M","T","R","M","E","R","?","R","BOSS","M","?","?","$","M","E","?","?","T","R","M","R","E","M","R","BOSS","M","M","?","?","?","R","M","R","T","E","$","E"],"build_version":"2019-03-15","purchased_purges":2,"victory":false,"max_hp_per_floor":[68,68,68,68,68,68,68,68,68,68,68,68,68,68,68,68,68,68,68,68,68,68,75,75,75,75,75,75,75,75,75,75,75,75,75,75,75,75,75,75,75,75,75,75,75,75],"card_choices":[{"not_picked":["Blood for Blood","Disarm","Carnage"],"picked":"SKIP","floor":1},{"not_picked":["Havoc","Battle Trance"],"picked":"Sword Boomerang","floor":5},{"not_picked":["Cleave","Burning Pact"],"picked":"Heavy Blade","floor":7},{"not_picked":["Sword Boomerang","Body Slam"],"picked":"Immolate","floor":8},{"not_picked":["Headbutt","Seeing Red","Power Through"],"picked":"SKIP","floor":11},{"not_picked":["Spot Weakness","Iron Wave","Cleave"],"picked":"SKIP","floor":12},{"not_picked":["Immolate","Fiend Fire","Barricade"],"picked":"Limit Break","floor":16},{"not_picked":["Heavy Blade+1","Anger","Clothesline","Warcry"],"picked":"SKIP","floor":18},{"not_picked":["Combust","Body Slam","Cleave"],"picked":"Pummel","floor":19},{"not_picked":["Fire Breathing","Anger","Seeing Red","Disarm+1"],"picked":"SKIP","floor":22},{"not_picked":["Cleave","Sword Boomerang","Searing Blow","Ghostly Armor"],"picked":"SKIP","floor":23},{"not_picked":["Pommel Strike","Rage","Clothesline"],"picked":"Shrug It Off","floor":28},{"not_picked":["Twin Strike","Fire Breathing","Havoc"],"picked":"Shrug It Off","floor":30},{"not_picked":["Exhume","Flex+1","Shrug It Off","Anger"],"picked":"SKIP","floor":31},{"not_picked":["Limit Break","Brutality","Offering"],"picked":"Demon Form","floor":33},{"not_picked":["Flex","Dual Wield","Havoc","Blood for Blood"],"picked":"SKIP","floor":35},{"not_picked":["Clash","Thunderclap","Headbutt","Wild Strike"],"picked":"SKIP","floor":36},{"not_picked":["Dropkick","Clothesline","Spot Weakness","Anger"],"picked":"SKIP","floor":41},{"not_picked":["Anger+1","Immolate","Headbutt+1","Clothesline"],"picked":"SKIP","floor":44}],"player_experience":1294467,"relics_obtained":[{"floor":12,"key":"Question Card"},{"floor":19,"key":"Red Mask"},{"floor":23,"key":"Strawberry"},{"floor":26,"key":"Paper Frog"},{"floor":30,"key":"Juzu Bracelet"},{"floor":43,"key":"Bag of Preparation"},{"floor":44,"key":"Nunchaku"}],"event_choices":[{"damage_healed":0,"gold_gain":0,"player_choice":"Success","damage_taken":5,"relics_obtained":["Mercury Hourglass"],"max_hp_gain":0,"max_hp_loss":0,"event_name":"Scrap Ooze","floor":2,"gold_loss":0},{"damage_healed":0,"gold_gain":0,"player_choice":"Entered Light","damage_taken":20,"max_hp_gain":0,"max_hp_loss":0,"event_name":"Shining Light","floor":3,"gold_loss":0,"cards_upgraded":["Defend_R","Strike_R"]},{"damage_healed":0,"gold_gain":0,"player_choice":"Rummage","damage_taken":0,"relics_obtained":["WarpedTongs"],"max_hp_gain":0,"max_hp_loss":0,"event_name":"Accursed Blacksmith","floor":14,"gold_loss":0,"cards_obtained":["Pain"]},{"damage_healed":0,"gold_gain":0,"player_choice":"Fought Bandits","damage_taken":0,"max_hp_gain":0,"max_hp_loss":0,"event_name":"Masked Bandits","floor":19,"gold_loss":0},{"damage_healed":0,"gold_gain":0,"player_choice":"Inject Mutagens","damage_taken":0,"relics_obtained":["MutagenicStrength"],"max_hp_gain":0,"max_hp_loss":0,"event_name":"Drug Dealer","floor":24,"gold_loss":0},{"damage_healed":0,"gold_gain":0,"player_choice":"Opened","damage_taken":0,"relics_obtained":["Centennial Puzzle"],"max_hp_gain":0,"max_hp_loss":0,"event_name":"The Mausoleum","floor":25,"gold_loss":0,"cards_obtained":["Writhe"]},{"damage_healed":0,"gold_gain":0,"player_choice":"Damaged","damage_taken":11,"max_hp_gain":0,"max_hp_loss":0,"event_name":"Wheel of Change","floor":37,"gold_loss":0},{"damage_healed":0,"gold_gain":0,"player_choice":"Paid Gold","damage_taken":0,"relics_obtained":["Thread and Needle"],"max_hp_gain":0,"max_hp_loss":0,"event_name":"WeMeetAgain","floor":38,"gold_loss":121},{"damage_healed":0,"gold_gain":0,"player_choice":"Memory 1","damage_taken":0,"max_hp_gain":0,"max_hp_loss":0,"event_name":"SensoryStone","floor":39,"gold_loss":0}],"is_beta":true,"boss_relics":[{"not_picked":["Mark of Pain","Black Blood"],"picked":"Velvet Choker"},{"not_picked":["Coffee Dripper","Philosopher\u0027s Stone"],"picked":"Sozu"}],"items_purged_floors":[20,21],"is_endless":false,"potions_floor_spawned":[1,8,18,23,28,41],"killed_by":"Nemesis","ascension_level":20}