{"gold_per_floor":[115,115,115,115,115,115,140,140,140,10,10,10,10,29,29,29],"floor_reached":16,"playtime":284,"items_purged":[],"score":172,"play_id":"a43bc38c-46a6-4da4-92a0-4e37daa6281a","local_time":"20190331185354","is_ascension_mode":true,"campfire_choices":[{"data":"Bash","floor":6,"key":"SMITH"},{"floor":11,"key":"REST"},{"data":"Strike_R","floor":13,"key":"SMITH"},{"data":"Defend_R","floor":15,"key":"SMITH"}],"neow_cost":"PERCENT_DAMAGE","seed_source_timestamp":927674751111500,"circlet_count":0,"master_deck":["AscendersBane","Strike_R","Strike_R","Strike_R","Strike_R","Strike_R+1","Defend_R","Defend_R","Defend_R","Defend_R+1","Bash+1"],"relics":["Burning Blood","Lantern","Golden Idol","PreservedInsect","The Courier","Regal Pillow"],"potions_floor_usage":[16],"damage_taken":[{"damage":7,"enemies":"Cultist","floor":1,"turns":4},{"damage":7,"enemies":"2 Louse","floor":7,"turns":2},{"damage":5,"enemies":"Small Slimes","floor":14,"turns":4},{"damage":99,"enemies":"The Guardian","floor":16,"turns":13}],"seed_played":"-4383247903084648498","potions_obtained":[{"floor":1,"key":"Swift Potion"}],"is_trial":false,"path_per_floor":["M","T","?","?","T","R","M","?","T","$","R","$","R","M","R","B"],"character_chosen":"IRONCLAD","items_purchased":["Regal Pillow"],"campfire_rested":1,"item_purchase_floors":[10],"current_hp_per_floor":[63,63,63,32,32,32,31,24,24,24,65,65,65,66,66,0],"gold":29,"neow_bonus":"TWENTY_PERCENT_HP_BONUS","is_prod":false,"is_daily":false,"chose_seed":false,"campfire_upgraded":3,"win_rate":0,"timestamp":1554051234,"path_taken":["M","?","?","?","?","R","?","?","T","$","R","$","R","M","R","BOSS"],"build_version":"2019-03-15","purchased_purges":0,"victory":false,"max_hp_per_floor":[89,89,89,89,89,89,89,89,89,89,89,89,89,89,89,89],"card_choices":[{"not_picked":["Seeing Red","Body Slam","Clash"],"picked":"SKIP","floor":1},{"not_picked":["Armaments","Iron Wave","Whirlwind"],"picked":"SKIP","floor":7},{"not_picked":["Headbutt","Second Wind","True Grit"],"picked":"SKIP","floor":14}],"player_experience":1310990,"relics_obtained":[{"floor":5,"key":"PreservedInsect"},{"floor":9,"key":"The Courier"}],"event_choices":[{"damage_healed":0,"gold_gain":0,"player_choice":"Box","damage_taken":0,"relics_obtained":["Lantern"],"max_hp_gain":0,"max_hp_loss":0,"event_name":"Big Fish","floor":3,"gold_loss":0,"cards_obtained":["Regret"]},{"damage_healed":0,"gold_gain":0,"player_choice":"Take Damage","damage_taken":31,"relics_obtained":["Golden Idol"],"max_hp_gain":0,"max_hp_loss":0,"event_name":"Golden Idol","floor":4,"gold_loss":0},{"cards_removed":["Regret"],"damage_healed":0,"gold_gain":0,"player_choice":"Card Removal","damage_taken":7,"max_hp_gain":0,"max_hp_loss":0,"event_name":"Golden Wing","floor":8,"gold_loss":0}],"is_beta":true,"boss_relics":[],"items_purged_floors":[],"is_endless":false,"potions_floor_spawned":[1],"killed_by":"The Guardian","ascension_level":20}