{"gold_per_floor":[118,130,150,66,66,66,78,78,127,140,65,65,82,146,146,218,218,138,138,138,138,138,138,138,138,138,138,138,138,138,138,138,138],"floor_reached":33,"playtime":893,"items_purged":["Strike_R"],"score":502,"play_id":"d03ecff0-4d05-4794-880b-01789b8eef5a","local_time":"20190407000738","is_ascension_mode":true,"campfire_choices":[{"data":"Bash","floor":6,"key":"SMITH"},{"floor":8,"key":"REST"},{"data":"Immolate","floor":12,"key":"SMITH"},{"data":"Flame Barrier","floor":15,"key":"SMITH"},{"data":"Double Tap","floor":23,"key":"SMITH"},{"floor":28,"key":"REST"},{"floor":32,"key":"REST"}],"neow_cost":"CURSE","seed_source_timestamp":108019532029900,"circlet_count":0,"master_deck":["AscendersBane","Strike_R","Strike_R","Strike_R","Strike_R","Defend_R","Defend_R","Defend_R","Defend_R","Bash+1","Sword Boomerang","Immolate+1","Flame Barrier+1","Pummel","Double Tap+1","Heavy Blade","Shrug It Off","Writhe","Impervious"],"relics":["Burning Blood","Ice Cream","Regal Pillow","Tiny Chest","Ectoplasm","Red Mask","Happy Flower","Question Card","Mercury Hourglass","Calipers","The Courier"],"potions_floor_usage":[14,16,19,29,31,33,33],"damage_taken":[{"damage":11,"enemies":"2 Louse","floor":1,"turns":4},{"damage":14,"enemies":"Jaw Worm","floor":2,"turns":5},{"damage":8,"enemies":"Cultist","floor":3,"turns":4},{"damage":11,"enemies":"Blue Slaver","floor":7,"turns":3},{"damage":11,"enemies":"Looter","floor":10,"turns":4},{"damage":15,"enemies":"Exordium Wildlife","floor":13,"turns":2},{"damage":15,"enemies":"Lagavulin","floor":14,"turns":6},{"damage":27,"enemies":"The Guardian","floor":16,"turns":9},{"damage":18,"enemies":"2 Thieves","floor":18,"turns":3},{"damage":2,"enemies":"Masked Bandits","floor":19,"turns":2},{"damage":11,"enemies":"Spheric Guardian","floor":21,"turns":4},{"damage":0,"enemies":"3 Cultists","floor":22,"turns":1},{"damage":33,"enemies":"Chosen and Byrds","floor":24,"turns":5},{"damage":11,"enemies":"Centurion and Healer","floor":25,"turns":5},{"damage":9,"enemies":"Colosseum Slavers","floor":29,"turns":3},{"damage":30,"enemies":"Colosseum Nobs","floor":29,"turns":4},{"damage":13,"enemies":"Snake Plant","floor":30,"turns":2},{"damage":38,"enemies":"Shelled Parasite and Fungi","floor":31,"turns":5},{"damage":44,"enemies":"Collector","floor":33,"turns":7}],"seed_played":"-4081634257035305888","potions_obtained":[{"floor":2,"key":"Poison Potion"},{"floor":10,"key":"BloodPotion"},{"floor":13,"key":"Strength Potion"},{"floor":16,"key":"Weak Potion"},{"floor":18,"key":"Explosive Potion"},{"floor":24,"key":"EssenceOfSteel"},{"floor":30,"key":"Regen Potion"},{"floor":31,"key":"Block Potion"}],"is_trial":false,"path_per_floor":["M","M","M","$","?","R","M","R","T","M","$","R","M","E","R","B",null,"M","?","T","M","M","R","M","M","T","?","R","?","M","M","R","B"],"character_chosen":"IRONCLAD","items_purchased":["Immolate"],"campfire_rested":3,"item_purchase_floors":[4],"current_hp_per_floor":[63,55,53,53,46,46,41,63,63,58,58,58,49,47,47,26,63,51,55,55,50,56,56,29,24,24,24,61,34,27,9,46,2],"gold":138,"neow_bonus":"ONE_RARE_RELIC","is_prod":false,"is_daily":false,"chose_seed":false,"campfire_upgraded":4,"win_rate":0,"timestamp":1554588458,"path_taken":["M","M","M","$","?","R","M","R","T","M","$","R","M","E","R","BOSS","M","?","?","?","M","R","M","M","T","?","R","?","M","M","R","BOSS"],"build_version":"2019-04-04","purchased_purges":1,"victory":false,"max_hp_per_floor":[75,75,75,75,75,75,75,75,75,75,75,75,75,75,75,75,75,75,75,75,75,75,75,75,75,75,75,75,75,75,75,75,75],"card_choices":[{"not_picked":["True Grit","Uppercut"],"picked":"Sword Boomerang","floor":1},{"not_picked":["Iron Wave","Carnage","Anger"],"picked":"SKIP","floor":2},{"not_picked":["Flex","Ghostly Armor","Wild Strike"],"picked":"SKIP","floor":3},{"not_picked":["Metallicize","Wild Strike","Seeing Red"],"picked":"SKIP","floor":7},{"not_picked":["Clash","True Grit","Wild Strike"],"picked":"SKIP","floor":10},{"not_picked":["Anger","Shrug It Off"],"picked":"Flame Barrier","floor":13},{"not_picked":["Clothesline","Thunderclap"],"picked":"Pummel","floor":14},{"not_picked":["Berserk","Bludgeon"],"picked":"Double Tap","floor":16},{"not_picked":["Power Through+1","Thunderclap","Anger"],"picked":"SKIP","floor":18},{"not_picked":["Reckless Charge+1","Wild Strike"],"picked":"Heavy Blade","floor":21},{"not_picked":["Rage","Warcry","True Grit"],"picked":"SKIP","floor":22},{"not_picked":["Searing Blow","Armaments"],"picked":"Shrug It Off","floor":24},{"not_picked":["Warcry","Clothesline","Wild Strike"],"picked":"SKIP","floor":25},{"not_picked":["Shrug It Off","True Grit","Armaments+1"],"picked":"Impervious","floor":29},{"not_picked":["Body Slam","Perfected Strike+1","Armaments","Intimidate"],"picked":"SKIP","floor":30},{"not_picked":["Thunderclap","Flex","Armaments","Shockwave"],"picked":"SKIP","floor":31}],"player_experience":1340365,"relics_obtained":[{"floor":9,"key":"Regal Pillow"},{"floor":14,"key":"Tiny Chest"},{"floor":19,"key":"Red Mask"},{"floor":20,"key":"Happy Flower"},{"floor":26,"key":"Question Card"},{"floor":29,"key":"Calipers"},{"floor":29,"key":"The Courier"}],"event_choices":[{"cards_removed":["Regret"],"damage_healed":0,"gold_gain":0,"player_choice":"Card Removal","damage_taken":7,"max_hp_gain":0,"max_hp_loss":0,"event_name":"Golden Wing","floor":5,"gold_loss":0},{"damage_healed":0,"gold_gain":0,"player_choice":"Fought Bandits","damage_taken":0,"max_hp_gain":0,"max_hp_loss":0,"event_name":"Masked Bandits","floor":19,"gold_loss":0},{"damage_healed":0,"gold_gain":0,"player_choice":"Opened","damage_taken":0,"relics_obtained":["Mercury Hourglass"],"max_hp_gain":0,"max_hp_loss":0,"event_name":"The Mausoleum","floor":27,"gold_loss":0,"cards_obtained":["Writhe"]},{"damage_healed":0,"gold_gain":0,"player_choice":"Fight","damage_taken":0,"max_hp_gain":0,"max_hp_loss":0,"event_name":"Colosseum","floor":29,"gold_loss":0},{"damage_healed":0,"gold_gain":0,"player_choice":"Fought Nobs","damage_taken":0,"max_hp_gain":0,"max_hp_loss":0,"event_name":"Colosseum","floor":29,"gold_loss":0}],"is_beta":true,"boss_relics":[{"not_picked":["Empty Cage","Tiny House"],"picked":"Ectoplasm"}],"items_purged_floors":[11],"is_endless":false,"potions_floor_spawned":[2,10,13,16,18,24,25,30,31],"killed_by":"Collector","ascension_level":20}