{"gold_per_floor":[110,110,120,120,70,70,96,96,96,96,110,145,157,157],"floor_reached":14,"playtime":218,"items_purged":[],"score":246,"play_id":"baa9863e-5818-43be-bf7f-a9fb12e573cf","local_time":"20190414011504","is_ascension_mode":true,"campfire_choices":[{"data":"Bash","floor":6,"key":"SMITH"},{"data":"Flame Barrier","floor":8,"key":"SMITH"}],"neow_cost":"NONE","seed_source_timestamp":302404691261600,"circlet_count":0,"master_deck":["AscendersBane","Strike_R","Strike_R","Strike_R","Strike_R+1","Strike_R","Defend_R+1","Defend_R","Defend_R+1","Bash+1","Shrug It Off+1","Shrug It Off","Flame Barrier+1","Pain","Sword Boomerang"],"relics":["Burning Blood","NeowsBlessing","War Paint","Torii","WarpedTongs"],"potions_floor_usage":[],"damage_taken":[{"damage":0,"enemies":"Cultist","floor":1,"turns":1},{"damage":0,"enemies":"Jaw Worm","floor":3,"turns":1},{"damage":0,"enemies":"3 Sentries","floor":7,"turns":2},{"damage":0,"enemies":"2 Louse","floor":11,"turns":2},{"damage":47,"enemies":"Gremlin Nob","floor":12,"turns":5},{"damage":6,"enemies":"Lots of Slimes","floor":13,"turns":5}],"seed_played":"5382277192145077009","potions_obtained":[{"floor":11,"key":"SpeedPotion"}],"is_trial":false,"path_per_floor":["M","?","M","?","$","R","E","R","T","?","M","E","M","?"],"character_chosen":"IRONCLAD","items_purchased":["Shrug It Off"],"campfire_rested":0,"item_purchase_floors":[5],"current_hp_per_floor":[74,67,73,50,50,50,56,56,56,56,62,21,21,21],"gold":157,"neow_bonus":"THREE_ENEMY_KILL","is_prod":false,"is_daily":false,"chose_seed":false,"campfire_upgraded":2,"win_rate":0,"timestamp":1555197304,"path_taken":["M","?","M","?","$","R","E","R","T","?","M","E","?","?"],"build_version":"2019-04-04","purchased_purges":0,"victory":false,"max_hp_per_floor":[75,75,75,75,75,75,75,75,75,75,75,75,75,75],"card_choices":[{"not_picked":["Clothesline","Headbutt","Cleave"],"picked":"SKIP","floor":1},{"not_picked":["Warcry","Infernal Blade"],"picked":"Shrug It Off","floor":3},{"not_picked":["Shrug It Off","Heavy Blade"],"picked":"Flame Barrier","floor":7},{"not_picked":["Headbutt","Perfected Strike","Iron Wave"],"picked":"SKIP","floor":11},{"not_picked":["Sentinel","Second Wind","Reckless Charge"],"picked":"SKIP","floor":12},{"not_picked":["Warcry","Cleave"],"picked":"Sword Boomerang","floor":13}],"player_experience":1383101,"relics_obtained":[{"floor":7,"key":"War Paint"},{"floor":9,"key":"Torii"}],"event_choices":[{"cards_removed":["Defend_R"],"damage_healed":0,"gold_gain":0,"player_choice":"Card Removal","damage_taken":7,"max_hp_gain":0,"max_hp_loss":0,"event_name":"Golden Wing","floor":2,"gold_loss":0},{"damage_healed":0,"gold_gain":0,"player_choice":"Entered Light","damage_taken":23,"max_hp_gain":0,"max_hp_loss":0,"event_name":"Shining Light","floor":4,"gold_loss":0,"cards_upgraded":["Strike_R","Shrug It Off"]},{"damage_healed":0,"gold_gain":0,"player_choice":"Rummage","damage_taken":0,"relics_obtained":["WarpedTongs"],"max_hp_gain":0,"max_hp_loss":0,"event_name":"Accursed Blacksmith","floor":10,"gold_loss":0,"cards_obtained":["Pain"]}],"is_beta":true,"boss_relics":[],"items_purged_floors":[],"is_endless":false,"potions_floor_spawned":[11],"ascension_level":20}