{"gold_per_floor":[114,133,58,58,75,75,102,102,129,129,160,160,176,196,196,196],"floor_reached":16,"playtime":393,"items_purged":["Defend_R"],"score":220,"play_id":"b22f4fa3-9439-4894-b95a-0f4a57d11988","local_time":"20190330191422","is_ascension_mode":true,"campfire_choices":[{"data":"Bash","floor":6,"key":"SMITH"},{"data":"Sword Boomerang","floor":8,"key":"SMITH"},{"floor":10,"key":"REST"},{"floor":12,"key":"REST"},{"floor":15,"key":"REST"}],"neow_cost":"NONE","seed_source_timestamp":845989974124800,"circlet_count":0,"master_deck":["AscendersBane","Strike_R+1","Strike_R+1","Strike_R","Strike_R","Defend_R","Defend_R","Defend_R","Bash+1","Sword Boomerang+1"],"relics":["Burning Blood","NeowsBlessing","Ancient Tea Set","Whetstone","Omamori"],"potions_floor_usage":[5,13,16,16],"damage_taken":[{"damage":0,"enemies":"Jaw Worm","floor":1,"turns":1},{"damage":0,"enemies":"Cultist","floor":2,"turns":1},{"damage":0,"enemies":"Small Slimes","floor":5,"turns":1},{"damage":37,"enemies":"Gremlin Nob","floor":7,"turns":4},{"damage":60,"enemies":"3 Sentries","floor":11,"turns":10},{"damage":12,"enemies":"Gremlin Gang","floor":13,"turns":4},{"damage":19,"enemies":"Exordium Thugs","floor":14,"turns":5},{"damage":47,"enemies":"Slime Boss","floor":16,"turns":8}],"seed_played":"-4037511907886051299","potions_obtained":[{"floor":2,"key":"Swift Potion"},{"floor":5,"key":"Fruit Juice"},{"floor":11,"key":"GamblersBrew"},{"floor":13,"key":"Poison Potion"}],"is_trial":false,"path_per_floor":["M","M","$","?","M","R","E","R","T","R","E","R","M","M","R","B"],"character_chosen":"IRONCLAD","items_purchased":[],"campfire_rested":3,"item_purchase_floors":[],"current_hp_per_floor":[74,75,75,75,80,80,49,49,49,73,19,43,37,24,48,1],"gold":196,"neow_bonus":"THREE_ENEMY_KILL","is_prod":false,"is_daily":false,"chose_seed":false,"campfire_upgraded":2,"win_rate":0,"timestamp":1553969662,"path_taken":["M","M","$","?","?","R","E","R","T","R","E","R","M","M","R","BOSS"],"build_version":"2019-03-15","purchased_purges":1,"victory":false,"max_hp_per_floor":[75,75,75,75,80,80,80,80,80,80,80,80,80,80,80,80],"card_choices":[{"not_picked":["Cleave","Dual Wield","Burning Pact"],"picked":"SKIP","floor":1},{"not_picked":["Infernal Blade","Fire Breathing"],"picked":"Sword Boomerang","floor":2},{"not_picked":["Sever Soul","Infernal Blade","Battle Trance"],"picked":"SKIP","floor":5},{"not_picked":["Clothesline","Sever Soul","Flex"],"picked":"SKIP","floor":7},{"not_picked":["Berserk","Power Through","Evolve"],"picked":"SKIP","floor":11},{"not_picked":["Sentinel","Second Wind","Whirlwind"],"picked":"SKIP","floor":13},{"not_picked":["Evolve","Anger","Hemokinesis"],"picked":"SKIP","floor":14}],"player_experience":1307263,"relics_obtained":[{"floor":7,"key":"Ancient Tea Set"},{"floor":9,"key":"Whetstone"},{"floor":11,"key":"Omamori"}],"event_choices":[{"cards_removed":["Strike_R"],"damage_healed":0,"gold_gain":0,"player_choice":"Card Removal","damage_taken":0,"max_hp_gain":0,"max_hp_loss":0,"event_name":"Wheel of Change","floor":4,"gold_loss":0}],"is_beta":true,"boss_relics":[],"items_purged_floors":[3],"is_endless":false,"potions_floor_spawned":[2,5,11,13],"killed_by":"Slime Boss","ascension_level":20}