{"gold_per_floor":[362,362,362,61,80,80,114,114,114,133,165,165,182,214,214,214],"floor_reached":16,"playtime":382,"items_purged":["Pain"],"score":236,"play_id":"c5ac1251-2b38-463d-a24d-dcfca33381dc","local_time":"20190324232731","is_ascension_mode":true,"campfire_choices":[{"floor":6,"key":"REST"},{"floor":8,"key":"REST"},{"floor":12,"key":"RECALL"},{"floor":15,"key":"REST"}],"neow_cost":"CURSE","seed_source_timestamp":342762605843100,"circlet_count":0,"master_deck":["AscendersBane","Strike_R","Strike_R","Strike_R","Strike_R+1","Strike_R","Defend_R","Defend_R","Defend_R","Defend_R","Bash+1","Clumsy","Pummel","Uppercut","Dropkick"],"relics":["Burning Blood","WarpedTongs","Tiny Chest","Bag of Preparation","Charon\u0027s Ashes","Potion Belt"],"potions_floor_usage":[13],"damage_taken":[{"damage":3,"enemies":"2 Louse","floor":1,"turns":4},{"damage":2,"enemies":"Jaw Worm","floor":5,"turns":3},{"damage":26,"enemies":"Gremlin Nob","floor":7,"turns":4},{"damage":6,"enemies":"Cultist","floor":10,"turns":3},{"damage":24,"enemies":"3 Sentries","floor":11,"turns":7},{"damage":0,"enemies":"Red Slaver","floor":13,"turns":4},{"damage":30,"enemies":"Gremlin Nob","floor":14,"turns":4},{"damage":66,"enemies":"Slime Boss","floor":16,"turns":7}],"seed_played":"-1500948297214557057","potions_obtained":[{"floor":1,"key":"Dexterity Potion"},{"floor":7,"key":"Block Potion"}],"is_trial":false,"path_per_floor":["M","?","?","$","M","R","E","R","T","M","E","R","M","E","R","B"],"character_chosen":"IRONCLAD","items_purchased":["Tiny Chest","Pummel"],"campfire_rested":3,"item_purchase_floors":[4,4],"current_hp_per_floor":[71,48,48,48,52,74,54,75,75,75,57,57,63,39,61,0],"gold":214,"neow_bonus":"TWO_FIFTY_GOLD","is_prod":false,"is_daily":false,"chose_seed":false,"campfire_upgraded":0,"win_rate":0,"timestamp":1553466451,"path_taken":["M","?","?","$","M","R","E","R","T","?","E","R","M","E","R","BOSS"],"build_version":"2019-03-15","purchased_purges":1,"victory":false,"max_hp_per_floor":[75,75,75,75,75,75,75,75,75,75,75,75,75,75,75,75],"card_choices":[{"not_picked":["Searing Blow","Pommel Strike","Whirlwind"],"picked":"SKIP","floor":1},{"not_picked":["Shrug It Off","Iron Wave"],"picked":"Uppercut","floor":5},{"not_picked":["Wild Strike","Rampage","Burning Pact"],"picked":"SKIP","floor":7},{"not_picked":["Warcry","True Grit"],"picked":"Dropkick","floor":10},{"not_picked":["Body Slam","Dropkick","Carnage"],"picked":"SKIP","floor":11},{"not_picked":["Seeing Red","Cleave","Searing Blow"],"picked":"SKIP","floor":13},{"not_picked":["Heavy Blade","Second Wind","Clash"],"picked":"SKIP","floor":14}],"player_experience":1277731,"relics_obtained":[{"floor":7,"key":"Bag of Preparation"},{"floor":11,"key":"Charon\u0027s Ashes"},{"floor":14,"key":"Potion Belt"}],"event_choices":[{"damage_healed":0,"gold_gain":0,"player_choice":"Entered Light","damage_taken":23,"max_hp_gain":0,"max_hp_loss":0,"event_name":"Shining Light","floor":2,"gold_loss":0,"cards_upgraded":["Bash","Strike_R"]},{"damage_healed":0,"gold_gain":0,"player_choice":"Rummage","damage_taken":0,"relics_obtained":["WarpedTongs"],"max_hp_gain":0,"max_hp_loss":0,"event_name":"Accursed Blacksmith","floor":3,"gold_loss":0,"cards_obtained":["Pain"]}],"is_beta":true,"boss_relics":[],"items_purged_floors":[4],"is_endless":false,"potions_floor_spawned":[1,7],"killed_by":"Slime Boss","ascension_level":20}