{"gold_per_floor":[118,293,243,243,260,287,297,329,329,329,329,349,359,389,389,485,485,502,519,519,444,461,461,461,487,517,141,161,177,177,191,191,191],"floor_reached":33,"playtime":1113,"items_purged":["Defend_R"],"score":337,"play_id":"2d58ac59-5405-4b18-8976-d0742d3a3304","local_time":"20190303212904","is_ascension_mode":false,"campfire_choices":[{"data":"Bash","floor":10,"key":"SMITH"},{"data":"Flame Barrier","floor":15,"key":"SMITH"},{"data":"Heavy Blade","floor":23,"key":"SMITH"},{"floor":32,"key":"REST"}],"neow_cost":"NONE","seed_source_timestamp":112099342518800,"circlet_count":0,"master_deck":["Defend_R","Bash+1","Shrug It Off","Flame Barrier+1","Limit Break","Heavy Blade+1","Bite","Bite","Bite","Bite","Bite","Feed","Shrug It Off"],"relics":["Burning Blood","NeowsBlessing","Whetstone","Regal Pillow","Happy Flower","Oddly Smooth Stone","Black Star","Meat on the Bone","Mango","Tiny Chest","Gremlin Horn","Nloth\u0027s Gift"],"potions_floor_usage":[16,18,25,25],"damage_taken":[{"damage":0,"enemies":"Small Slimes","floor":1,"turns":1},{"damage":0,"enemies":"Jaw Worm","floor":5,"turns":1},{"damage":0,"enemies":"Lagavulin","floor":6,"turns":1},{"damage":2,"enemies":"2 Louse","floor":7,"turns":3},{"damage":27,"enemies":"Gremlin Nob","floor":8,"turns":4},{"damage":2,"enemies":"Exordium Thugs","floor":12,"turns":4},{"damage":0,"enemies":"2 Fungi Beasts","floor":13,"turns":3},{"damage":23,"enemies":"3 Sentries","floor":14,"turns":9},{"damage":49,"enemies":"Hexaghost","floor":16,"turns":10},{"damage":12,"enemies":"Spheric Guardian","floor":18,"turns":4},{"damage":0,"enemies":"3 Byrds","floor":19,"turns":3},{"damage":14,"enemies":"Centurion and Healer","floor":22,"turns":8},{"damage":43,"enemies":"Slavers","floor":25,"turns":6},{"damage":2,"enemies":"Shelled Parasite and Fungi","floor":28,"turns":12},{"damage":20,"enemies":"Snecko","floor":29,"turns":5},{"damage":53,"enemies":"Snake Plant","floor":31,"turns":6},{"damage":100,"enemies":"Automaton","floor":33,"turns":12}],"seed_played":"-845912679931423623","potions_obtained":[{"floor":5,"key":"Ancient Potion"},{"floor":7,"key":"Strength Potion"},{"floor":12,"key":"Weak Potion"},{"floor":16,"key":"Fire Potion"},{"floor":22,"key":"AttackPotion"}],"is_trial":false,"path_per_floor":["M","?","?","T","M","E","M","E","T","R","?","M","M","E","R","B",null,"M","M","?","?","M","R","?","E","T","$","M","M","?","M","R","B"],"character_chosen":"IRONCLAD","items_purchased":["Shrug It Off","Gremlin Horn"],"campfire_rested":1,"item_purchase_floors":[27,27],"current_hp_per_floor":[80,80,80,80,80,80,80,59,59,59,59,63,69,52,52,9,80,74,80,80,80,72,72,56,43,43,43,73,67,67,51,76,0],"gold":191,"neow_bonus":"THREE_ENEMY_KILL","is_prod":false,"is_daily":false,"chose_seed":false,"campfire_upgraded":3,"win_rate":0,"timestamp":1551644944,"path_taken":["M","?","?","?","M","E","M","E","T","R","?","?","M","E","R","BOSS","M","M","?","?","M","R","?","E","T","$","M","M","?","M","R","BOSS"],"build_version":"2019-02-06","purchased_purges":1,"victory":false,"max_hp_per_floor":[80,80,80,80,80,80,80,80,80,80,80,80,80,80,80,80,80,80,80,80,80,80,80,56,70,70,70,73,73,73,76,76,76],"card_choices":[{"not_picked":["Clash","Body Slam","True Grit"],"picked":"SKIP","floor":1},{"not_picked":["Body Slam","Havoc","Sword Boomerang"],"picked":"SKIP","floor":5},{"not_picked":["Feel No Pain","Flex"],"picked":"Shrug It Off","floor":6},{"not_picked":["Blood for Blood","Sentinel","Thunderclap"],"picked":"SKIP","floor":7},{"not_picked":["Body Slam","Anger","Pummel"],"picked":"SKIP","floor":8},{"not_picked":["Rupture","Headbutt","Heavy Blade"],"picked":"SKIP","floor":12},{"not_picked":["Havoc","Anger","Corruption"],"picked":"SKIP","floor":13},{"not_picked":["Fiend Fire","Clash"],"picked":"Flame Barrier","floor":14},{"not_picked":["Exhume","Impervious"],"picked":"Limit Break","floor":16},{"not_picked":["Anger","Feel No Pain+1","Iron Wave"],"picked":"SKIP","floor":18},{"not_picked":["Clothesline","True Grit","Burning Pact"],"picked":"SKIP","floor":19},{"not_picked":["Perfected Strike","Thunderclap","Feel No Pain+1"],"picked":"SKIP","floor":22},{"not_picked":["Shockwave","Clothesline"],"picked":"Feed","floor":25},{"not_picked":["Blood for Blood","Dropkick","Ghostly Armor"],"picked":"SKIP","floor":28},{"not_picked":["Blood for Blood","Dropkick","Ghostly Armor"],"picked":"SKIP","floor":28},{"not_picked":["Armaments","Flex","Havoc+1"],"picked":"SKIP","floor":29},{"not_picked":["Flex+1","Perfected Strike+1","Bloodletting"],"picked":"SKIP","floor":31}],"player_experience":1214021,"relics_obtained":[{"floor":4,"key":"Whetstone"},{"floor":6,"key":"Regal Pillow"},{"floor":8,"key":"Happy Flower"},{"floor":9,"key":"Anchor"},{"floor":14,"key":"Oddly Smooth Stone"},{"floor":25,"key":"Meat on the Bone"},{"floor":25,"key":"Mango"},{"floor":26,"key":"Tiny Chest"}],"event_choices":[{"damage_healed":0,"gold_gain":175,"player_choice":"AGREE","damage_taken":0,"max_hp_gain":0,"max_hp_loss":0,"event_name":"Liars Game","floor":2,"gold_loss":0,"cards_obtained":["Doubt"]},{"cards_removed":["Doubt"],"damage_healed":0,"gold_gain":0,"player_choice":"Card Removal","damage_taken":0,"max_hp_gain":0,"max_hp_loss":0,"event_name":"The Cleric","floor":3,"gold_loss":50},{"cards_removed":["Defend_R"],"damage_healed":0,"gold_gain":0,"player_choice":"Offered Basic","damage_taken":0,"max_hp_gain":0,"max_hp_loss":0,"event_name":"Bonfire Elementals","floor":11,"gold_loss":0},{"damage_healed":0,"gold_gain":0,"player_choice":"Read","damage_taken":0,"max_hp_gain":0,"max_hp_loss":0,"event_name":"The Library","floor":20,"gold_loss":0,"cards_obtained":["Heavy Blade"]},{"cards_removed":["Defend_R"],"damage_healed":0,"gold_gain":0,"player_choice":"Gave Gold","damage_taken":0,"max_hp_gain":0,"max_hp_loss":0,"event_name":"Beggar","floor":21,"gold_loss":75},{"damage_healed":0,"gold_gain":0,"player_choice":"Became a vampire","damage_taken":0,"max_hp_gain":0,"max_hp_loss":24,"event_name":"Vampires","floor":24,"gold_loss":0,"cards_obtained":["Bite","Bite","Bite","Bite","Bite"]},{"damage_healed":0,"gold_gain":0,"player_choice":"Traded Relic","damage_taken":0,"relics_obtained":["Nloth\u0027s Gift"],"max_hp_gain":0,"max_hp_loss":0,"event_name":"N\u0027loth","floor":30,"relics_lost":["Anchor"],"gold_loss":0}],"is_beta":true,"boss_relics":[{"not_picked":["Ectoplasm","Pandora\u0027s Box"],"picked":"Black Star"}],"items_purged_floors":[27],"is_endless":false,"potions_floor_spawned":[5,7,12,16,22],"killed_by":"Automaton","ascension_level":0}