{"gold_per_floor":[16,166,166,185,200,200,215,215,269,269,7,22,78,96,96,175,175,190,203,214,194,208,208,208,208,208,228,228,60,60,70,70,145,145,165,165,178,178],"floor_reached":38,"playtime":1163,"items_purged":[],"score":737,"play_id":"23af8187-c3b4-45f0-a4ce-d4704fadc8f1","local_time":"20181018214626","is_ascension_mode":true,"campfire_choices":[{"data":"Havoc","floor":6.0,"key":"SMITH"},{"data":"Fiend Fire","floor":10.0,"key":"SMITH"},{"data":"Inflame","floor":15.0,"key":"SMITH"},{"floor":23.0,"key":"REST"},{"floor":25.0,"key":"REST"},{"data":"Demon Form","floor":32.0,"key":"SMITH"}],"neow_cost":"NO_GOLD","seed_source_timestamp":0,"circlet_count":0,"master_deck":["Strike_R","Strike_R","Strike_R","Strike_R","Strike_R","Defend_R","Defend_R","Defend_R","Defend_R+1","Bash","AscendersBane","Fiend Fire+1","Disarm","Flame Barrier","Havoc+1","Inflame+1","Cleave","Twin Strike","Demon Form+1","Pummel","Shockwave","Shrug It Off","Immolate","Power Through","Offering+1","Regret","Writhe","Injury","Pommel Strike+1"],"special_seed":0,"relics":["Burning Blood","Happy Flower","Paper Frog","Tiny Chest","White Beast Statue","MutagenicStrength","Dodecahedron","Calling Bell","Red Skull","Mercury Hourglass","WingedGreaves","War Paint"],"potions_floor_usage":[33,33,37,38],"damage_taken":[{"damage":2.0,"enemies":"Jaw Worm","floor":1.0,"turns":3.0},{"damage":5.0,"enemies":"2 Louse","floor":4.0,"turns":3.0},{"damage":10.0,"enemies":"Small Slimes","floor":5.0,"turns":4.0},{"damage":0.0,"enemies":"3 Louse","floor":7.0,"turns":4.0},{"damage":7.0,"enemies":"Red Slaver","floor":12.0,"turns":4.0},{"damage":27.0,"enemies":"Gremlin Nob","floor":13.0,"turns":4.0},{"damage":0.0,"enemies":"2 Fungi Beasts","floor":14.0,"turns":3.0},{"damage":18.0,"enemies":"Slime Boss","floor":16.0,"turns":6.0},{"damage":11.0,"enemies":"Spheric Guardian","floor":18.0,"turns":3.0},{"damage":13.0,"enemies":"3 Byrds","floor":19.0,"turns":3.0},{"damage":39.0,"enemies":"Snake Plant","floor":20.0,"turns":4.0},{"damage":18.0,"enemies":"Snecko","floor":22.0,"turns":5.0},{"damage":13.0,"enemies":"Centurion and Healer","floor":27.0,"turns":7.0},{"damage":2.0,"enemies":"Cultist and Chosen","floor":31.0,"turns":3.0},{"damage":67,"enemies":"Champ","floor":33,"turns":9},{"damage":22,"enemies":"Orb Walker","floor":35,"turns":4},{"damage":12,"enemies":"3 Shapes","floor":37,"turns":6},{"damage":51,"enemies":"Jaw Worm Horde","floor":38,"turns":2}],"seed_played":"-8232260952190305407","potions_obtained":[{"floor":1.0,"key":"EssenceOfSteel"},{"floor":5.0,"key":"EntropicBrew"},{"floor":14.0,"key":"FearPotion"},{"floor":18.0,"key":"LiquidBronze"},{"floor":19.0,"key":"Explosive Potion"},{"floor":20.0,"key":"Swift Potion"},{"floor":22.0,"key":"SkillPotion"},{"floor":27.0,"key":"Ancient Potion"},{"floor":31.0,"key":"Block Potion"},{"floor":33,"key":"Ancient Potion"},{"floor":35,"key":"GamblersBrew"},{"floor":37,"key":"SpeedPotion"}],"is_trial":false,"path_per_floor":["M","?","?","M","M","R","M","$","T","R","$","M","E","M","R","B",null,"M","M","M","?","M","R","?","R","T","M","?","$","?","M","R","B",null,"M","T","M"],"character_chosen":"IRONCLAD","items_purchased":["Paper Frog","Immolate"],"campfire_rested":2,"item_purchase_floors":[11,29],"current_hp_per_floor":[72,72,65,66,62,62,68,68,68,68,68,67,46,52,52,40,66,61,54,21,21,9,31,31,53,53,46,75,75,75,75,75,14,60,44,44,38,0],"gold":178,"neow_bonus":"THREE_RARE_CARDS","is_prod":false,"is_daily":false,"chose_seed":false,"campfire_upgraded":4,"win_rate":0,"timestamp":1539891986,"path_taken":["M","?","?","M","M","R","M","$","T","R","$","M","E","M","R","BOSS","M","M","M","?","M","R","?","R","T","M","?","$","?","M","R","BOSS","M","?","M","M"],"build_version":"2018-10-17v3","purchased_purges":0,"victory":false,"max_hp_per_floor":[75,75,75,75,75,75,75,75,75,75,75,75,75,75,75,75,75,75,75,75,75,75,75,75,75,75,75,75,75,75,75,75,75,75,75,75,75,75],"card_choices":[{"not_picked":["Limit Break","Bludgeon"],"picked":"Fiend Fire","floor":0.0},{"not_picked":["Headbutt","Thunderclap"],"picked":"Disarm","floor":1.0},{"not_picked":["Rampage","Searing Blow"],"picked":"Flame Barrier","floor":4.0},{"not_picked":["Rupture","Fire Breathing"],"picked":"Havoc","floor":5.0},{"not_picked":["Cleave","Warcry"],"picked":"Inflame","floor":7.0},{"not_picked":["Iron Wave","Evolve"],"picked":"Cleave","floor":12.0},{"not_picked":["Entrench","Sentinel","Hemokinesis"],"picked":"SKIP","floor":13.0},{"not_picked":["Entrench","Sentinel","Hemokinesis"],"picked":"SKIP","floor":13.0},{"not_picked":["Blood for Blood","Reckless Charge"],"picked":"Twin Strike","floor":14.0},{"not_picked":["Offering","Double Tap"],"picked":"Demon Form","floor":16.0},{"not_picked":["Iron Wave","Second Wind"],"picked":"Infernal Blade","floor":18.0},{"not_picked":["Rage","Flex"],"picked":"Pummel","floor":19.0},{"not_picked":["Anger","Havoc"],"picked":"Shockwave","floor":20.0},{"not_picked":["Iron Wave","Combust"],"picked":"Shrug It Off","floor":22.0},{"not_picked":["Havoc","Flex+1","True Grit"],"picked":"SKIP","floor":27.0},{"not_picked":["Havoc","Flex+1","True Grit"],"picked":"SKIP","floor":27.0},{"not_picked":["Second Wind","Pummel"],"picked":"Power Through","floor":31.0},{"not_picked":["Brutality","Barricade"],"picked":"Offering","floor":33},{"not_picked":["Clothesline","Flex+1","Sentinel"],"picked":"SKIP","floor":35},{"not_picked":["Clothesline","Flex+1","Sentinel"],"picked":"SKIP","floor":35},{"not_picked":["Body Slam","Iron Wave"],"picked":"Pommel Strike+1","floor":37}],"player_experience":838318,"relics_obtained":[{"floor":9.0,"key":"Happy Flower"},{"floor":13.0,"key":"Tiny Chest"},{"floor":26.0,"key":"Dodecahedron"},{"floor":34,"key":"Red Skull"},{"floor":34,"key":"Mercury Hourglass"},{"floor":34,"key":"WingedGreaves"},{"floor":36,"key":"War Paint"}],"event_choices":[{"damage_healed":0.0,"max_hp_gain":0.0,"max_hp_loss":0.0,"gold_gain":150.0,"event_name":"Liars Game","player_choice":"AGREE","floor":2.0,"gold_loss":0.0,"damage_taken":0.0,"cards_obtained":["Doubt"]},{"cards_removed":["Doubt"],"damage_healed":0.0,"max_hp_gain":0.0,"max_hp_loss":0.0,"gold_gain":0.0,"event_name":"Golden Wing","player_choice":"Card Removal","floor":3.0,"gold_loss":0.0,"damage_taken":7.0},{"damage_healed":0.0,"max_hp_gain":0.0,"max_hp_loss":0.0,"gold_gain":0.0,"event_name":"The Woman in Blue","player_choice":"Bought 1 Potion","floor":21.0,"gold_loss":0.0,"damage_taken":0.0},{"damage_healed":0.0,"max_hp_gain":0.0,"max_hp_loss":0.0,"gold_gain":0.0,"event_name":"Drug Dealer","player_choice":"Inject Mutagens","floor":24.0,"gold_loss":0.0,"damage_taken":0.0,"relics_obtained":["MutagenicStrength"]},{"cards_removed":["Infernal Blade"],"damage_healed":29.0,"max_hp_gain":0.0,"max_hp_loss":0.0,"gold_gain":0.0,"event_name":"Bonfire Elementals","player_choice":"Offered Uncommon","floor":28.0,"gold_loss":0.0,"damage_taken":0.0},{"damage_healed":0.0,"max_hp_gain":0.0,"max_hp_loss":0.0,"gold_gain":0.0,"event_name":"Beggar","player_choice":"Ignored","floor":30.0,"gold_loss":0.0,"damage_taken":0.0}],"is_beta":true,"boss_relics":[{"not_picked":["Runic Cube","Black Star"],"picked":"White Beast Statue"},{"not_picked":["Black Blood","Empty Cage"],"picked":"Calling Bell"}],"items_purged_floors":[],"is_endless":false,"potions_floor_spawned":[1,5,14,18,19,20,22,27,31,33,35,37],"killed_by":"Jaw Worm Horde","ascension_level":19}