{"gold_per_floor":[112,112,112,126,139,139,172,172,245,245,245,261,292,302,302,379,379,392,307,232,72,72,72,103,103,152,152,162,162,188,204,204,277,277,290,290,290,300,313,313,348,348,348,377,377,388,422,422,422,422,422],"floor_reached":51,"playtime":11209,"items_purged":[],"score":1483,"play_id":"d7142cd6-ee83-430a-b10d-4ce8f370143b","local_time":"20190426015216","is_ascension_mode":true,"campfire_choices":[{"floor":6.0,"key":"REST"},{"data":"Zap","floor":8.0,"key":"SMITH"},{"floor":11.0,"key":"REST"},{"data":"Go for the Eyes","floor":15.0,"key":"SMITH"},{"data":"Loop","floor":23.0,"key":"SMITH"},{"data":"Barrage","floor":25.0,"key":"SMITH"},{"floor":27.0,"key":"REST"},{"data":"Consume","floor":32.0,"key":"SMITH"},{"floor":40,"key":"REST"},{"floor":42,"key":"RECALL"},{"floor":45,"key":"REST"},{"floor":49,"key":"REST"}],"neow_cost":"NONE","seed_source_timestamp":615832530729827,"circlet_count":0,"master_deck":["AscendersBane","Strike_B","Strike_B","Defend_B","Defend_B","Defend_B","Defend_B","Zap+1","Dualcast","Ball Lightning","Barrage+1","Leap","Undo","Glacier","Go for the Eyes+1","Electrodynamics","Loop+1","Core Surge","BootSequence","Defragment","Conserve Battery","Electrodynamics","Consume+1","Fusion","Echo Form","Leap+1","Echo Form","Force Field+1","Conserve Battery+1","White Noise+1","Amplify","Hologram","Machine Learning","Hologram","Discovery","Impatience","Blind","Skim+1"],"special_seed":0,"relics":["Cracked Core","Regal Pillow","Centennial Puzzle","Meat on the Bone","Prayer Wheel","Inserter","Anchor","Strawberry","Juzu Bracelet","Blood Vial","Dream Catcher","Question Card","Lizard Tail","Art of War","The Courier","Cables"],"potions_floor_usage":[39],"damage_taken":[{"damage":12.0,"enemies":"Small Slimes","floor":1.0,"turns":3.0},{"damage":7.0,"enemies":"Jaw Worm","floor":4.0,"turns":3.0},{"damage":1.0,"enemies":"Cultist","floor":5.0,"turns":3.0},{"damage":32.0,"enemies":"Gremlin Nob","floor":7.0,"turns":4.0},{"damage":0.0,"enemies":"Exordium Thugs","floor":12.0,"turns":3.0},{"damage":18.0,"enemies":"Lagavulin","floor":13.0,"turns":7.0},{"damage":2.0,"enemies":"Large Slime","floor":14.0,"turns":4.0},{"damage":3.0,"enemies":"The Guardian","floor":16.0,"turns":13.0},{"damage":8.0,"enemies":"Spheric Guardian","floor":18.0,"turns":5.0},{"damage":32.0,"enemies":"Slavers","floor":24.0,"turns":3.0},{"damage":8.0,"enemies":"2 Thieves","floor":28.0,"turns":4.0},{"damage":39.0,"enemies":"Gremlin Leader","floor":30.0,"turns":5.0},{"damage":1.0,"enemies":"Snake Plant","floor":31.0,"turns":4.0},{"damage":8.0,"enemies":"Champ","floor":33.0,"turns":22.0},{"damage":7.0,"enemies":"3 Shapes","floor":35.0,"turns":5.0},{"damage":29.0,"enemies":"3 Darklings","floor":38.0,"turns":4.0},{"damage":69,"enemies":"Spire Growth","floor":39,"turns":6},{"damage":6,"enemies":"Nemesis","floor":41,"turns":9},{"damage":63,"enemies":"Giant Head","floor":44,"turns":15},{"damage":28,"enemies":"Transient","floor":46,"turns":6},{"damage":1,"enemies":"Nemesis","floor":47,"turns":7},{"damage":34,"enemies":"Donu and Deca","floor":50,"turns":9},{"damage":55,"enemies":"Awakened One","floor":51,"turns":5}],"seed_played":"5278711820965703346","potions_obtained":[{"floor":5.0,"key":"Fire Potion"},{"floor":7.0,"key":"Ancient Potion"},{"floor":10.0,"key":"FairyPotion"},{"floor":16.0,"key":"Poison Potion"},{"floor":24.0,"key":"GamblersBrew"},{"floor":31.0,"key":"Swift Potion"},{"floor":35.0,"key":"FearPotion"},{"floor":46,"key":"Ancient Potion"}],"is_trial":false,"path_per_floor":["M","?","?","M","M","R","E","R","T","?","R","M","E","M","R","B",null,"M","?","?","$","T","R","E","R","T","R","M","?","E","M","R","B",null,"M","$","?","M","M","R","E","R","T","E","R","M","E","?","R","B","B"],"character_chosen":"DEFECT","items_purchased":["Core Surge"],"campfire_rested":6,"item_purchase_floors":[21],"current_hp_per_floor":[52,45,45,38,37,71,39,39,39,39,71,71,53,51,51,48,65,57,57,57,57,64,64,44,44,44,78,70,70,45,46,46,40,69,64,64,64,49,33,71,67,67,67,18,56,42,43,33,71,51,0],"gold":422,"neow_bonus":"RANDOM_COMMON_RELIC","is_prod":false,"is_daily":false,"chose_seed":false,"campfire_upgraded":5,"win_rate":0,"timestamp":1556265136,"path_taken":["M","?","?","M","M","R","E","R","T","?","R","M","E","?","R","BOSS","M","?","?","?","?","R","E","R","T","R","M","?","E","M","R","BOSS","M","$","?","M","M","R","E","R","T","E","R","M","E","?","R","BOSS","BOSS"],"build_version":"2019-04-23","purchased_purges":0,"victory":false,"max_hp_per_floor":[71,71,71,71,71,71,71,71,71,71,71,71,71,71,71,71,71,71,71,71,71,78,78,78,78,78,78,78,78,78,78,78,78,78,78,78,78,78,78,78,78,78,78,78,78,78,78,78,78,78,78],"card_choices":[{"not_picked":["Beam Cell","Conserve Battery"],"picked":"Ball Lightning","floor":1.0},{"not_picked":["Chaos","FTL"],"picked":"Barrage","floor":4.0},{"not_picked":["Steam","Redo"],"picked":"Ball Lightning","floor":5.0},{"not_picked":["Gash","Redo"],"picked":"Leap","floor":7.0},{"not_picked":["Redo","Reboot"],"picked":"Undo","floor":12.0},{"not_picked":["Steam Power","Redo","Barrage"],"picked":"SKIP","floor":13.0},{"not_picked":["Consume","Hello World"],"picked":"Glacier","floor":14.0},{"not_picked":["Rebound","Ball Lightning"],"picked":"Go for the Eyes","floor":14.0},{"not_picked":["Buffer","Rainbow"],"picked":"Electrodynamics","floor":16.0},{"not_picked":["Gash+1","White Noise"],"picked":"Loop","floor":18.0},{"not_picked":["Rebound","Ball Lightning","Stack"],"picked":"SKIP","floor":18.0},{"not_picked":["Rebound","Cold Snap"],"picked":"BootSequence","floor":24.0},{"not_picked":["Self Repair","Hologram"],"picked":"Defragment","floor":28.0},{"not_picked":["Streamline","Leap"],"picked":"Conserve Battery","floor":28.0},{"not_picked":["Compile Driver","Rainbow"],"picked":"Electrodynamics","floor":30.0},{"not_picked":["Melter","Undo","Stack"],"picked":"Consume","floor":31.0},{"not_picked":["Coolheaded","Steam","Redo"],"picked":"Fusion","floor":31.0},{"not_picked":["Hyperbeam","Electrodynamics","Machine Learning"],"picked":"Echo Form","floor":33.0},{"not_picked":["Ball Lightning+1","Beam Cell","Streamline"],"picked":"Leap+1","floor":35.0},{"not_picked":["Chaos","Barrage","Turbo","Gash"],"picked":"SKIP","floor":35.0},{"not_picked":["Rebound+1","Beam Cell","Amplify"],"picked":"Force Field+1","floor":38.0},{"not_picked":["Steam","Recycle","Reprogram","Auto Shields"],"picked":"SKIP","floor":38.0},{"not_picked":["Tempest+1","Aggregate+1","Redo"],"picked":"Conserve Battery+1","floor":39},{"not_picked":["Compile Driver","Leap+1","Fusion","Sweeping Beam"],"picked":"SKIP","floor":39},{"not_picked":["Go for the Eyes","Gash","Beam Cell"],"picked":"White Noise+1","floor":40},{"not_picked":["Hologram","Reinforced Body","Darkness"],"picked":"Amplify","floor":41},{"not_picked":["Beam Cell","Leap+1","Redo"],"picked":"Hologram","floor":44},{"not_picked":["Go for the Eyes","Conserve Battery","Redo+1"],"picked":"Machine Learning","floor":46},{"not_picked":["Compile Driver","Melter","Auto Shields"],"picked":"Hologram","floor":46},{"not_picked":["Compile Driver+1","Gash+1","Rebound","Defragment"],"picked":"SKIP","floor":47},{"not_picked":["Secret Weapon","Impatience","The Bomb"],"picked":"Discovery","floor":48},{"not_picked":["Jack Of All Trades","Mayhem","Mind Blast"],"picked":"Impatience","floor":48},{"not_picked":["Good Instincts","Dramatic Entrance","Panacea"],"picked":"Blind","floor":48},{"not_picked":["Redo","Gash","Sweeping Beam+1"],"picked":"Skim+1","floor":49}],"player_experience":3073352,"relics_obtained":[{"floor":7.0,"key":"Centennial Puzzle"},{"floor":9.0,"key":"Meat on the Bone"},{"floor":13.0,"key":"Prayer Wheel"},{"floor":22.0,"key":"Strawberry"},{"floor":24.0,"key":"Juzu Bracelet"},{"floor":26.0,"key":"Blood Vial"},{"floor":30.0,"key":"Question Card"},{"floor":41,"key":"Art of War"},{"floor":44,"key":"The Courier"},{"floor":47,"key":"Cables"}],"event_choices":[{"cards_removed":["Strike_B"],"damage_healed":0.0,"max_hp_gain":0.0,"max_hp_loss":0.0,"gold_gain":0.0,"event_name":"Golden Wing","player_choice":"Card Removal","floor":2.0,"gold_loss":0.0,"damage_taken":7.0},{"damage_healed":0.0,"max_hp_gain":0.0,"max_hp_loss":0.0,"gold_gain":0.0,"event_name":"Liars Game","player_choice":"Ignored","floor":3.0,"gold_loss":0.0,"damage_taken":0.0},{"damage_healed":0.0,"max_hp_gain":0.0,"max_hp_loss":0.0,"gold_gain":0.0,"event_name":"Lab","player_choice":"Got Potions","floor":10.0,"gold_loss":0.0,"damage_taken":0.0},{"damage_healed":0.0,"max_hp_gain":0.0,"max_hp_loss":0.0,"gold_gain":0.0,"event_name":"Addict","player_choice":"Obtained Relic","floor":19.0,"gold_loss":85.0,"damage_taken":0.0,"relics_obtained":["Anchor"]},{"cards_removed":["Strike_B"],"damage_healed":0.0,"max_hp_gain":0.0,"max_hp_loss":0.0,"gold_gain":0.0,"event_name":"Beggar","player_choice":"Gave Gold","floor":20.0,"gold_loss":75.0,"damage_taken":0.0},{"cards_removed":["Ball Lightning"],"damage_healed":0.0,"max_hp_gain":0.0,"max_hp_loss":0.0,"gold_gain":0.0,"event_name":"WeMeetAgain","player_choice":"Gave Card","floor":29.0,"gold_loss":0.0,"damage_taken":0.0,"relics_obtained":["Dream Catcher"]},{"damage_healed":0.0,"max_hp_gain":0.0,"max_hp_loss":0.0,"gold_gain":0.0,"event_name":"Duplicator","player_choice":"Copied","floor":37.0,"gold_loss":0.0,"damage_taken":0.0,"cards_obtained":["Echo Form"]},{"damage_healed":0,"gold_gain":0,"player_choice":"Memory 3","damage_taken":10,"max_hp_gain":0,"max_hp_loss":0,"event_name":"SensoryStone","floor":48,"gold_loss":0}],"is_beta":true,"boss_relics":[{"not_picked":["Busted Crown","Calling Bell"],"picked":"Inserter"},{"not_picked":["Orrery","White Beast Statue"],"picked":"Lizard Tail"}],"items_purged_floors":[],"is_endless":false,"potions_floor_spawned":[5,7,13,16,24,30,31,35,46],"killed_by":"Awakened One","ascension_level":20}