{"gold_per_floor":[111,61,77,88,88,88,114,114,139,154,154,154,179,195,195,296,296,316,246,266,280,96,122,122,122],"floor_reached":25,"playtime":2042,"items_purged":["Strike_R"],"score":351,"play_id":"785f7505-6434-417d-9ea4-d5115cf4c33d","local_time":"20180803193509","is_ascension_mode":true,"campfire_choices":[{"data":"Carnage","floor":6,"key":"SMITH"},{"data":"Clothesline","floor":8,"key":"SMITH"},{"data":"Combust","floor":12,"key":"SMITH"},{"data":"Flame Barrier","floor":15,"key":"SMITH"}],"neow_cost":"TEN_PERCENT_HP_LOSS","seed_source_timestamp":0,"circlet_count":0,"master_deck":["Strike_R+1","Strike_R","Strike_R","Defend_R","Defend_R","Defend_R+1","Defend_R+1","Bash+1","Brutality","Clothesline+1","Carnage+1","Thunderclap","Combust+1","Flame Barrier+1","Pommel Strike","Brutality","Shrug It Off","Blood for Blood","Armaments+1","Blood for Blood","Inflame","Bloodletting","RitualDagger"],"relics":["Burning Blood","Omamori","Whetstone","Blue Candle","Philosopher\u0027s Stone","Magic Flower"],"potions_floor_usage":[16,21,23,23,25],"damage_taken":[{"damage":3,"enemies":"Cultist","floor":1,"turns":3},{"damage":9,"enemies":"Jaw Worm","floor":3,"turns":4},{"damage":5,"enemies":"Small Slimes","floor":4,"turns":3},{"damage":14,"enemies":"Gremlin Nob","floor":7,"turns":3},{"damage":2,"enemies":"Exordium Wildlife","floor":10,"turns":3},{"damage":15,"enemies":"3 Sentries","floor":13,"turns":5},{"damage":1,"enemies":"2 Fungi Beasts","floor":14,"turns":3},{"damage":6,"enemies":"Slime Boss","floor":16,"turns":5},{"damage":0,"enemies":"Chosen","floor":18,"turns":3},{"damage":19,"enemies":"Shell Parasite","floor":20,"turns":4},{"damage":25,"enemies":"Centurion and Healer","floor":21,"turns":5},{"damage":42,"enemies":"Slavers","floor":23,"turns":3},{"damage":7,"enemies":"Gremlin Leader","floor":25,"turns":2}],"seed_played":"1","potions_obtained":[{"floor":3,"key":"Ancient Potion"},{"floor":4,"key":"Explosive Potion"},{"floor":10,"key":"GamblersBrew"},{"floor":14,"key":"Poison Potion"},{"floor":20,"key":"BloodPotion"},{"floor":21,"key":"Block Potion"}],"is_trial":false,"path_per_floor":["M","?","M","M","?","R","E","R","T","M","?","R","E","M","R","B",null,"M","$","M","M","$","E","?"],"character_chosen":"IRONCLAD","items_purchased":["Blood for Blood","Blood for Blood","Inflame"],"campfire_rested":0,"item_purchase_floors":[19,22,22],"current_hp_per_floor":[72,72,69,70,56,56,48,48,48,52,52,52,43,48,48,48,66,72,72,59,47,47,11,5,0],"gold":122,"neow_bonus":"THREE_RARE_CARDS","is_prod":false,"is_daily":false,"chose_seed":true,"campfire_upgraded":4,"win_rate":0,"timestamp":1533350109,"path_taken":["M","?","M","M","?","R","E","R","T","M","?","R","E","M","R","BOSS","M","$","M","M","$","E","?","E"],"build_version":"2018-08-01","purchased_purges":1,"victory":false,"max_hp_per_floor":[72,72,72,72,72,72,72,72,72,72,72,72,72,72,72,72,72,72,72,72,72,72,72,72,72],"card_choices":[{"not_picked":["Reaper","Exhume"],"picked":"Brutality","floor":0},{"not_picked":["Body Slam","Dual Wield"],"picked":"Clothesline","floor":1},{"not_picked":["Evolve","Infernal Blade"],"picked":"Carnage","floor":3},{"not_picked":["Infernal Blade","Rage","Carnage"],"picked":"SKIP","floor":4},{"not_picked":["Fire Breathing","Ghostly Armor"],"picked":"Thunderclap","floor":7},{"not_picked":["Sentinel","Warcry"],"picked":"Combust","floor":10},{"not_picked":["Clash","Intimidate"],"picked":"Flame Barrier","floor":13},{"not_picked":["Power Through","Warcry"],"picked":"Pommel Strike","floor":14},{"not_picked":["Juggernaut","Dark Embrace"],"picked":"Brutality","floor":16},{"not_picked":["Feel No Pain","Sword Boomerang"],"picked":"Shrug It Off","floor":18},{"not_picked":["Iron Wave+1","Thunderclap+1"],"picked":"Armaments+1","floor":20},{"not_picked":["Clash","Dual Wield+1","Wild Strike"],"picked":"SKIP","floor":21},{"not_picked":["Heavy Blade","Sword Boomerang"],"picked":"Bloodletting","floor":23}],"player_experience":203798,"relics_obtained":[{"floor":7,"key":"Omamori"},{"floor":9,"key":"Whetstone"},{"floor":13,"key":"Blue Candle"},{"floor":23,"key":"Magic Flower"}],"event_choices":[{"event_name":"The Cleric","player_choice":"Card Removal","floor":2,"damage_taken":0},{"event_name":"Shining Light","player_choice":"Entered Light","floor":5,"damage_taken":0},{"event_name":"Liars Game","player_choice":"disagreed","floor":11,"damage_taken":0},{"event_name":"Nest","player_choice":"Joined the Cult","floor":24,"damage_taken":0}],"is_beta":true,"boss_relics":[{"not_picked":["White Beast Statue","Lizard Tail"],"picked":"Philosopher\u0027s Stone"}],"items_purged_floors":[22],"is_endless":false,"potions_floor_spawned":[3,4,10,13,14,20,21],"killed_by":"Gremlin Leader","ascension_level":5}