{"gold_per_floor":[118,131,148,148,223,254,254,278,278,322,322,366,366,385,385,513,513,528,528],"floor_reached":19,"playtime":780,"items_purged":[],"score":234,"play_id":"0a018041-933f-4cf3-822e-dab51ec102a1","local_time":"20180816101007","is_ascension_mode":true,"campfire_choices":[{"data":"Body Slam","floor":7.0,"key":"SMITH"},{"floor":11.0,"key":"REST"},{"data":"Armaments","floor":15.0,"key":"SMITH"}],"neow_cost":"NONE","seed_source_timestamp":0,"circlet_count":0,"master_deck":["Strike_R","Strike_R","Strike_R","Strike_R","Strike_R","Defend_R","Defend_R","Defend_R","Defend_R","Bash+1","Shrug It Off","Metallicize","Armaments+1","Body Slam+1","True Grit","Pommel Strike","Battle Trance","Demon Form"],"special_seed":0,"relics":["Burning Blood","Golden Idol","Pantograph","Gambling Chip","Magic Flower","Bag of Preparation","Shuriken","Lizard Tail"],"potions_floor_usage":[],"damage_taken":[{"damage":9.0,"enemies":"Jaw Worm","floor":1.0,"turns":3.0},{"damage":7.0,"enemies":"Small Slimes","floor":2.0,"turns":3.0},{"damage":1.0,"enemies":"2 Louse","floor":3.0,"turns":2.0},{"damage":39.0,"enemies":"Lagavulin","floor":6.0,"turns":7.0},{"damage":4.0,"enemies":"2 Fungi Beasts","floor":8.0,"turns":4.0},{"damage":26.0,"enemies":"Gremlin Nob","floor":10.0,"turns":5.0},{"damage":32.0,"enemies":"Lagavulin","floor":12.0,"turns":8.0},{"damage":3.0,"enemies":"Blue Slaver","floor":14.0,"turns":5.0},{"damage":29.0,"enemies":"Hexaghost","floor":16.0,"turns":11.0},{"damage":48.0,"enemies":"Spheric Guardian","floor":18.0,"turns":8.0},{"damage":0,"enemies":"2 Thieves","floor":19,"turns":1}],"seed_played":"-7185372547415072951","potions_obtained":[{"floor":3.0,"key":"Regen Potion"},{"floor":6.0,"key":"LiquidBronze"},{"floor":14.0,"key":"Energy Potion"},{"floor":16.0,"key":"Poison Potion"}],"is_trial":false,"path_per_floor":["M","M","M","?","?","E","R","M","T","E","R","E","T","M","R","B",null,"M"],"character_chosen":"IRONCLAD","items_purchased":[],"campfire_rested":1,"item_purchase_floors":[],"current_hp_per_floor":[77,76,80,60,49,28,28,30,30,10,34,11,11,17,17,35,69,30,30],"gold":528,"neow_bonus":"UPGRADE_CARD","is_prod":false,"is_daily":false,"chose_seed":false,"campfire_upgraded":2,"win_rate":0,"timestamp":1534439407,"path_taken":["M","M","M","?","?","E","R","M","T","E","R","E","?","?","R","BOSS","M","M"],"build_version":"2018-08-15","purchased_purges":0,"victory":false,"max_hp_per_floor":[80,80,80,80,80,80,80,80,80,80,80,80,80,80,80,80,80,80,80],"card_choices":[{"not_picked":["Havoc","Headbutt"],"picked":"Shrug It Off","floor":1.0},{"not_picked":["Anger","Pummel"],"picked":"Metallicize","floor":2.0},{"not_picked":["Sentinel","Clash"],"picked":"Armaments","floor":3.0},{"not_picked":["Dropkick","Intimidate"],"picked":"Body Slam","floor":6.0},{"not_picked":["Warcry","Limit Break"],"picked":"True Grit","floor":8.0},{"not_picked":["Carnage","Armaments"],"picked":"Pommel Strike","floor":10.0},{"not_picked":["True Grit","Combust"],"picked":"Battle Trance","floor":12.0},{"not_picked":["Headbutt","Armaments","Searing Blow"],"picked":"SKIP","floor":14.0},{"not_picked":["Dark Embrace","Exhume"],"picked":"Demon Form","floor":16.0},{"not_picked":["Dropkick+1","Warcry","Fire Breathing"],"picked":"SKIP","floor":18.0}],"player_experience":228639,"relics_obtained":[{"floor":6.0,"key":"Pantograph"},{"floor":9.0,"key":"Gambling Chip"},{"floor":10.0,"key":"Magic Flower"},{"floor":12.0,"key":"Bag of Preparation"},{"floor":13.0,"key":"Shuriken"}],"event_choices":[{"event_name":"Golden Idol","player_choice":"Take Damage","floor":4.0,"damage_taken":0.0},{"event_name":"World of Goop","player_choice":"Gather Gold","floor":5.0,"damage_taken":0.0}],"is_beta":true,"boss_relics":[{"not_picked":["Astrolabe","Runic Cube"],"picked":"Lizard Tail"}],"items_purged_floors":[],"is_endless":false,"potions_floor_spawned":[3,6,14,16],"killed_by":"2 Thieves","ascension_level":5}