{"gold_per_floor":[116,116,167,179,179,210,210,135,212,225,185,199,231,231,231,324,324,343,359,359,359,359,359,359],"floor_reached":24,"playtime":483,"items_purged":["Strike_R"],"score":454,"play_id":"f610fd4e-955e-4a66-b850-ff399e7852df","local_time":"20190414012318","is_ascension_mode":true,"campfire_choices":[{"data":"Bash","floor":7,"key":"SMITH"},{"data":"Uppercut","floor":15,"key":"SMITH"},{"floor":23,"key":"REST"}],"neow_cost":"NONE","seed_source_timestamp":302632590610500,"circlet_count":0,"master_deck":["AscendersBane","Strike_R+1","Strike_R+1","Strike_R+1","Defend_R+1","Defend_R+1","Bash+1","Sword Boomerang","Twin Strike","Uppercut+1","Double Tap","Flame Barrier","Shrug It Off+1","Barricade","Cleave"],"relics":["Burning Blood","NeowsBlessing","Potion Belt","Anchor","Matryoshka","Charon\u0027s Ashes","Golden Idol","Black Star"],"potions_floor_usage":[11,13,13,16,16,16,16,16,18,19,24],"damage_taken":[{"damage":0,"enemies":"Cultist","floor":1,"turns":1},{"damage":0,"enemies":"2 Louse","floor":4,"turns":1},{"damage":0,"enemies":"Gremlin Nob","floor":6,"turns":1},{"damage":2,"enemies":"Jaw Worm","floor":10,"turns":2},{"damage":1,"enemies":"Looter","floor":12,"turns":2},{"damage":35,"enemies":"Lagavulin","floor":13,"turns":5},{"damage":30,"enemies":"Hexaghost","floor":16,"turns":9},{"damage":30,"enemies":"Shell Parasite","floor":18,"turns":5},{"damage":30,"enemies":"Spheric Guardian","floor":19,"turns":5},{"damage":37,"enemies":"Masked Bandits","floor":24,"turns":3}],"seed_played":"6412990852757017334","potions_obtained":[{"floor":6,"key":"EntropicBrew"},{"floor":11,"key":"SkillPotion"},{"floor":11,"key":"FearPotion"},{"floor":11,"key":"Fruit Juice"},{"floor":12,"key":"EssenceOfSteel"},{"floor":13,"key":"Explosive Potion"},{"floor":18,"key":"SteroidPotion"}],"is_trial":false,"path_per_floor":["M","$","T","M","?","E","R","$","T","M","?","M","E","?","R","B",null,"M","M","?","?","?","R","?"],"character_chosen":"IRONCLAD","items_purchased":[],"campfire_rested":1,"item_purchase_floors":[],"current_hp_per_floor":[74,74,74,75,68,74,74,74,74,75,80,80,51,51,51,27,61,37,13,13,13,13,34,0],"gold":359,"neow_bonus":"THREE_ENEMY_KILL","is_prod":false,"is_daily":false,"chose_seed":false,"campfire_upgraded":2,"win_rate":0,"timestamp":1555197798,"path_taken":["M","$","?","M","?","E","R","?","T","M","?","?","E","?","R","BOSS","M","M","?","?","?","R","?"],"build_version":"2019-04-04","purchased_purges":1,"victory":false,"max_hp_per_floor":[75,75,75,75,75,75,75,75,75,75,80,80,80,72,72,72,72,72,72,72,72,72,72,72],"card_choices":[{"not_picked":["Armaments","Dual Wield","Flex"],"picked":"SKIP","floor":1},{"not_picked":["Pommel Strike","Wild Strike"],"picked":"Sword Boomerang","floor":4},{"not_picked":["Hemokinesis","Rampage"],"picked":"Twin Strike","floor":6},{"not_picked":["Carnage","Iron Wave","Twin Strike"],"picked":"SKIP","floor":10},{"not_picked":["Carnage","Flex"],"picked":"Uppercut","floor":12},{"not_picked":["Bloodletting","Second Wind","Twin Strike"],"picked":"SKIP","floor":13},{"not_picked":["Barricade","Brutality"],"picked":"Double Tap","floor":16},{"not_picked":["Thunderclap","Disarm"],"picked":"Flame Barrier","floor":18},{"not_picked":["Seeing Red","Clash"],"picked":"Shrug It Off+1","floor":19}],"player_experience":1383319,"relics_obtained":[{"floor":3,"key":"Potion Belt"},{"floor":6,"key":"Anchor"},{"floor":9,"key":"Matryoshka"},{"floor":13,"key":"Charon\u0027s Ashes"}],"event_choices":[{"cards_removed":["Defend_R"],"damage_healed":0,"gold_gain":0,"player_choice":"Card Removal","damage_taken":7,"max_hp_gain":0,"max_hp_loss":0,"event_name":"Golden Wing","floor":5,"gold_loss":0},{"damage_healed":0,"gold_gain":0,"player_choice":"Bought 3 Potions","damage_taken":0,"max_hp_gain":0,"max_hp_loss":0,"event_name":"The Woman in Blue","floor":11,"gold_loss":0},{"damage_healed":0,"gold_gain":0,"player_choice":"Lose Max HP","damage_taken":0,"relics_obtained":["Golden Idol"],"max_hp_gain":0,"max_hp_loss":8,"event_name":"Golden Idol","floor":14,"gold_loss":0},{"damage_healed":0,"gold_gain":0,"player_choice":"Simplicity","damage_taken":0,"max_hp_gain":0,"max_hp_loss":0,"event_name":"Back to Basics","floor":20,"gold_loss":0,"cards_upgraded":["Strike_R","Strike_R","Strike_R","Strike_R","Defend_R","Defend_R","Defend_R"]},{"damage_healed":0,"gold_gain":0,"player_choice":"Ignored","damage_taken":0,"max_hp_gain":0,"max_hp_loss":0,"event_name":"Vampires","floor":21,"gold_loss":0},{"damage_healed":0,"gold_gain":0,"cards_transformed":["Defend_R","Strike_R"],"player_choice":"Became Test Subject","damage_taken":0,"max_hp_gain":0,"max_hp_loss":0,"event_name":"Drug Dealer","floor":22,"gold_loss":0,"cards_obtained":["Barricade","Cleave"]},{"damage_healed":0,"gold_gain":0,"player_choice":"Fought Bandits","damage_taken":0,"max_hp_gain":0,"max_hp_loss":0,"event_name":"Masked Bandits","floor":24,"gold_loss":0}],"is_beta":true,"boss_relics":[{"not_picked":["Philosopher\u0027s Stone","Lizard Tail"],"picked":"Black Star"}],"items_purged_floors":[8],"is_endless":false,"potions_floor_spawned":[6,12,13,18],"killed_by":"Masked Bandits","ascension_level":20}