{"gold_per_floor":[115,129,54,54,129,129,153,153,153,21,21,21,36,80,80,80],"floor_reached":16,"playtime":313,"items_purged":["Defend_R"],"score":196,"play_id":"71166073-b3cd-4d91-bbd2-ee541edd05ae","local_time":"20190331191926","is_ascension_mode":true,"campfire_choices":[{"data":"Bash","floor":6,"key":"SMITH"},{"floor":8,"key":"REST"},{"data":"Inflame","floor":11,"key":"SMITH"},{"data":"Heavy Blade","floor":15,"key":"SMITH"}],"neow_cost":"NONE","seed_source_timestamp":929178767242400,"circlet_count":0,"master_deck":["AscendersBane","Strike_R","Strike_R","Strike_R","Strike_R","Strike_R","Defend_R","Defend_R","Bash+1","Inflame+1","Feed","Shrug It Off","Heavy Blade+1"],"relics":["Burning Blood","Centennial Puzzle","Golden Idol","Sundial","Magic Flower"],"potions_floor_usage":[14,14,16],"damage_taken":[{"damage":2,"enemies":"2 Louse","floor":1,"turns":3},{"damage":10,"enemies":"Small Slimes","floor":2,"turns":3},{"damage":16,"enemies":"Jaw Worm","floor":7,"turns":5},{"damage":13,"enemies":"Blue Slaver","floor":13,"turns":3},{"damage":8,"enemies":"3 Sentries","floor":14,"turns":6},{"damage":38,"enemies":"Slime Boss","floor":16,"turns":6}],"seed_played":"-3512541490887325772","potions_obtained":[{"floor":2,"key":"Fire Potion"},{"floor":13,"key":"EssenceOfSteel"},{"floor":14,"key":"EssenceOfSteel"}],"is_trial":false,"path_per_floor":["M","M","?","?","?","R","M","R","T","$","R","$","M","E","R","B"],"character_chosen":"IRONCLAD","items_purchased":["Shrug It Off"],"campfire_rested":1,"item_purchase_floors":[10],"current_hp_per_floor":[72,68,68,42,31,31,21,43,43,43,43,43,36,37,37,0],"gold":80,"neow_bonus":"RANDOM_COMMON_RELIC","is_prod":false,"is_daily":false,"chose_seed":false,"campfire_upgraded":3,"win_rate":0,"timestamp":1554052766,"path_taken":["M","M","?","?","?","R","M","R","T","$","R","$","M","E","R","BOSS"],"build_version":"2019-03-15","purchased_purges":1,"victory":false,"max_hp_per_floor":[75,75,75,75,75,75,75,75,75,75,75,75,75,78,78,78],"card_choices":[{"not_picked":["Wild Strike","Thunderclap","Havoc"],"picked":"SKIP","floor":1},{"not_picked":["Pommel Strike","Shrug It Off"],"picked":"Inflame","floor":2},{"not_picked":["Warcry","Shrug It Off"],"picked":"Feed","floor":7},{"not_picked":["Uppercut","Armaments","Disarm"],"picked":"SKIP","floor":13},{"not_picked":["Thunderclap","Entrench"],"picked":"Heavy Blade","floor":14}],"player_experience":1312450,"relics_obtained":[{"floor":9,"key":"Sundial"},{"floor":14,"key":"Magic Flower"}],"event_choices":[{"cards_removed":["Defend_R"],"damage_healed":0,"gold_gain":0,"player_choice":"Card Removal","damage_taken":0,"max_hp_gain":0,"max_hp_loss":0,"event_name":"The Cleric","floor":3,"gold_loss":75},{"damage_healed":0,"gold_gain":0,"player_choice":"Take Damage","damage_taken":26,"relics_obtained":["Golden Idol"],"max_hp_gain":0,"max_hp_loss":0,"event_name":"Golden Idol","floor":4,"gold_loss":0},{"damage_healed":0,"gold_gain":75,"player_choice":"Gather Gold","damage_taken":11,"max_hp_gain":0,"max_hp_loss":0,"event_name":"World of Goop","floor":5,"gold_loss":0}],"is_beta":true,"boss_relics":[],"items_purged_floors":[10],"is_endless":false,"potions_floor_spawned":[2,13,14],"killed_by":"Slime Boss","ascension_level":20}