{"gold_per_floor":[111,36,52,2,2,2,31,31,31,65,82,82,82,107,107,202,202,212,212,85,135,154,154,154,154,154,154,177,177,207,90,90,185,185,197,217,317,215,215,215,230,230,278,278,305,305,315,338,338,338],"floor_reached":51,"playtime":3217,"items_purged":["Strike_G","Writhe","Pain"],"score":1034,"play_id":"2dcf7090-e156-4ca6-9dd0-629cd4b9150c","local_time":"20181122154427","is_ascension_mode":true,"campfire_choices":[{"data":"Neutralize","floor":6,"key":"SMITH"},{"data":"Bouncing Flask","floor":8,"key":"SMITH"},{"data":"Setup","floor":12,"key":"SMITH"},{"floor":15,"key":"REST"},{"data":"Noxious Fumes","floor":23,"key":"SMITH"},{"data":"Malaise","floor":25,"key":"SMITH"},{"floor":27,"key":"REST"},{"data":"Footwork","floor":32,"key":"SMITH"},{"data":"Night Terror","floor":40,"key":"SMITH"},{"data":"Noxious Fumes","floor":46,"key":"SMITH"},{"data":"Tools of the Trade","floor":49,"key":"SMITH"}],"neow_cost":"NONE","seed_source_timestamp":751659865845711,"circlet_count":0,"master_deck":["Defend_G","Defend_G+1","Defend_G","Defend_G+1","Defend_G","Strike_G+1","Strike_G","Survivor","Neutralize+1","Deadly Poison","Bouncing Flask+1","Poisoned Stab","Setup+1","Malaise+1","Die Die Die","Noxious Fumes+1","Backflip","Noxious Fumes+1","Footwork+1","Night Terror+1","Noxious Fumes+1","Backflip+1","Escape Plan+1","Tools of the Trade+1"],"relics":["Ring of the Serpent","NeowsBlessing","Whetstone","Smiling Mask","Darkstone Periapt","Orichalcum","Pantograph","Sozu","War Paint","Letter Opener","Strawberry","WarpedTongs","Ornamental Fan","Thread and Needle","Juzu Bracelet","Centennial Puzzle","Dream Catcher","Ancient Tea Set"],"potions_floor_usage":[10,16,30,30],"damage_taken":[{"damage":0,"enemies":"Cultist","floor":1,"turns":1},{"damage":0,"enemies":"2 Louse","floor":3,"turns":1},{"damage":0,"enemies":"Lagavulin","floor":7,"turns":1},{"damage":29,"enemies":"3 Sentries","floor":10,"turns":9},{"damage":0,"enemies":"Small Slimes","floor":11,"turns":2},{"damage":14,"enemies":"Gremlin Nob","floor":14,"turns":4},{"damage":43,"enemies":"Slime Boss","floor":16,"turns":11},{"damage":9,"enemies":"Spheric Guardian","floor":18,"turns":4},{"damage":16,"enemies":"2 Thieves","floor":22,"turns":4},{"damage":32,"enemies":"Slavers","floor":30,"turns":5},{"damage":45,"enemies":"Collector","floor":33,"turns":10},{"damage":31,"enemies":"3 Darklings","floor":35,"turns":8},{"damage":3,"enemies":"3 Shapes","floor":36,"turns":4},{"damage":20,"enemies":"Mind Bloom Boss Battle","floor":37,"turns":6},{"damage":9,"enemies":"3 Darklings","floor":41,"turns":6},{"damage":10,"enemies":"Giant Head","floor":45,"turns":8},{"damage":0,"enemies":"Maw","floor":47,"turns":7},{"damage":26,"enemies":"Donu and Deca","floor":50,"turns":8}],"seed_played":"-2566817798871156439","potions_obtained":[{"floor":3,"key":"Ancient Potion"},{"floor":5,"key":"Energy Potion"},{"floor":5,"key":"SpeedPotion"},{"floor":10,"key":"Fruit Juice"},{"floor":11,"key":"Strength Potion"}],"is_trial":false,"path_per_floor":["M","$","M","?","?","R","E","R","T","E","M","R","?","E","R","B",null,"M","?","$","?","M","R","?","R","T","R","T","?","E","$","R","B",null,"M","M","?","?","?","R","M","?","T","?","E","R","M","T","R","B",null],"character_chosen":"THE_SILENT","items_purchased":["Noxious Fumes","Footwork"],"campfire_rested":2,"item_purchase_floors":[20,31],"current_hp_per_floor":[63,63,63,63,63,63,63,63,63,39,39,39,36,22,44,26,63,54,60,60,60,44,44,44,44,44,68,75,81,49,49,49,29,78,47,44,49,49,49,49,40,40,40,82,72,72,72,72,72,56],"gold":338,"neow_bonus":"THREE_ENEMY_KILL","is_prod":false,"is_daily":false,"chose_seed":false,"campfire_upgraded":9,"win_rate":0,"timestamp":1542937467,"path_taken":["M","$","?","?","?","R","E","R","T","E","?","R","?","E","R","BOSS","M","?","$","?","?","R","?","R","T","R","?","?","E","$","R","BOSS","M","?","?","?","?","R","M","?","T","?","E","R","M","?","R","BOSS"],"build_version":"2018-11-15","purchased_purges":3,"victory":true,"max_hp_per_floor":[70,70,70,70,70,70,70,70,70,75,75,75,75,75,75,75,75,75,81,81,81,81,81,81,81,81,81,88,94,94,94,94,94,94,94,94,94,94,94,94,94,94,94,82,82,82,82,82,82,82],"card_choices":[{"not_picked":["Underhanded Strike","Cloak And Dagger"],"picked":"Deadly Poison","floor":1},{"not_picked":["Expertise","Poisoned Stab"],"picked":"Bouncing Flask","floor":3},{"not_picked":["Outmaneuver","Envenom"],"picked":"Poisoned Stab","floor":7},{"not_picked":["Predator","Quick Slash"],"picked":"Setup","floor":10},{"not_picked":["Underhanded Strike","Terror","Dagger Throw"],"picked":"SKIP","floor":11},{"not_picked":["Concentrate","Finisher"],"picked":"Malaise","floor":14},{"not_picked":["Unload","Storm of Steel"],"picked":"Die Die Die","floor":16},{"not_picked":["Bane","Underhanded Strike+1","Flying Knee"],"picked":"SKIP","floor":18},{"not_picked":["Blade Dance","Escape Plan","Distraction"],"picked":"SKIP","floor":22},{"not_picked":["Blade Dance","Escape Plan","Distraction"],"picked":"SKIP","floor":22},{"not_picked":["PiercingWail","Quick Slash"],"picked":"Noxious Fumes","floor":30},{"not_picked":["Glass Knife","A Thousand Cuts"],"picked":"Night Terror","floor":33},{"not_picked":["PiercingWail+1","Escape Plan+1"],"picked":"Noxious Fumes+1","floor":35},{"not_picked":["Dagger Throw+1","Deflect","Underhanded Strike"],"picked":"SKIP","floor":36},{"not_picked":["Dagger Throw+1","Noxious Fumes"],"picked":"Backflip+1","floor":37},{"not_picked":["Skewer","Caltrops+1"],"picked":"Escape Plan+1","floor":41},{"not_picked":["Acrobatics","Skewer+1","Outmaneuver"],"picked":"SKIP","floor":45},{"not_picked":["Blade Dance+1","PiercingWail+1"],"picked":"Tools of the Trade","floor":47}],"player_experience":314097,"relics_obtained":[{"floor":7,"key":"Whetstone"},{"floor":9,"key":"Smiling Mask"},{"floor":10,"key":"Darkstone Periapt"},{"floor":14,"key":"Pantograph"},{"floor":26,"key":"Letter Opener"},{"floor":28,"key":"Strawberry"},{"floor":30,"key":"Ornamental Fan"},{"floor":37,"key":"Thread and Needle"},{"floor":43,"key":"Centennial Puzzle"},{"floor":45,"key":"Dream Catcher"},{"floor":48,"key":"Ancient Tea Set"}],"event_choices":[{"cards_removed":["Strike_G"],"damage_healed":0,"gold_gain":0,"player_choice":"Card Removal","damage_taken":0,"max_hp_gain":0,"max_hp_loss":0,"event_name":"The Cleric","floor":4,"gold_loss":50},{"damage_healed":0,"gold_gain":0,"player_choice":"Got Potions","damage_taken":0,"max_hp_gain":0,"max_hp_loss":0,"event_name":"Lab","floor":5,"gold_loss":0},{"damage_healed":0,"gold_gain":0,"player_choice":"Success","damage_taken":3,"relics_obtained":["Orichalcum"],"max_hp_gain":0,"max_hp_loss":0,"event_name":"Scrap Ooze","floor":13,"gold_loss":0},{"damage_healed":0,"gold_gain":0,"player_choice":"Opened","damage_taken":0,"relics_obtained":["War Paint"],"max_hp_gain":0,"max_hp_loss":0,"event_name":"The Mausoleum","floor":19,"gold_loss":0,"cards_obtained":["Writhe"]},{"damage_healed":0,"gold_gain":100,"player_choice":"Bet on Murderer","damage_taken":0,"max_hp_gain":0,"max_hp_loss":0,"event_name":"The Joust","floor":21,"gold_loss":50},{"damage_healed":0,"gold_gain":0,"player_choice":"Read","damage_taken":0,"max_hp_gain":0,"max_hp_loss":0,"event_name":"The Library","floor":24,"gold_loss":0,"cards_obtained":["Backflip"]},{"damage_healed":0,"gold_gain":0,"player_choice":"Rummage","damage_taken":0,"relics_obtained":["WarpedTongs"],"max_hp_gain":0,"max_hp_loss":0,"event_name":"Accursed Blacksmith","floor":29,"gold_loss":0,"cards_obtained":["Pain"]},{"damage_healed":0,"gold_gain":0,"player_choice":"Fight","damage_taken":0,"max_hp_gain":0,"max_hp_loss":0,"event_name":"MindBloom","floor":37,"gold_loss":0},{"damage_healed":0,"gold_gain":0,"player_choice":"Paid Gold","damage_taken":0,"relics_obtained":["Juzu Bracelet"],"max_hp_gain":0,"max_hp_loss":0,"event_name":"WeMeetAgain","floor":38,"gold_loss":102},{"damage_healed":0,"gold_gain":0,"player_choice":"0 cards matched","damage_taken":0,"max_hp_gain":0,"max_hp_loss":0,"event_name":"Match and Keep!","floor":39,"gold_loss":0,"cards_obtained":[]},{"cards_removed":["Strike_G"],"damage_healed":0,"gold_gain":0,"player_choice":"Removed Attack","damage_taken":0,"max_hp_gain":0,"max_hp_loss":0,"event_name":"Falling","floor":42,"gold_loss":0},{"damage_healed":82,"gold_gain":0,"player_choice":"Heal","damage_taken":0,"max_hp_gain":0,"max_hp_loss":12,"event_name":"The Moai Head","floor":44,"gold_loss":0}],"is_beta":false,"boss_relics":[{"not_picked":["Snecko Eye","Pandora\u0027s Box"],"picked":"Sozu"},{"not_picked":["Orrery","Lizard Tail"],"picked":"Ring of the Serpent"}],"items_purged_floors":[2,20,31],"is_endless":false,"potions_floor_spawned":[3,7,10,11,22,30,36,37,41,45],"ascension_level":8}