{"gold_per_floor":[118,118,137,137,137,170,170,170,197,197,212,212,80,96,96,171,171,187,187,187,50,70,70,15,41,41,41,41,66,66,85,85,85],"floor_reached":33,"playtime":1053,"items_purged":["Strike_G","Shame"],"score":683,"play_id":"8d97b3a8-d847-43ce-acfa-9d72f16ff2e1","local_time":"20190202003825","is_ascension_mode":true,"campfire_choices":[{"data":"Dagger Spray","floor":8.0,"key":"SMITH"},{"data":"Dodge and Roll","floor":10.0,"key":"SMITH"},{"data":"Poisoned Stab","floor":12.0,"key":"SMITH"},{"floor":15.0,"key":"REST"},{"data":"Footwork","floor":23.0,"key":"SMITH"},{"data":"Malaise","floor":28.0,"key":"SMITH"},{"data":"Bite","floor":32.0,"key":"SMITH"}],"neow_cost":"NONE","seed_source_timestamp":0,"circlet_count":0,"master_deck":["AscendersBane","Defend_G","Defend_G","Defend_G","Defend_G","Survivor","Neutralize+1","Dagger Spray+1","Dodge and Roll+1","Poisoned Stab+1","Malaise+1","Clumsy","Heel Hook","Writhe","Bite+1","Bite","Bite","Bite","Bite","Footwork+1","Cloak And Dagger+1","Backflip"],"special_seed":0,"relics":["Ring of the Snake","NeowsBlessing","Anchor","Oddly Smooth Stone","Calling Bell","PreservedInsect","Gremlin Horn","Dead Branch","Sundial","Tough Bandages","The Specimen","Shuriken"],"potions_floor_usage":[33,33,33,33],"damage_taken":[{"damage":0.0,"enemies":"Cultist","floor":1.0,"turns":1.0},{"damage":0.0,"enemies":"Jaw Worm","floor":3.0,"turns":1.0},{"damage":0.0,"enemies":"Gremlin Nob","floor":6.0,"turns":1.0},{"damage":0.0,"enemies":"2 Louse","floor":11.0,"turns":1.0},{"damage":0.0,"enemies":"Gremlin Gang","floor":14.0,"turns":3.0},{"damage":27.0,"enemies":"The Guardian","floor":16.0,"turns":12.0},{"damage":7.0,"enemies":"3 Byrds","floor":18.0,"turns":6.0},{"damage":1.0,"enemies":"Shell Parasite","floor":22.0,"turns":8.0},{"damage":24.0,"enemies":"Book of Stabbing","floor":25.0,"turns":6.0},{"damage":0.0,"enemies":"Gremlin Leader","floor":29.0,"turns":9.0},{"damage":4.0,"enemies":"Cultist and Chosen","floor":31.0,"turns":4.0},{"damage":50,"enemies":"Automaton","floor":33,"turns":6}],"seed_played":"-1216094040175489961","potions_obtained":[{"floor":1.0,"key":"Swift Potion"},{"floor":18.0,"key":"Explosive Potion"},{"floor":29.0,"key":"PowerPotion"},{"floor":30.0,"key":"EntropicBrew"},{"floor":31.0,"key":"Dexterity Potion"}],"is_trial":false,"path_per_floor":["M","$","M","$","?","E","?","R","T","R","M","R","$","M","R","B",null,"M","?","?","$","M","R","$","E","T","?","R","E","?","M","R","B"],"character_chosen":"THE_SILENT","items_purchased":["PowerPotion","Footwork","Backflip"],"campfire_rested":1,"item_purchase_floors":[13,21,24],"current_hp_per_floor":[59,59,59,59,39,39,39,39,39,39,39,39,39,39,58,31,57,50,50,46,46,46,46,46,30,30,30,30,46,46,44,44,0],"gold":85,"neow_bonus":"THREE_ENEMY_KILL","is_prod":false,"is_daily":false,"chose_seed":false,"campfire_upgraded":6,"win_rate":0,"timestamp":1549064305,"path_taken":["M","?","?","$","?","E","?","R","T","R","?","R","$","M","R","BOSS","M","?","?","?","?","R","$","E","T","?","R","E","?","?","R","BOSS"],"build_version":"2019-01-23","purchased_purges":2,"victory":false,"max_hp_per_floor":[66,66,66,66,66,66,66,66,66,66,66,66,66,66,66,66,66,66,66,46,46,46,46,46,46,46,46,46,46,46,46,46,46],"card_choices":[{"not_picked":["Endless Agony","Masterful Stab","Outmaneuver"],"picked":"SKIP","floor":1.0},{"not_picked":["Slice","Backflip"],"picked":"Dagger Spray","floor":3.0},{"not_picked":["Underhanded Strike","Storm of Steel"],"picked":"Dodge and Roll","floor":6.0},{"not_picked":["Dagger Throw","Outmaneuver"],"picked":"Poisoned Stab","floor":11.0},{"not_picked":["Prepared","Acrobatics","Masterful Stab"],"picked":"SKIP","floor":14.0},{"not_picked":["Storm of Steel","Doppelganger"],"picked":"Malaise","floor":16.0},{"not_picked":["Underhanded Strike","Deflect"],"picked":"Heel Hook","floor":18.0},{"not_picked":["Dodge and Roll","Infinite Blades"],"picked":"Cloak And Dagger+1","floor":22.0},{"not_picked":["Sucker Punch","Setup","Noxious Fumes"],"picked":"SKIP","floor":25.0},{"not_picked":["Flying Knee","Skewer","Deadly Poison+1"],"picked":"SKIP","floor":29.0},{"not_picked":["Underhanded Strike","Sucker Punch","Dagger Throw"],"picked":"SKIP","floor":31.0}],"player_experience":1119210,"relics_obtained":[{"floor":6.0,"key":"Anchor"},{"floor":9.0,"key":"Oddly Smooth Stone"},{"floor":17.0,"key":"PreservedInsect"},{"floor":17.0,"key":"Gremlin Horn"},{"floor":17.0,"key":"Dead Branch"},{"floor":25.0,"key":"Tough Bandages"},{"floor":26.0,"key":"The Specimen"},{"floor":29.0,"key":"Shuriken"}],"event_choices":[{"damage_healed":0.0,"max_hp_gain":0.0,"max_hp_loss":0.0,"gold_gain":0.0,"event_name":"Shining Light","player_choice":"Entered Light","floor":5.0,"gold_loss":0.0,"damage_taken":20.0,"cards_upgraded":["Neutralize","Strike_G"]},{"cards_removed":["Defend_G"],"damage_healed":0.0,"max_hp_gain":0.0,"max_hp_loss":0.0,"gold_gain":0.0,"event_name":"Purifier","player_choice":"Purged","floor":7.0,"gold_loss":0.0,"damage_taken":0.0},{"damage_healed":0.0,"max_hp_gain":0.0,"max_hp_loss":0.0,"gold_gain":0.0,"event_name":"The Mausoleum","player_choice":"Opened","floor":19.0,"gold_loss":0.0,"damage_taken":0.0,"relics_obtained":["Sundial"],"cards_obtained":["Writhe"]},{"damage_healed":0.0,"max_hp_gain":0.0,"max_hp_loss":20.0,"gold_gain":0.0,"event_name":"Vampires","player_choice":"Became a vampire","floor":20.0,"gold_loss":0.0,"damage_taken":0.0,"cards_obtained":["Bite","Bite","Bite","Bite","Bite"]},{"cards_removed":["Writhe"],"damage_healed":0.0,"max_hp_gain":0.0,"max_hp_loss":0.0,"gold_gain":0.0,"event_name":"Back to Basics","player_choice":"Elegance","floor":27.0,"gold_loss":0.0,"damage_taken":0.0},{"damage_healed":0.0,"max_hp_gain":0.0,"max_hp_loss":0.0,"gold_gain":0.0,"event_name":"Lab","player_choice":"Got Potions","floor":30.0,"gold_loss":0.0,"damage_taken":0.0}],"is_beta":true,"boss_relics":[{"not_picked":["Ring of the Serpent","Sozu"],"picked":"Calling Bell"}],"items_purged_floors":[13,21],"is_endless":false,"potions_floor_spawned":[1,14,18,29,31],"killed_by":"Automaton","ascension_level":20}