{"gold_per_floor":[109,109,120,131,151,183,183,212,266,266,366,385,385,401,401,401],"floor_reached":16,"playtime":526,"items_purged":[],"score":112,"play_id":"531d550e-b97b-4783-b00c-83f65e015276","local_time":"20190303213802","is_ascension_mode":false,"campfire_choices":[{"data":"Bash","floor":7,"key":"SMITH"},{"floor":10,"key":"REST"},{"floor":13,"key":"DIG"},{"floor":15,"key":"REST"}],"neow_cost":"PERCENT_DAMAGE","seed_source_timestamp":113225773244000,"circlet_count":0,"master_deck":["Strike_R","Strike_R","Strike_R","Strike_R","Strike_R","Defend_R","Defend_R","Defend_R","Bash+1"],"relics":["Burning Blood","Shovel","Lantern","Mummified Hand","Art of War","Bag of Marbles"],"potions_floor_usage":[6,8,8,14,16],"damage_taken":[{"damage":6,"enemies":"Jaw Worm","floor":1,"turns":3},{"damage":1,"enemies":"Cultist","floor":3,"turns":3},{"damage":0,"enemies":"Small Slimes","floor":4,"turns":3},{"damage":20,"enemies":"Gremlin Gang","floor":5,"turns":8},{"damage":18,"enemies":"Gremlin Nob","floor":6,"turns":4},{"damage":48,"enemies":"3 Sentries","floor":8,"turns":11},{"damage":13,"enemies":"Blue Slaver","floor":12,"turns":6},{"damage":23,"enemies":"Large Slime","floor":14,"turns":7},{"damage":52,"enemies":"Slime Boss","floor":16,"turns":8}],"seed_played":"-2521241473914273621","potions_obtained":[{"floor":1,"key":"Swift Potion"},{"floor":3,"key":"Poison Potion"},{"floor":5,"key":"SteroidPotion"},{"floor":6,"key":"Regen Potion"},{"floor":8,"key":"BloodPotion"}],"is_trial":false,"path_per_floor":["M","?","M","M","M","E","R","E","T","R","?","M","R","M","R","B"],"character_chosen":"IRONCLAD","items_purchased":[],"campfire_rested":2,"item_purchase_floors":[],"current_hp_per_floor":[56,56,61,67,53,41,41,14,14,38,38,31,31,22,46,0],"gold":401,"neow_bonus":"ONE_RARE_RELIC","is_prod":false,"is_daily":false,"chose_seed":false,"campfire_upgraded":1,"win_rate":0,"timestamp":1551645482,"path_taken":["M","?","?","M","M","E","R","E","T","R","?","M","R","M","R","BOSS"],"build_version":"2019-02-06","purchased_purges":0,"victory":false,"max_hp_per_floor":[80,80,80,80,80,80,80,80,80,80,80,80,80,80,80,80],"card_choices":[{"not_picked":["Seeing Red","Clothesline","Fire Breathing"],"picked":"SKIP","floor":1},{"not_picked":["Rupture","Dual Wield","Body Slam"],"picked":"SKIP","floor":3},{"not_picked":["Thunderclap","Warcry","Body Slam"],"picked":"SKIP","floor":4},{"not_picked":["Havoc","Perfected Strike","Second Wind"],"picked":"SKIP","floor":5},{"not_picked":["Power Through","Dropkick","Whirlwind"],"picked":"SKIP","floor":6},{"not_picked":["Seeing Red","Hemokinesis","Clash"],"picked":"SKIP","floor":8},{"not_picked":["Anger","Havoc","Sentinel"],"picked":"SKIP","floor":12},{"not_picked":["Havoc","Heavy Blade","Flex"],"picked":"SKIP","floor":14}],"player_experience":1215134,"relics_obtained":[{"floor":6,"key":"Lantern"},{"floor":8,"key":"Mummified Hand"},{"floor":9,"key":"Art of War"},{"floor":13,"key":"Bag of Marbles"}],"event_choices":[{"cards_removed":["Defend_R"],"damage_healed":0,"gold_gain":0,"player_choice":"Offered Basic","damage_taken":0,"max_hp_gain":0,"max_hp_loss":0,"event_name":"Bonfire Elementals","floor":2,"gold_loss":0},{"damage_healed":0,"gold_gain":100,"player_choice":"Pray","damage_taken":0,"max_hp_gain":0,"max_hp_loss":0,"event_name":"Golden Shrine","floor":11,"gold_loss":0}],"is_beta":true,"boss_relics":[],"items_purged_floors":[],"is_endless":false,"potions_floor_spawned":[1,3,5,6,8],"killed_by":"Slime Boss","ascension_level":0}