{"gold_per_floor":[361,197,258,275,291,291,291,321,368,368,387,416,416,416,416,416],"floor_reached":16,"playtime":360,"items_purged":[],"score":216,"play_id":"b920d9ba-2725-4f44-b8a7-413b0e075ab5","local_time":"20190126000856","is_ascension_mode":true,"campfire_choices":[{"data":"Die Die Die","floor":6,"key":"SMITH"},{"floor":10,"key":"REST"},{"floor":13,"key":"REST"},{"data":"Neutralize","floor":15,"key":"SMITH"}],"neow_cost":"PERCENT_DAMAGE","seed_source_timestamp":560074272794600,"circlet_count":0,"master_deck":["AscendersBane","Defend_G","Defend_G","Defend_G","Defend_G","Strike_G","Strike_G","Strike_G","Strike_G","Strike_G","Survivor","Neutralize+1","Cloak And Dagger","Die Die Die+1","Blade Dance","Dodge and Roll","Die Die Die"],"relics":["Ring of the Snake","Bronze Scales","Strawberry","FossilizedHelix"],"potions_floor_usage":[8,12],"damage_taken":[{"damage":2,"enemies":"Jaw Worm","floor":1,"turns":5},{"damage":1,"enemies":"Small Slimes","floor":4,"turns":3},{"damage":0,"enemies":"Cultist","floor":5,"turns":3},{"damage":26,"enemies":"Gremlin Nob","floor":8,"turns":4},{"damage":0,"enemies":"2 Fungi Beasts","floor":11,"turns":2},{"damage":50,"enemies":"Lagavulin","floor":12,"turns":8},{"damage":86,"enemies":"Hexaghost","floor":16,"turns":12}],"seed_played":"-9157684654746071037","potions_obtained":[{"floor":4,"key":"FearPotion"},{"floor":8,"key":"Regen Potion"}],"is_trial":false,"path_per_floor":["M","$","?","M","M","R","?","E","T","R","M","E","R","?","R","B"],"character_chosen":"THE_SILENT","items_purchased":["Die Die Die"],"campfire_rested":2,"item_purchase_floors":[2],"current_hp_per_floor":[42,42,42,41,41,41,41,15,22,43,43,8,29,83,83,0],"gold":416,"neow_bonus":"TWO_FIFTY_GOLD","is_prod":false,"is_daily":false,"chose_seed":false,"campfire_upgraded":2,"win_rate":0,"timestamp":1548457736,"path_taken":["M","$","?","M","M","R","?","E","T","R","?","E","R","?","R","BOSS"],"build_version":"2019-01-23","purchased_purges":0,"victory":false,"max_hp_per_floor":[66,66,66,66,66,66,66,66,73,73,73,73,73,83,83,83],"card_choices":[{"not_picked":["Acrobatics","Underhanded Strike"],"picked":"Cloak And Dagger","floor":1},{"not_picked":["Bouncing Flask","Slice"],"picked":"Blade Dance","floor":4},{"not_picked":["Slice","Acrobatics"],"picked":"Dodge and Roll","floor":5},{"not_picked":["Prepared","Cloak And Dagger","Dodge and Roll"],"picked":"SKIP","floor":8},{"not_picked":["Dagger Spray","Deflect","Underhanded Strike"],"picked":"SKIP","floor":11},{"not_picked":["Quick Slash","Calculated Gamble"],"picked":"Venomology","floor":12}],"player_experience":1078285,"relics_obtained":[{"floor":8,"key":"Bronze Scales"},{"floor":9,"key":"Strawberry"},{"floor":12,"key":"FossilizedHelix"}],"event_choices":[{"damage_healed":0,"gold_gain":61,"player_choice":"Gained Gold","damage_taken":0,"max_hp_gain":0,"max_hp_loss":0,"event_name":"Golden Wing","floor":3,"gold_loss":0},{"damage_healed":0,"gold_gain":0,"cards_transformed":["Defend_G"],"player_choice":"Transformed","damage_taken":0,"max_hp_gain":0,"max_hp_loss":0,"event_name":"Transmorgrifier","floor":7,"gold_loss":0,"cards_obtained":["Die Die Die"]},{"cards_removed":["Venomology"],"damage_healed":44,"gold_gain":0,"player_choice":"Offered Rare","damage_taken":0,"max_hp_gain":10,"max_hp_loss":0,"event_name":"Bonfire Elementals","floor":14,"gold_loss":0}],"is_beta":true,"boss_relics":[],"items_purged_floors":[],"is_endless":false,"potions_floor_spawned":[4,8],"killed_by":"Hexaghost","ascension_level":20}