{"gold_per_floor":[116,134,147,147,209,235,83,111,161,11,25,35,35,53,53,156,156,141,152,332,349,82,107,126,144,144,63,63,76,90,90,90,194,194,214,45,60,79,59,59,85,85,110,138,138,170,181,198,198,198],"floor_reached":51,"playtime":3511,"items_purged":["Strike_G+1","Normality"],"score":1157,"play_id":"5ef802ae-e03f-4885-beaf-e8dcc6678ebf","local_time":"20181020153353","is_ascension_mode":true,"campfire_choices":[{"floor":13.0,"key":"REST"},{"floor":15.0,"key":"REST"},{"floor":28.0,"key":"REST"},{"floor":32.0,"key":"REST"},{"data":"Noxious Fumes","floor":40.0,"key":"SMITH"},{"data":"Apotheosis","floor":42.0,"key":"SMITH"},{"floor":45.0,"key":"REST"},{"floor":49,"key":"REST"}],"neow_cost":"NONE","seed_source_timestamp":0,"circlet_count":0,"master_deck":["Defend_G","Defend_G","Defend_G","Defend_G","Defend_G","Strike_G+1","Strike_G","Strike_G","Strike_G","Survivor","Neutralize+1","AscendersBane","Dash","Dagger Throw","Deflect","Footwork","Blur","Backflip","Deflect","Escape Plan","Adrenaline","Heel Hook+1","Dagger Spray","Apotheosis+1","Bandage Up","Deadly Poison+1","Deadly Poison+1","Noxious Fumes+1","Backflip+1","Footwork","Burst","Injury","Writhe","Bouncing Flask","Noxious Fumes","Bouncing Flask+1"],"special_seed":0,"relics":["Ring of the Snake","Paper Crane","Centennial Puzzle","Happy Flower","PreservedInsect","Black Star","Bronze Scales","Snake Skull","Dodecahedron","Calling Bell","Lantern","Pear","Thread and Needle","Ancient Tea Set","Oddly Smooth Stone","Pen Nib","Anchor","Strawberry","Sundial","Bottled Lightning"],"potions_floor_usage":[50,50],"damage_taken":[{"damage":2.0,"enemies":"Cultist","floor":1.0,"turns":5.0},{"damage":1.0,"enemies":"Small Slimes","floor":2.0,"turns":5.0},{"damage":0.0,"enemies":"2 Louse","floor":3.0,"turns":4.0},{"damage":32.0,"enemies":"Lagavulin","floor":6.0,"turns":7.0},{"damage":11.0,"enemies":"Gremlin Nob","floor":8.0,"turns":6.0},{"damage":1.0,"enemies":"Large Slime","floor":11.0,"turns":7.0},{"damage":0.0,"enemies":"Looter","floor":12.0,"turns":2.0},{"damage":0.0,"enemies":"Exordium Wildlife","floor":14.0,"turns":5.0},{"damage":15.0,"enemies":"The Guardian","floor":16.0,"turns":16.0},{"damage":10.0,"enemies":"2 Thieves","floor":18.0,"turns":4.0},{"damage":2.0,"enemies":"3 Byrds","floor":19.0,"turns":8.0},{"damage":7.0,"enemies":"Shelled Parasite and Fungi","floor":21.0,"turns":13.0},{"damage":21.0,"enemies":"Slavers","floor":23.0,"turns":5.0},{"damage":0.0,"enemies":"Snake Plant","floor":24.0,"turns":5.0},{"damage":0.0,"enemies":"Snecko","floor":25.0,"turns":5.0},{"damage":5.0,"enemies":"Centurion and Healer","floor":29.0,"turns":7.0},{"damage":8.0,"enemies":"Snake Plant","floor":30.0,"turns":4.0},{"damage":5.0,"enemies":"Automaton","floor":33.0,"turns":12.0},{"damage":6.0,"enemies":"Orb Walker","floor":35.0,"turns":5.0},{"damage":11.0,"enemies":"3 Darklings","floor":37.0,"turns":5.0},{"damage":26.0,"enemies":"Maw","floor":38.0,"turns":7.0},{"damage":6.0,"enemies":"Nemesis","floor":41.0,"turns":9.0},{"damage":16.0,"enemies":"Reptomancer","floor":44.0,"turns":7.0},{"damage":10.0,"enemies":"Giant Head","floor":46.0,"turns":7.0},{"damage":0,"enemies":"Transient","floor":47,"turns":5},{"damage":2,"enemies":"Jaw Worm Horde","floor":48,"turns":5},{"damage":21,"enemies":"Donu and Deca","floor":50,"turns":10}],"seed_played":"6471972515538703945","potions_obtained":[{"floor":2.0,"key":"GamblersBrew"},{"floor":8.0,"key":"SteroidPotion"},{"floor":12.0,"key":"EntropicBrew"},{"floor":16.0,"key":"Fire Potion"},{"floor":21.0,"key":"Strength Potion"},{"floor":23.0,"key":"EntropicBrew"},{"floor":24.0,"key":"Fire Potion"},{"floor":29.0,"key":"EssenceOfSteel"},{"floor":37.0,"key":"Poison Potion"},{"floor":38.0,"key":"FairyPotion"}],"is_trial":false,"path_per_floor":["M","M","M","?","?","E","$","E","T","$","M","M","R","M","R","B",null,"M","M","?","M","$","E","M","M","T","$","R","M","M","?","R","B",null,"M","$","M","M","?","R","E","R","T","E","R","E","M","M","R","B"],"character_chosen":"THE_SILENT","items_purchased":["Footwork","PreservedInsect","Apotheosis","Bandage Up","Noxious Fumes","Bouncing Flask"],"campfire_rested":6,"item_purchase_floors":[7,10,22,22,27,36],"current_hp_per_floor":[61,60,60,46,46,14,14,3,3,3,2,2,23,23,44,29,60,50,48,27,20,20,3,9,9,9,9,30,29,25,25,46,47,74,72,72,65,43,43,43,43,43,43,40,66,62,68,72,87,66],"gold":198,"neow_bonus":"UPGRADE_CARD","is_prod":false,"is_daily":false,"chose_seed":false,"campfire_upgraded":2,"win_rate":0,"timestamp":1540074833,"path_taken":["M","?","M","?","?","E","?","E","T","?","M","M","R","M","R","BOSS","M","M","?","M","$","E","M","M","T","$","R","M","M","?","R","BOSS","M","$","?","M","?","R","E","R","T","E","R","E","M","M","R","BOSS"],"build_version":"2018-10-19","purchased_purges":2,"victory":true,"max_hp_per_floor":[70,70,70,70,70,70,70,70,70,70,70,70,70,70,70,70,70,70,70,70,70,70,70,70,70,70,70,70,70,70,70,70,70,80,80,80,80,80,80,80,80,80,80,87,87,87,87,87,87,87],"card_choices":[{"not_picked":["Dodge and Roll","Prepared","Acrobatics"],"picked":"SKIP","floor":1.0},{"not_picked":["Acrobatics","Blade Dance"],"picked":"Dash","floor":2.0},{"not_picked":["Dodge and Roll","Flying Knee"],"picked":"Dagger Throw","floor":3.0},{"not_picked":["Underhanded Strike","A Thousand Cuts"],"picked":"Deflect","floor":6.0},{"not_picked":["Acrobatics","Finisher"],"picked":"Blur","floor":8.0},{"not_picked":["Slice","Outmaneuver"],"picked":"Backflip","floor":11.0},{"not_picked":["Finisher","Acrobatics"],"picked":"Deflect","floor":12.0},{"not_picked":["Outmaneuver","Quick Slash"],"picked":"Escape Plan","floor":14.0},{"not_picked":["Doppelganger","Venomology"],"picked":"Adrenaline","floor":16.0},{"not_picked":["Blade Dance+1","Flying Knee"],"picked":"Heel Hook+1","floor":18.0},{"not_picked":["Bane","All Out Attack+1"],"picked":"Dagger Spray","floor":19.0},{"not_picked":["Flechettes","Accuracy","Cloak And Dagger"],"picked":"SKIP","floor":21.0},{"not_picked":["Infinite Blades","Slice+1"],"picked":"Deadly Poison+1","floor":23.0},{"not_picked":["Underhanded Strike+1","PiercingWail","Quick Slash+1"],"picked":"SKIP","floor":24.0},{"not_picked":["PiercingWail","Prepared+1"],"picked":"Deadly Poison+1","floor":25.0},{"not_picked":["All Out Attack","Deadly Poison"],"picked":"Backflip+1","floor":29.0},{"not_picked":["Poisoned Stab","Noxious Fumes"],"picked":"Footwork","floor":30.0},{"not_picked":["Venomology","Doppelganger"],"picked":"Burst","floor":33.0},{"not_picked":["Underhanded Strike","Sucker Punch+1","Quick Slash"],"picked":"SKIP","floor":35.0},{"not_picked":["Flying Knee+1","PiercingWail+1","Prepared+1"],"picked":"SKIP","floor":37.0},{"not_picked":["Bane","Outmaneuver+1"],"picked":"Noxious Fumes","floor":38.0},{"not_picked":["Dagger Throw","Underhanded Strike","Backflip+1"],"picked":"SKIP","floor":41.0},{"not_picked":["Dash+1","Bane+1"],"picked":"Bouncing Flask+1","floor":44.0},{"not_picked":["Eviscerate+1","Infinite Blades","Predator"],"picked":"SKIP","floor":46},{"not_picked":["Outmaneuver+1","Poisoned Stab+1","Blade Dance+1"],"picked":"SKIP","floor":47},{"not_picked":["Terror+1","Reflex+1","Dodge and Roll"],"picked":"SKIP","floor":48}],"player_experience":382413,"relics_obtained":[{"floor":6.0,"key":"Paper Crane"},{"floor":8.0,"key":"Centennial Puzzle"},{"floor":9.0,"key":"Happy Flower"},{"floor":23.0,"key":"Bronze Scales"},{"floor":23.0,"key":"Snake Skull"},{"floor":26.0,"key":"Dodecahedron"},{"floor":34.0,"key":"Lantern"},{"floor":34.0,"key":"Pear"},{"floor":34.0,"key":"Thread and Needle"},{"floor":41.0,"key":"Ancient Tea Set"},{"floor":41.0,"key":"Oddly Smooth Stone"},{"floor":43.0,"key":"Pen Nib"},{"floor":44.0,"key":"Anchor"},{"floor":44.0,"key":"Strawberry"},{"floor":46,"key":"Sundial"},{"floor":46,"key":"Bottled Lightning"}],"event_choices":[{"damage_healed":0.0,"max_hp_gain":0.0,"max_hp_loss":0.0,"gold_gain":0.0,"event_name":"Shining Light","player_choice":"Entered Light","floor":4.0,"gold_loss":0.0,"damage_taken":14.0,"cards_upgraded":["Strike_G","Strike_G"]},{"damage_healed":0.0,"max_hp_gain":0.0,"max_hp_loss":0.0,"gold_gain":62.0,"event_name":"Golden Wing","player_choice":"Gained Gold","floor":5.0,"gold_loss":0.0,"damage_taken":0.0},{"damage_healed":0.0,"max_hp_gain":0.0,"max_hp_loss":0.0,"gold_gain":180.0,"event_name":"Knowing Skull","player_choice":"GOLD GOLD ","floor":20.0,"potions_obtained":[],"gold_loss":0.0,"damage_taken":21.0,"cards_obtained":[]},{"damage_healed":0.0,"max_hp_gain":0.0,"max_hp_loss":0.0,"gold_gain":0.0,"event_name":"Vampires","player_choice":"Ignored","floor":31.0,"gold_loss":0.0,"damage_taken":0.0},{"damage_healed":0.0,"max_hp_gain":0.0,"max_hp_loss":0.0,"gold_gain":0.0,"event_name":"The Woman in Blue","player_choice":"Bought 1 Potion","floor":39.0,"gold_loss":0.0,"damage_taken":0.0}],"is_beta":true,"boss_relics":[{"not_picked":["Pandora\u0027s Box","Busted Crown"],"picked":"Black Star"},{"not_picked":["HoveringKite","White Beast Statue"],"picked":"Calling Bell"}],"items_purged_floors":[7,36],"is_endless":false,"potions_floor_spawned":[2,8,12,16,21,23,24,29,30,37,38],"ascension_level":10}