{"gold_per_floor":[366,29,42,42,42,42,18,59,59,37,2,2,15,48,48,48],"floor_reached":16,"playtime":340,"items_purged":["Pain"],"score":148,"play_id":"97943d6d-5796-4eb7-98d8-e5757479efd7","local_time":"20180930185054","is_ascension_mode":true,"campfire_choices":[{"data":"Neutralize","floor":6.0,"key":"SMITH"},{"floor":15.0,"key":"REST"}],"neow_cost":"CURSE","seed_source_timestamp":0,"circlet_count":0,"master_deck":["Defend_G","Defend_G","Defend_G","Defend_G","Defend_G+1","Strike_G","Strike_G","Strike_G","Strike_G","Survivor","Neutralize+1","PiercingWail","Dagger Spray+1","Dash+1","Blade Dance","Backflip","Blur"],"special_seed":0,"relics":["Ring of the Snake","Mummified Hand","Golden Idol","Molten Egg 2","Pantograph","Ginger"],"potions_floor_usage":[],"damage_taken":[{"damage":4.0,"enemies":"2 Louse","floor":1.0,"turns":3.0},{"damage":0.0,"enemies":"Small Slimes","floor":3.0,"turns":5.0},{"damage":39.0,"enemies":"Gremlin Nob","floor":8.0,"turns":5.0},{"damage":1.0,"enemies":"Jaw Worm","floor":13.0,"turns":2.0},{"damage":9.0,"enemies":"3 Sentries","floor":14.0,"turns":7.0},{"damage":10,"enemies":"Hexaghost","floor":16,"turns":4}],"seed_played":"6746737846266104673","potions_obtained":[{"floor":3.0,"key":"Swift Potion"},{"floor":13.0,"key":"SpeedPotion"},{"floor":14.0,"key":"FairyPotion"}],"is_trial":false,"path_per_floor":["M","$","M","?","?","R","$","E","T","$","?","?","M","E","R"],"character_chosen":"THE_SILENT","items_purchased":["Mummified Hand","Dagger Spray","Blade Dance"],"campfire_rested":1,"item_purchase_floors":[2,7,10],"current_hp_per_floor":[59,59,59,59,52,52,52,13,13,13,29,16,15,6,25,40],"gold":48,"neow_bonus":"TWO_FIFTY_GOLD","is_prod":false,"is_daily":false,"chose_seed":false,"campfire_upgraded":1,"win_rate":0,"timestamp":1538358654,"path_taken":["M","$","M","?","?","R","?","E","T","$","?","?","M","E","R","BOSS"],"build_version":"2018-09-27","purchased_purges":1,"victory":false,"max_hp_per_floor":[70,70,70,65,65,65,65,65,65,65,65,65,65,65,65,65],"card_choices":[{"not_picked":["Quick Slash","Sucker Punch"],"picked":"PiercingWail","floor":1.0},{"not_picked":["Slice","Quick Slash","Poisoned Stab"],"picked":"SKIP","floor":3.0},{"not_picked":["Cloak And Dagger","Terror"],"picked":"Dash","floor":8.0},{"not_picked":["Flying Knee+1","Choke+1"],"picked":"Backflip","floor":13.0},{"not_picked":["Leg Sweep","Glass Knife+1"],"picked":"Blur","floor":14.0}],"player_experience":322363,"relics_obtained":[{"floor":8.0,"key":"Molten Egg 2"},{"floor":9.0,"key":"Pantograph"},{"floor":14.0,"key":"Ginger"}],"event_choices":[{"event_name":"Golden Idol","player_choice":"Lose Max HP","floor":4.0,"damage_taken":0.0},{"event_name":"Golden Wing","player_choice":"Card Removal","floor":5.0,"damage_taken":0.0},{"event_name":"The Cleric","player_choice":"Healed","floor":11.0,"damage_taken":0.0},{"event_name":"Shining Light","player_choice":"Entered Light","floor":12.0,"damage_taken":0.0}],"is_beta":true,"boss_relics":[],"items_purged_floors":[2],"is_endless":false,"potions_floor_spawned":[3,13,14],"killed_by":"Hexaghost","ascension_level":8}