{"gold_per_floor":[111,186,111,184,203,231,231,242,242,269,269],"floor_reached":11,"playtime":1608,"items_purged":[],"score":212,"play_id":"2f976329-343d-49b4-a261-adeb3d1a6706","local_time":"20190330001106","is_ascension_mode":true,"campfire_choices":[{"data":"Bash","floor":7,"key":"SMITH"}],"neow_cost":"NONE","seed_source_timestamp":776170743573600,"circlet_count":0,"master_deck":["AscendersBane","Strike_R","Strike_R","Strike_R","Strike_R","Strike_R","Defend_R","Defend_R","Defend_R","Bash+1","Twin Strike","Heavy Blade"],"relics":["Burning Blood","NeowsBlessing","Juzu Bracelet","Self Forming Clay","Incense Burner"],"potions_floor_usage":[10],"damage_taken":[{"damage":0,"enemies":"2 Louse","floor":1,"turns":1},{"damage":0,"enemies":"Jaw Worm","floor":5,"turns":1},{"damage":0,"enemies":"Lagavulin","floor":6,"turns":1},{"damage":4,"enemies":"Small Slimes","floor":8,"turns":4},{"damage":80,"enemies":"3 Sentries","floor":10,"turns":16},{"damage":23,"enemies":"3 Louse","floor":11,"turns":1}],"seed_played":"5695259914928917435","potions_obtained":[{"floor":1,"key":"Regen Potion"},{"floor":5,"key":"Regen Potion"}],"is_trial":false,"path_per_floor":["M","?","?","T","M","E","R","M","T","E","M"],"character_chosen":"IRONCLAD","items_purchased":[],"campfire_rested":0,"item_purchase_floors":[],"current_hp_per_floor":[74,63,63,63,69,75,75,75,75,16,0],"gold":269,"neow_bonus":"THREE_ENEMY_KILL","is_prod":false,"is_daily":false,"chose_seed":false,"campfire_upgraded":1,"win_rate":0,"timestamp":1553901066,"path_taken":["M","?","?","?","?","E","R","M","T","E","M"],"build_version":"2019-03-15","purchased_purges":0,"victory":false,"max_hp_per_floor":[75,75,75,75,75,75,75,75,75,75,75],"card_choices":[{"not_picked":["Infernal Blade","Battle Trance","Wild Strike"],"picked":"SKIP","floor":1},{"not_picked":["Power Through","Entrench","Clash"],"picked":"SKIP","floor":5},{"not_picked":["Cleave","Barricade"],"picked":"Twin Strike","floor":6},{"not_picked":["Perfected Strike","True Grit","Body Slam"],"picked":"SKIP","floor":8},{"not_picked":["Wild Strike","Armaments"],"picked":"Heavy Blade","floor":10}],"player_experience":1300917,"relics_obtained":[{"floor":6,"key":"Juzu Bracelet"},{"floor":9,"key":"Self Forming Clay"},{"floor":10,"key":"Incense Burner"}],"event_choices":[{"damage_healed":0,"gold_gain":75,"player_choice":"Gather Gold","damage_taken":11,"max_hp_gain":0,"max_hp_loss":0,"event_name":"World of Goop","floor":2,"gold_loss":0},{"cards_removed":["Defend_R"],"damage_healed":0,"gold_gain":0,"player_choice":"Card Removal","damage_taken":0,"max_hp_gain":0,"max_hp_loss":0,"event_name":"The Cleric","floor":3,"gold_loss":75}],"is_beta":true,"boss_relics":[],"items_purged_floors":[],"is_endless":false,"potions_floor_spawned":[1,5,8],"killed_by":"3 Louse","ascension_level":20}