{"gold_per_floor":[119,33,183,183,79,79,102,113,113,113,145,155,26,43,43,119,119,136,78,90,0,0,0],"floor_reached":23,"playtime":532,"items_purged":["Doubt","Pain"],"score":424,"play_id":"a765ef39-6eeb-4938-b830-bbea654a688c","local_time":"20190418002422","is_ascension_mode":true,"campfire_choices":[{"data":"Bash","floor":6,"key":"SMITH"},{"data":"Inflame","floor":15,"key":"SMITH"}],"neow_cost":"NONE","seed_source_timestamp":644664964683700,"circlet_count":0,"master_deck":["AscendersBane","Strike_R","Strike_R","Strike_R","Strike_R","Strike_R","Defend_R","Defend_R","Defend_R","Defend_R","Bash+1","Inflame+1","Shrug It Off","Shrug It Off","Sword Boomerang","Flame Barrier","Heavy Blade"],"relics":["Burning Blood","NeowsBlessing","Art of War","Vajra","WarpedTongs","Mummified Hand","Sozu","Ginger"],"potions_floor_usage":[20],"damage_taken":[{"damage":0,"enemies":"Jaw Worm","floor":1,"turns":1},{"damage":0,"enemies":"2 Louse","floor":8,"turns":1},{"damage":2,"enemies":"3 Sentries","floor":11,"turns":2},{"damage":0,"enemies":"Cultist","floor":12,"turns":2},{"damage":0,"enemies":"Large Slime","floor":14,"turns":4},{"damage":38,"enemies":"The Guardian","floor":16,"turns":13},{"damage":30,"enemies":"2 Thieves","floor":18,"turns":4},{"damage":0,"enemies":"3 Byrds","floor":20,"turns":2},{"damage":62,"enemies":"Gremlin Leader","floor":23,"turns":8}],"seed_played":"-8925320228413814448","potions_obtained":[{"floor":12,"key":"FairyPotion"},{"floor":14,"key":"Explosive Potion"},{"floor":16,"key":"Ancient Potion"}],"is_trial":false,"path_per_floor":["M","$","?","?","$","R","T","M","T","?","E","M","$","M","R","B",null,"M","$","M","?","?","E"],"character_chosen":"IRONCLAD","items_purchased":["Inflame","Shrug It Off","Sword Boomerang","Heavy Blade"],"campfire_rested":0,"item_purchase_floors":[2,5,13,19],"current_hp_per_floor":[74,74,74,56,56,56,56,62,62,62,66,72,72,75,75,43,67,43,43,49,49,49,0],"gold":0,"neow_bonus":"THREE_ENEMY_KILL","is_prod":false,"is_daily":false,"chose_seed":false,"campfire_upgraded":2,"win_rate":0,"timestamp":1555539862,"path_taken":["M","$","?","?","$","R","?","?","T","?","E","?","?","M","R","BOSS","M","$","M","?","?","E"],"build_version":"2019-04-04","purchased_purges":2,"victory":false,"max_hp_per_floor":[75,75,75,75,75,75,75,75,75,75,75,75,75,75,75,75,75,75,75,75,75,75,75],"card_choices":[{"not_picked":["Headbutt","Seeing Red","Rupture"],"picked":"SKIP","floor":1},{"not_picked":["Uppercut","True Grit"],"picked":"Shrug It Off","floor":8},{"not_picked":["Entrench","Warcry","Havoc"],"picked":"SKIP","floor":11},{"not_picked":["Pommel Strike","Sever Soul","Iron Wave"],"picked":"SKIP","floor":12},{"not_picked":["Perfected Strike","Havoc","Hemokinesis"],"picked":"SKIP","floor":14},{"not_picked":["Anger+1","Disarm+1"],"picked":"Flame Barrier","floor":18},{"not_picked":["Battle Trance+1","Cleave","Combust"],"picked":"SKIP","floor":20}],"player_experience":1397497,"relics_obtained":[{"floor":7,"key":"Vajra"},{"floor":11,"key":"Mummified Hand"}],"event_choices":[{"damage_healed":0,"gold_gain":150,"player_choice":"AGREE","damage_taken":0,"max_hp_gain":0,"max_hp_loss":0,"event_name":"Liars Game","floor":3,"gold_loss":0,"cards_obtained":["Doubt"]},{"damage_healed":0,"gold_gain":0,"player_choice":"Success","damage_taken":18,"relics_obtained":["Art of War"],"max_hp_gain":0,"max_hp_loss":0,"event_name":"Scrap Ooze","floor":4,"gold_loss":0},{"damage_healed":0,"gold_gain":0,"player_choice":"Rummage","damage_taken":0,"relics_obtained":["WarpedTongs"],"max_hp_gain":0,"max_hp_loss":0,"event_name":"Accursed Blacksmith","floor":10,"gold_loss":0,"cards_obtained":["Pain"]},{"damage_healed":0,"gold_gain":0,"player_choice":"Paid Fearfully","damage_taken":0,"max_hp_gain":0,"max_hp_loss":0,"event_name":"Masked Bandits","floor":21,"gold_loss":90},{"damage_healed":0,"gold_gain":0,"player_choice":"Gave Potion","damage_taken":0,"relics_obtained":["Ginger"],"max_hp_gain":0,"max_hp_loss":0,"event_name":"WeMeetAgain","floor":22,"gold_loss":0}],"is_beta":true,"boss_relics":[{"not_picked":["White Beast Statue","Black Blood"],"picked":"Sozu"}],"items_purged_floors":[5,13],"is_endless":false,"potions_floor_spawned":[12,14,16,18,20],"killed_by":"Gremlin Leader","ascension_level":20}