{"gold_per_floor":[115,128,203,215,215,215,241,241,321,52,52,95,95,136,136,264,264,278,238,263,283,283],"floor_reached":22,"playtime":1371,"items_purged":[],"score":293,"play_id":"26da9855-4a63-499c-a96c-50cd3c65e382","local_time":"20190329155641","is_ascension_mode":true,"campfire_choices":[{"floor":6,"key":"REST"},{"floor":13,"key":"REST"},{"floor":15,"key":"REST"}],"neow_cost":"NONE","seed_source_timestamp":89458984570243,"circlet_count":0,"master_deck":["Defend_G","Defend_G","Defend_G+1","Defend_G","Defend_G","Strike_G","Strike_G","Strike_G","Strike_G","Survivor+1","Neutralize","Dagger Spray+1","Riddle With Holes","Predator","Poisoned Stab","Well Laid Plans+1","Backflip+1","Die Die Die","Terror","Concentrate","Poisoned Stab"],"relics":["Ring of the Serpent","Vajra","Oddly Smooth Stone","Golden Idol","Blue Candle","Frozen Egg 2","Kunai","Darkstone Periapt"],"potions_floor_usage":[4,18,20],"damage_taken":[{"damage":4,"enemies":"Small Slimes","floor":1,"turns":3},{"damage":0,"enemies":"2 Louse","floor":2,"turns":4},{"damage":1,"enemies":"Cultist","floor":4,"turns":3},{"damage":28,"enemies":"Lagavulin","floor":7,"turns":6},{"damage":22,"enemies":"Gremlin Nob","floor":12,"turns":4},{"damage":17,"enemies":"Lagavulin","floor":14,"turns":7},{"damage":20,"enemies":"Slime Boss","floor":16,"turns":13},{"damage":21,"enemies":"Spheric Guardian","floor":18,"turns":8},{"damage":22,"enemies":"2 Thieves","floor":20,"turns":3},{"damage":12,"enemies":"Cultist and Chosen","floor":21,"turns":7},{"damage":15,"enemies":"Snake Plant","floor":22,"turns":2}],"seed_played":"256010866729590928","potions_obtained":[{"floor":4,"key":"Fruit Juice"},{"floor":16,"key":"Regen Potion"},{"floor":18,"key":"Poison Potion"}],"is_trial":false,"path_per_floor":["M","M","?","M","?","R","E","?","T","$","?","E","R","E","R","B",null,"M","?","M","M","M"],"character_chosen":"THE_SILENT","items_purchased":["Frozen Egg 2","Poisoned Stab"],"campfire_rested":3,"item_purchase_floors":[10,10],"current_hp_per_floor":[59,59,48,52,45,67,39,39,39,39,25,3,23,6,26,6,53,47,47,25,13,0],"gold":283,"neow_bonus":"RANDOM_COMMON_RELIC","is_prod":false,"is_daily":false,"chose_seed":false,"campfire_upgraded":0,"win_rate":0,"timestamp":1553853401,"path_taken":["M","M","?","M","?","R","E","?","T","$","?","E","R","E","R","BOSS","M","?","M","M","?"],"build_version":"2019-01-23","purchased_purges":0,"victory":false,"max_hp_per_floor":[70,70,70,75,75,75,75,69,69,69,69,69,69,69,69,69,69,69,69,69,69,69],"card_choices":[{"not_picked":["Deflect","Slice"],"picked":"Dagger Spray","floor":1},{"not_picked":["Endless Agony","Cloak And Dagger"],"picked":"Riddle With Holes","floor":2},{"not_picked":["Slice","Quick Slash"],"picked":"Predator","floor":4},{"not_picked":["All Out Attack","Finisher","Distraction"],"picked":"SKIP","floor":7},{"not_picked":["Dagger Throw","Riddle With Holes"],"picked":"Well Laid Plans+1","floor":12},{"not_picked":["Glass Knife","Riddle With Holes"],"picked":"Backflip","floor":14},{"not_picked":["Storm of Steel","Doppelganger"],"picked":"Die Die Die","floor":16},{"not_picked":["Slice","Bane"],"picked":"Terror","floor":18},{"not_picked":["Sucker Punch","Backflip"],"picked":"Concentrate","floor":20},{"not_picked":["Backflip","Heel Hook"],"picked":"Poisoned Stab","floor":21}],"player_experience":1074564,"relics_obtained":[{"floor":7,"key":"Oddly Smooth Stone"},{"floor":9,"key":"Blue Candle"},{"floor":12,"key":"Kunai"},{"floor":14,"key":"Darkstone Periapt"}],"event_choices":[{"damage_healed":0,"gold_gain":75,"player_choice":"Gather Gold","damage_taken":11,"max_hp_gain":0,"max_hp_loss":0,"event_name":"World of Goop","floor":3,"gold_loss":0},{"cards_removed":["Strike_G"],"damage_healed":0,"gold_gain":0,"player_choice":"Card Removal","damage_taken":7,"max_hp_gain":0,"max_hp_loss":0,"event_name":"Golden Wing","floor":5,"gold_loss":0},{"damage_healed":0,"gold_gain":0,"player_choice":"Lose Max HP","damage_taken":0,"relics_obtained":["Golden Idol"],"max_hp_gain":0,"max_hp_loss":6,"event_name":"Golden Idol","floor":8,"gold_loss":0},{"damage_healed":0,"gold_gain":0,"player_choice":"Entered Light","damage_taken":14,"max_hp_gain":0,"max_hp_loss":0,"event_name":"Shining Light","floor":11,"gold_loss":0,"cards_upgraded":["Survivor","Defend_G"]},{"damage_healed":0,"gold_gain":0,"player_choice":"Upgraded Two","damage_taken":0,"max_hp_gain":0,"max_hp_loss":0,"event_name":"Designer","floor":19,"gold_loss":40,"cards_upgraded":["Backflip","Dagger Spray"]}],"is_beta":false,"boss_relics":[{"not_picked":["Busted Crown","Pandora\u0027s Box"],"picked":"Ring of the Serpent"}],"items_purged_floors":[],"is_endless":false,"potions_floor_spawned":[4,16,18],"killed_by":"Snake Plant","ascension_level":9}