{"gold_per_floor":[367,517,531,547,547,547,177,188,239,239,41,41,55,69,69,69],"floor_reached":16,"playtime":542,"items_purged":["Doubt"],"score":184,"play_id":"6da8518c-e61a-4260-a145-85e895d37ffa","local_time":"20190117000349","is_ascension_mode":true,"campfire_choices":[{"data":"Neutralize","floor":6,"key":"SMITH"},{"floor":10,"key":"REST"},{"data":"Dagger Spray","floor":12,"key":"SMITH"},{"floor":15,"key":"REST"}],"neow_cost":"CURSE","seed_source_timestamp":619380036526100,"circlet_count":0,"master_deck":["AscendersBane","Defend_G","Defend_G","Defend_G+1","Defend_G","Defend_G+1","Strike_G","Strike_G","Strike_G","Strike_G","Strike_G","Survivor","Neutralize+1","Decay","Dodge and Roll","Blur","Tools of the Trade","Dagger Spray+1","Blade Dance","Leg Sweep","Flying Knee","Sucker Punch"],"relics":["Ring of the Snake","Strawberry","Oddly Smooth Stone","War Paint"],"potions_floor_usage":[13,16,16],"damage_taken":[{"damage":14,"enemies":"Jaw Worm","floor":1,"turns":8},{"damage":7,"enemies":"Small Slimes","floor":3,"turns":6},{"damage":3,"enemies":"Cultist","floor":4,"turns":5},{"damage":12,"enemies":"3 Louse","floor":8,"turns":4},{"damage":14,"enemies":"Exordium Thugs","floor":13,"turns":7},{"damage":0,"enemies":"Looter","floor":14,"turns":3},{"damage":60,"enemies":"Slime Boss","floor":16,"turns":11}],"seed_played":"4161773762659112524","potions_obtained":[{"floor":3,"key":"Fire Potion"},{"floor":4,"key":"EssenceOfSteel"},{"floor":5,"key":"Dexterity Potion"},{"floor":13,"key":"LiquidBronze"}],"is_trial":false,"path_per_floor":["M","?","M","M","?","R","$","M","T","R","$","R","M","M","R","B"],"character_chosen":"THE_SILENT","items_purchased":["Tools of the Trade","Strawberry","Dagger Spray","War Paint","Leg Sweep"],"campfire_rested":2,"item_purchase_floors":[7,7,7,11,11],"current_hp_per_floor":[45,45,38,35,35,35,42,30,30,51,51,51,37,37,58,0],"gold":69,"neow_bonus":"TWO_FIFTY_GOLD","is_prod":false,"is_daily":false,"chose_seed":false,"campfire_upgraded":2,"win_rate":0,"timestamp":1547679829,"path_taken":["M","?","M","M","?","R","$","M","T","R","$","R","M","?","R","BOSS"],"build_version":"2019-01-14v2","purchased_purges":1,"victory":false,"max_hp_per_floor":[66,66,66,66,66,66,73,73,73,73,73,73,73,73,73,73],"card_choices":[{"not_picked":["Bane","Flechettes"],"picked":"Dodge and Roll","floor":1},{"not_picked":["Heel Hook","Skewer"],"picked":"Blur","floor":3},{"not_picked":["Deadly Poison","Caltrops","Quick Slash"],"picked":"SKIP","floor":4},{"not_picked":["Masterful Stab","Bane"],"picked":"Blade Dance","floor":8},{"not_picked":["Phantasmal Killer","Poisoned Stab"],"picked":"Flying Knee","floor":13},{"not_picked":["Catalyst","Leg Sweep"],"picked":"Sucker Punch","floor":14}],"player_experience":1047820,"relics_obtained":[{"floor":9,"key":"Oddly Smooth Stone"}],"event_choices":[{"damage_healed":0,"gold_gain":150,"player_choice":"AGREE","damage_taken":0,"max_hp_gain":0,"max_hp_loss":0,"event_name":"Liars Game","floor":2,"gold_loss":0,"cards_obtained":["Doubt"]},{"damage_healed":0,"gold_gain":0,"player_choice":"Got Potions","damage_taken":0,"max_hp_gain":0,"max_hp_loss":0,"event_name":"Lab","floor":5,"gold_loss":0}],"is_beta":true,"boss_relics":[],"items_purged_floors":[7],"is_endless":false,"potions_floor_spawned":[3,4,13],"killed_by":"Slime Boss","ascension_level":20}