{"gold_per_floor":[116,116,128,128,138,138,154,154,181,198,198,227,227,237,237,308,308,319,369,380,395,407,407,407,407,707,707,707,727,727,49,49,124,124,142,153,153,153,163,163,163,34,61,81,81,116,116,128,128,128],"floor_reached":50,"playtime":2390,"items_purged":["Rupture","Strike_R+1"],"score":1044,"play_id":"1f833fb8-79ce-46fa-af7c-9ee3401d3053","local_time":"20190418004039","is_ascension_mode":true,"campfire_choices":[{"data":"Searing Blow","floor":6.0,"key":"SMITH"},{"data":"Searing Blow+1","floor":8.0,"key":"SMITH"},{"data":"Whirlwind","floor":11.0,"key":"SMITH"},{"data":"Searing Blow+3","floor":15.0,"key":"SMITH"},{"floor":23.0,"key":"REST"},{"data":"Searing Blow+4","floor":25.0,"key":"SMITH"},{"data":"Searing Blow+5","floor":27.0,"key":"SMITH"},{"floor":32.0,"key":"REST"},{"data":"Searing Blow+6","floor":40.0,"key":"SMITH"},{"data":"Searing Blow+7","floor":45.0,"key":"SMITH"},{"floor":49.0,"key":"RECALL"}],"neow_cost":"NONE","seed_source_timestamp":593328653017679,"circlet_count":0,"master_deck":["AscendersBane","Strike_R+1","Strike_R+1","Defend_R+1","Defend_R+1","Defend_R+1","Defend_R+1","Bash","Searing Blow+8","Shrug It Off","Shrug It Off","Whirlwind+1","Evolve","Feed","Bloodletting+1","True Grit+1","Master of Strategy","Barricade","Armaments+1","Dark Shackles","Rupture","Warcry+1","Armaments","Corruption+1"],"special_seed":0,"relics":["Burning Blood","Vajra","Lantern","Potion Belt","Velvet Choker","Old Coin","Enchiridion","Chemical X","Regal Pillow","Eternal Feather","Mango"],"potions_floor_usage":[50,50,50],"damage_taken":[{"damage":6.0,"enemies":"Small Slimes","floor":1.0,"turns":4.0},{"damage":22.0,"enemies":"2 Louse","floor":3.0,"turns":5.0},{"damage":7.0,"enemies":"Cultist","floor":5.0,"turns":4.0},{"damage":7.0,"enemies":"Looter","floor":7.0,"turns":4.0},{"damage":0.0,"enemies":"2 Fungi Beasts","floor":10.0,"turns":3.0},{"damage":0.0,"enemies":"Gremlin Nob","floor":12.0,"turns":2.0},{"damage":14.0,"enemies":"Lots of Slimes","floor":14.0,"turns":3.0},{"damage":56.0,"enemies":"Hexaghost","floor":16.0,"turns":8.0},{"damage":6.0,"enemies":"Spheric Guardian","floor":18.0,"turns":3.0},{"damage":17.0,"enemies":"2 Thieves","floor":20.0,"turns":3.0},{"damage":6.0,"enemies":"3 Cultists","floor":21.0,"turns":4.0},{"damage":49.0,"enemies":"Shelled Parasite and Fungi","floor":22.0,"turns":6.0},{"damage":18.0,"enemies":"Colosseum Slavers","floor":24.0,"turns":5.0},{"damage":6.0,"enemies":"Snake Plant","floor":29.0,"turns":3.0},{"damage":17.0,"enemies":"Champ","floor":33.0,"turns":12.0},{"damage":5.0,"enemies":"3 Shapes","floor":35.0,"turns":8.0},{"damage":16.0,"enemies":"3 Darklings","floor":36.0,"turns":3.0},{"damage":1.0,"enemies":"4 Shapes","floor":39.0,"turns":10.0},{"damage":15.0,"enemies":"Writhing Mass","floor":44.0,"turns":9.0},{"damage":28.0,"enemies":"Nemesis","floor":46.0,"turns":5.0},{"damage":7.0,"enemies":"3 Darklings","floor":48.0,"turns":2.0},{"damage":104,"enemies":"Donu and Deca","floor":50,"turns":7}],"seed_played":"-6023559368547574206","potions_obtained":[{"floor":1.0,"key":"Strength Potion"},{"floor":5.0,"key":"Fire Potion"},{"floor":12.0,"key":"Fruit Juice"},{"floor":18.0,"key":"SpeedPotion"},{"floor":21.0,"key":"Explosive Potion"},{"floor":29.0,"key":"PowerPotion"},{"floor":35.0,"key":"Ancient Potion"},{"floor":36.0,"key":"FearPotion"},{"floor":39.0,"key":"Energy Potion"}],"is_trial":false,"path_per_floor":["M","?","M","?","M","R","M","R","T","M","R","E","?","M","R","B",null,"M","?","M","M","M","R","?","R","T","R","?","M","?","$","R","B",null,"M","M","?","?","M","R","?","$","T","M","R","E","?","M","R","B"],"character_chosen":"IRONCLAD","items_purchased":["Chemical X","Regal Pillow","Master of Strategy","Armaments"],"campfire_rested":2,"item_purchase_floors":[31,31,31,42],"current_hp_per_floor":[68,73,57,57,56,56,55,55,55,61,61,67,67,59,59,9,62,62,62,54,57,17,43,31,31,31,31,10,10,10,10,51,43,80,84,74,69,69,77,89,89,89,89,80,92,84,84,83,95,0],"gold":128,"neow_bonus":"RANDOM_COMMON_RELIC","is_prod":false,"is_daily":false,"chose_seed":false,"campfire_upgraded":8,"win_rate":0,"timestamp":1555569639,"path_taken":["M","?","M","?","M","R","M","R","T","?","R","E","?","M","R","BOSS","M","?","M","M","?","R","?","R","T","R","?","M","?","$","R","BOSS","M","M","?","?","?","R","?","$","T","M","R","E","?","M","R","BOSS"],"build_version":"2019-04-04","purchased_purges":2,"victory":false,"max_hp_per_floor":[75,80,80,80,80,80,80,80,80,80,80,80,80,80,80,80,80,80,80,83,86,89,89,89,89,89,89,89,89,89,89,89,92,92,95,95,95,95,98,98,98,98,98,98,98,112,106,106,106,115],"card_choices":[{"not_picked":["Fire Breathing","Power Through"],"picked":"Searing Blow","floor":1.0},{"not_picked":["Sword Boomerang","Perfected Strike","Flex"],"picked":"SKIP","floor":3.0},{"not_picked":["Headbutt","Corruption"],"picked":"Shrug It Off","floor":5.0},{"not_picked":["Sever Soul","Clash"],"picked":"Shrug It Off","floor":7.0},{"not_picked":["Hemokinesis","Blood for Blood"],"picked":"Whirlwind","floor":10.0},{"not_picked":["Carnage","Brutality","Uppercut"],"picked":"SKIP","floor":12.0},{"not_picked":["Cleave","Sword Boomerang"],"picked":"Evolve","floor":14.0},{"not_picked":["Juggernaut","Immolate"],"picked":"Feed","floor":16.0},{"not_picked":["Rupture","Rage"],"picked":"Bloodletting+1","floor":18.0},{"not_picked":["Clothesline","Wild Strike+1","Thunderclap"],"picked":"SKIP","floor":20.0},{"not_picked":["Bloodletting","Sentinel","Hemokinesis"],"picked":"SKIP","floor":21.0},{"not_picked":["Clothesline","Rampage"],"picked":"True Grit+1","floor":22.0},{"not_picked":["Pommel Strike","Combust","Fire Breathing"],"picked":"SKIP","floor":29.0},{"not_picked":["Fiend Fire","Dark Embrace"],"picked":"Barricade","floor":33.0},{"not_picked":["Sword Boomerang","Heavy Blade+1","Clash"],"picked":"SKIP","floor":35.0},{"not_picked":["Sword Boomerang+1","Metallicize"],"picked":"Armaments+1","floor":36.0},{"not_picked":["PanicButton","Magnetism"],"picked":"Dark Shackles","floor":37.0},{"not_picked":["Twin Strike","Ghostly Armor"],"picked":"Warcry+1","floor":39.0},{"not_picked":["Clash+1","Twin Strike","Evolve"],"picked":"SKIP","floor":44.0},{"not_picked":["Barricade","Clash","Armaments"],"picked":"SKIP","floor":46.0},{"not_picked":["Heavy Blade","Rampage"],"picked":"Corruption+1","floor":48.0}],"player_experience":2923305,"relics_obtained":[{"floor":9.0,"key":"Lantern"},{"floor":12.0,"key":"Potion Belt"},{"floor":26.0,"key":"Old Coin"},{"floor":28.0,"key":"Enchiridion"},{"floor":46.0,"key":"Mango"}],"event_choices":[{"damage_healed":0.0,"max_hp_gain":5.0,"max_hp_loss":0.0,"gold_gain":0.0,"event_name":"Big Fish","player_choice":"Donut","floor":2.0,"gold_loss":0.0,"damage_taken":0.0},{"damage_healed":0.0,"max_hp_gain":0.0,"max_hp_loss":0.0,"gold_gain":0.0,"cards_transformed":["Strike_R"],"event_name":"Transmorgrifier","player_choice":"Transformed","floor":4.0,"gold_loss":0.0,"damage_taken":0.0,"cards_obtained":["Rupture"]},{"damage_healed":0.0,"max_hp_gain":0.0,"max_hp_loss":0.0,"gold_gain":0.0,"event_name":"Living Wall","player_choice":"Grow","floor":13.0,"gold_loss":0.0,"damage_taken":0.0,"cards_upgraded":["Searing Blow"]},{"damage_healed":0.0,"max_hp_gain":0.0,"max_hp_loss":0.0,"gold_gain":50.0,"event_name":"Golden Shrine","player_choice":"Pray","floor":19.0,"gold_loss":0.0,"damage_taken":0.0},{"damage_healed":0.0,"max_hp_gain":0.0,"max_hp_loss":0.0,"gold_gain":0.0,"event_name":"Colosseum","player_choice":"Fight","floor":24.0,"gold_loss":0.0,"damage_taken":0.0},{"damage_healed":0.0,"max_hp_gain":0.0,"max_hp_loss":0.0,"gold_gain":0.0,"event_name":"Colosseum","player_choice":"Fled From Nobs","floor":24.0,"gold_loss":0.0,"damage_taken":0.0},{"damage_healed":0.0,"max_hp_gain":0.0,"max_hp_loss":0.0,"gold_gain":0.0,"event_name":"Cursed Tome","player_choice":"Obtained Book","floor":28.0,"gold_loss":0.0,"damage_taken":21.0},{"damage_healed":0.0,"max_hp_gain":0.0,"max_hp_loss":0.0,"gold_gain":0.0,"event_name":"Back to Basics","player_choice":"Simplicity","floor":30.0,"gold_loss":0.0,"damage_taken":0.0,"cards_upgraded":["Strike_R","Strike_R","Strike_R","Strike_R","Defend_R","Defend_R","Defend_R","Defend_R"]},{"damage_healed":0.0,"max_hp_gain":0.0,"max_hp_loss":0.0,"gold_gain":0.0,"event_name":"SensoryStone","player_choice":"Memory 2","floor":37.0,"gold_loss":0.0,"damage_taken":5.0},{"damage_healed":0.0,"max_hp_gain":0.0,"max_hp_loss":0.0,"gold_gain":0.0,"cards_transformed":["Strike_R"],"event_name":"Transmorgrifier","player_choice":"Transformed","floor":38.0,"gold_loss":0.0,"damage_taken":0.0,"cards_obtained":["Rupture"]},{"damage_healed":0.0,"max_hp_gain":0.0,"max_hp_loss":0.0,"gold_gain":0.0,"event_name":"Tomb of Lord Red Mask","player_choice":"Ignored","floor":41.0,"gold_loss":0.0,"damage_taken":0.0},{"damage_healed":0.0,"max_hp_gain":0.0,"max_hp_loss":6.0,"gold_gain":0.0,"event_name":"Winding Halls","player_choice":"Max HP","floor":47.0,"gold_loss":0.0,"damage_taken":0.0}],"is_beta":true,"boss_relics":[{"not_picked":["Sozu","Ectoplasm"],"picked":"Velvet Choker"},{"not_picked":["Runic Cube","Philosopher\u0027s Stone"],"picked":"Eternal Feather"}],"items_purged_floors":[31,42],"is_endless":false,"potions_floor_spawned":[1,5,12,18,21,29,35,36,39],"killed_by":"Donu and Deca","ascension_level":20}