{"gold_per_floor":[119,44,64,64,214,248,248,582,629,655,655,683,697,641,641,641],"floor_reached":16,"playtime":301,"items_purged":["Defend_R"],"score":302,"play_id":"24f57d19-4bca-4424-b6cb-708aa31b63a9","local_time":"20190412163151","is_ascension_mode":true,"campfire_choices":[{"data":"Inflame","floor":7,"key":"SMITH"},{"floor":15,"key":"REST"}],"neow_cost":"NONE","seed_source_timestamp":184527898798000,"circlet_count":0,"master_deck":["AscendersBane","Strike_R","Strike_R","Strike_R","Strike_R","Strike_R","Defend_R","Defend_R","Defend_R","Bash+1","Shrug It Off+1","Doubt","Inflame+1","Shrug It Off"],"relics":["Burning Blood","NeowsBlessing","Red Skull","Old Coin","Omamori","Mummified Hand"],"potions_floor_usage":[12,16,16],"damage_taken":[{"damage":0,"enemies":"Small Slimes","floor":1,"turns":1},{"damage":0,"enemies":"2 Louse","floor":3,"turns":1},{"damage":0,"enemies":"Lagavulin","floor":6,"turns":1},{"damage":52,"enemies":"Gremlin Nob","floor":8,"turns":5},{"damage":19,"enemies":"Lagavulin","floor":10,"turns":6},{"damage":8,"enemies":"Gremlin Nob","floor":12,"turns":3},{"damage":0,"enemies":"Cultist","floor":13,"turns":3},{"damage":43,"enemies":"Hexaghost","floor":16,"turns":9}],"seed_played":"4098875815331007972","potions_obtained":[{"floor":1,"key":"SteroidPotion"},{"floor":12,"key":"SpeedPotion"},{"floor":13,"key":"SpeedPotion"}],"is_trial":false,"path_per_floor":["M","$","M","?","?","E","R","E","T","E","?","E","M","?","R","B"],"character_chosen":"IRONCLAD","items_purchased":[],"campfire_rested":1,"item_purchase_floors":[],"current_hp_per_floor":[74,74,75,75,75,75,75,29,29,16,16,14,20,20,42,0],"gold":641,"neow_bonus":"THREE_ENEMY_KILL","is_prod":false,"is_daily":false,"chose_seed":false,"campfire_upgraded":1,"win_rate":0,"timestamp":1555079511,"path_taken":["M","$","M","?","?","E","R","E","T","E","?","E","?","?","R","BOSS"],"build_version":"2019-04-04","purchased_purges":1,"victory":false,"max_hp_per_floor":[75,75,75,75,75,75,75,75,75,75,75,75,75,75,75,75],"card_choices":[{"not_picked":["Power Through","Cleave","Body Slam"],"picked":"SKIP","floor":1},{"not_picked":["Warcry","Sword Boomerang"],"picked":"Shrug It Off","floor":3},{"not_picked":["Intimidate","Pommel Strike"],"picked":"Inflame","floor":6},{"not_picked":["Cleave","Perfected Strike"],"picked":"Shrug It Off","floor":8},{"not_picked":["Perfected Strike","Brutality","Sever Soul"],"picked":"SKIP","floor":10},{"not_picked":["Wild Strike","Warcry","Blood for Blood"],"picked":"SKIP","floor":12},{"not_picked":["Headbutt","Havoc","Cleave"],"picked":"SKIP","floor":13}],"player_experience":1367780,"relics_obtained":[{"floor":6,"key":"Red Skull"},{"floor":8,"key":"Old Coin"},{"floor":10,"key":"Omamori"},{"floor":12,"key":"Mummified Hand"}],"event_choices":[{"damage_healed":0,"gold_gain":0,"player_choice":"Grow","damage_taken":0,"max_hp_gain":0,"max_hp_loss":0,"event_name":"Living Wall","floor":4,"gold_loss":0,"cards_upgraded":["Bash"]},{"damage_healed":0,"gold_gain":150,"player_choice":"AGREE","damage_taken":0,"max_hp_gain":0,"max_hp_loss":0,"event_name":"Liars Game","floor":5,"gold_loss":0,"cards_obtained":["Doubt"]},{"damage_healed":0,"gold_gain":0,"player_choice":"Upgraded","damage_taken":0,"max_hp_gain":0,"max_hp_loss":0,"event_name":"Upgrade Shrine","floor":11,"gold_loss":0,"cards_upgraded":["Shrug It Off"]},{"damage_healed":0,"gold_gain":0,"player_choice":"Left Gold","damage_taken":0,"max_hp_gain":0,"max_hp_loss":0,"event_name":"World of Goop","floor":14,"gold_loss":56}],"is_beta":true,"boss_relics":[],"items_purged_floors":[2],"is_endless":false,"potions_floor_spawned":[1,12,13],"killed_by":"Hexaghost","ascension_level":20}