{"gold_per_floor":[112,112,137,62,83,114,114,135,135,135,154,174,187,187,187,315,315,225,225,54,69,82,82,122,122,176,176,209,308,308,70,70,191,191,206,206,7,22,22,22],"floor_reached":40,"playtime":3111,"items_purged":["Writhe","Strike_G+1","Strike_G+1","Strike_G+1"],"score":633,"play_id":"50b787a7-e499-42e4-b422-db8ee1807b3e","local_time":"20190501184129","is_ascension_mode":true,"campfire_choices":[{"data":"Noxious Fumes","floor":7,"key":"SMITH"},{"data":"Footwork","floor":15,"key":"SMITH"},{"data":"Footwork","floor":23,"key":"SMITH"},{"floor":25,"key":"REST"},{"data":"Noxious Fumes","floor":27,"key":"SMITH"},{"floor":30,"key":"REST"},{"data":"Doppelganger","floor":32,"key":"SMITH"}],"neow_cost":"CURSE","seed_source_timestamp":294833784784525,"circlet_count":0,"master_deck":["AscendersBane","Defend_G+1","Defend_G+1","Defend_G+1","Defend_G+1","Defend_G+1","Strike_G+1","Strike_G+1","Survivor","Neutralize","Footwork+1","Noxious Fumes+1","Bouncing Flask","Dodge and Roll+1","Footwork+1","Leg Sweep+1","Blur","Die Die Die+1","Noxious Fumes+1","Escape Plan+1","Deflect","Doppelganger+1","After Image","Backflip+1","Madness","Madness"],"relics":["Ring of the Snake","Unceasing Top","Golden Idol","Molten Egg 2","Ornamental Fan","Black Star","Smiling Mask","Blood Vial","Vajra","Nunchaku","Happy Flower","Fusion Hammer","War Paint"],"potions_floor_usage":[6,16,24,24,28,33,40],"damage_taken":[{"damage":5,"enemies":"Jaw Worm","floor":1,"turns":6},{"damage":0,"enemies":"2 Louse","floor":3,"turns":5},{"damage":0,"enemies":"Cultist","floor":5,"turns":4},{"damage":29,"enemies":"3 Sentries","floor":6,"turns":7},{"damage":0,"enemies":"2 Fungi Beasts","floor":8,"turns":4},{"damage":12,"enemies":"3 Louse","floor":11,"turns":6},{"damage":2,"enemies":"Exordium Wildlife","floor":12,"turns":6},{"damage":2,"enemies":"Exordium Thugs","floor":13,"turns":6},{"damage":3,"enemies":"The Guardian","floor":16,"turns":11},{"damage":21,"enemies":"2 Thieves","floor":18,"turns":5},{"damage":10,"enemies":"Spheric Guardian","floor":21,"turns":4},{"damage":6,"enemies":"Cultist and Chosen","floor":22,"turns":9},{"damage":18,"enemies":"Slavers","floor":24,"turns":6},{"damage":17,"enemies":"Book of Stabbing","floor":28,"turns":9},{"damage":2,"enemies":"Automaton","floor":33,"turns":12},{"damage":27,"enemies":"3 Darklings","floor":35,"turns":5},{"damage":0,"enemies":"Orb Walker","floor":38,"turns":7},{"damage":26,"enemies":"Reptomancer","floor":40,"turns":5}],"seed_played":"-3288960762856731101","potions_obtained":[{"floor":3,"key":"AttackPotion"},{"floor":6,"key":"PowerPotion"},{"floor":8,"key":"Weak Potion"},{"floor":11,"key":"Energy Potion"},{"floor":22,"key":"Swift Potion"},{"floor":33,"key":"Poison Potion"}],"is_trial":false,"path_per_floor":["M","?","M","$","M","E","R","M","T","?","M","M","M","?","R","B",null,"M","?","$","M","M","R","E","R","T","R","E","?","R","$","R","B",null,"M","?","$","M","?","E"],"character_chosen":"THE_SILENT","items_purchased":["Noxious Fumes","Doppelganger","Dexterity Potion","War Paint"],"campfire_rested":2,"item_purchase_floors":[20,31,31,37],"current_hp_per_floor":[58,58,58,58,58,29,29,29,29,29,17,15,13,34,34,31,57,36,36,36,26,20,20,2,21,21,21,6,6,25,25,25,25,55,30,30,30,32,24,0],"gold":22,"neow_bonus":"ONE_RARE_RELIC","is_prod":false,"is_daily":false,"chose_seed":false,"campfire_upgraded":5,"win_rate":0,"timestamp":1556772089,"path_taken":["M","?","M","$","M","E","R","M","T","?","M","?","M","?","R","BOSS","M","?","$","M","M","R","E","R","T","R","E","?","R","?","R","BOSS","M","?","$","M","?","E"],"build_version":"2019-01-23","purchased_purges":4,"victory":false,"max_hp_per_floor":[70,65,65,65,65,65,65,65,65,65,65,65,65,65,65,65,65,65,65,65,65,65,65,65,65,65,65,65,65,65,65,65,65,65,65,65,65,65,65,65],"card_choices":[{"not_picked":["Bane","Backflip"],"picked":"Footwork","floor":1},{"not_picked":["Deadly Poison","Reflex"],"picked":"Noxious Fumes","floor":3},{"not_picked":["PiercingWail","Prepared"],"picked":"Bouncing Flask","floor":5},{"not_picked":["Underhanded Strike","Skewer"],"picked":"Dodge and Roll","floor":6},{"not_picked":["All Out Attack+1","Quick Slash+1"],"picked":"Footwork","floor":8},{"not_picked":["Backflip","Acrobatics"],"picked":"Leg Sweep","floor":11},{"not_picked":["Outmaneuver","Glass Knife+1","Sucker Punch+1"],"picked":"SKIP","floor":12},{"not_picked":["Calculated Gamble","Well Laid Plans"],"picked":"Blur","floor":13},{"not_picked":["Storm of Steel","Bullet Time"],"picked":"Die Die Die+1","floor":16},{"not_picked":["Flying Knee+1","Bane+1","Sucker Punch+1"],"picked":"SKIP","floor":18},{"not_picked":["Blade Dance","Dodge and Roll","Deadly Poison+1"],"picked":"SKIP","floor":21},{"not_picked":["A Thousand Cuts","Underhanded Strike+1","Deflect"],"picked":"SKIP","floor":22},{"not_picked":["Deflect+1","Crippling Poison"],"picked":"Escape Plan+1","floor":24},{"not_picked":["Sucker Punch+1","Bane+1"],"picked":"Deflect","floor":28},{"not_picked":["Malaise","Tools of the Trade"],"picked":"After Image","floor":33},{"not_picked":["Cloak And Dagger","Deflect"],"picked":"Backflip+1","floor":35},{"not_picked":["Tactician+1","PiercingWail+1","Eviscerate+1"],"picked":"SKIP","floor":38}],"player_experience":373450,"relics_obtained":[{"floor":6,"key":"Molten Egg 2"},{"floor":9,"key":"Ornamental Fan"},{"floor":24,"key":"Smiling Mask"},{"floor":24,"key":"Blood Vial"},{"floor":26,"key":"Vajra"},{"floor":28,"key":"Nunchaku"},{"floor":28,"key":"Happy Flower"}],"event_choices":[{"damage_healed":0,"gold_gain":0,"player_choice":"Lose Max HP","damage_taken":0,"relics_obtained":["Golden Idol"],"max_hp_gain":0,"max_hp_loss":5,"event_name":"Golden Idol","floor":2,"gold_loss":0},{"damage_healed":0,"gold_gain":0,"player_choice":"0 cards matched","damage_taken":0,"max_hp_gain":0,"max_hp_loss":0,"event_name":"Match and Keep!","floor":10,"gold_loss":0,"cards_obtained":[]},{"damage_healed":21,"gold_gain":0,"player_choice":"Banana","damage_taken":0,"max_hp_gain":0,"max_hp_loss":0,"event_name":"Big Fish","floor":14,"gold_loss":0},{"damage_healed":0,"gold_gain":0,"player_choice":"Simplicity","damage_taken":0,"max_hp_gain":0,"max_hp_loss":0,"event_name":"Back to Basics","floor":19,"gold_loss":0,"cards_upgraded":["Defend_G","Defend_G","Defend_G","Defend_G","Defend_G","Strike_G","Strike_G","Strike_G","Strike_G","Strike_G"]},{"damage_healed":0,"gold_gain":99,"player_choice":"Stole From Cult","damage_taken":0,"max_hp_gain":0,"max_hp_loss":0,"event_name":"Nest","floor":29,"gold_loss":0},{"damage_healed":0,"gold_gain":0,"player_choice":"Ignored","damage_taken":0,"max_hp_gain":0,"max_hp_loss":0,"event_name":"Tomb of Lord Red Mask","floor":36,"gold_loss":0},{"damage_healed":0,"gold_gain":0,"player_choice":"Embrace Madness","damage_taken":8,"max_hp_gain":0,"max_hp_loss":0,"event_name":"Winding Halls","floor":39,"gold_loss":0,"cards_obtained":["Madness","Madness"]}],"is_beta":false,"boss_relics":[{"not_picked":["Lizard Tail","Snecko Eye"],"picked":"Black Star"},{"not_picked":["Tiny House","Orrery"],"picked":"Fusion Hammer"}],"items_purged_floors":[4,20,31,37],"is_endless":false,"potions_floor_spawned":[3,6,8,11,22,33],"killed_by":"Reptomancer","ascension_level":10}