{"gold_per_floor":[113,54,74,224,224,256,256,284,308,308],"floor_reached":10,"playtime":203,"items_purged":[],"score":198,"play_id":"353e08fa-8f5c-47ac-b738-0a582aacafe2","local_time":"20190113232208","is_ascension_mode":true,"campfire_choices":[{"data":"Dagger Spray","floor":7,"key":"SMITH"}],"neow_cost":"NONE","seed_source_timestamp":357994763494200,"circlet_count":0,"master_deck":["AscendersBane","Defend_G","Defend_G","Defend_G","Defend_G","Defend_G","Strike_G","Strike_G","Strike_G","Strike_G","Strike_G","Survivor","Neutralize","Dagger Spray+1","Backflip","Noxious Fumes"],"relics":["Ring of the Snake","NeowsBlessing","Bag of Preparation","Shovel","Potion Belt"],"potions_floor_usage":[10],"damage_taken":[{"damage":0,"enemies":"Cultist","floor":1,"turns":1},{"damage":0,"enemies":"Small Slimes","floor":3,"turns":1},{"damage":0,"enemies":"Gremlin Nob","floor":6,"turns":1},{"damage":33,"enemies":"Lagavulin","floor":8,"turns":9},{"damage":22,"enemies":"Gremlin Nob","floor":10,"turns":3}],"seed_played":"-4371831138130558625","potions_obtained":[{"floor":1,"key":"EssenceOfSteel"}],"is_trial":false,"path_per_floor":["M","$","M","?","?","E","R","E","T","E"],"character_chosen":"THE_SILENT","items_purchased":["Dagger Spray"],"campfire_rested":0,"item_purchase_floors":[2],"current_hp_per_floor":[59,59,59,59,52,52,52,19,19,0],"gold":308,"neow_bonus":"THREE_ENEMY_KILL","is_prod":false,"is_daily":false,"chose_seed":false,"campfire_upgraded":1,"win_rate":0,"timestamp":1547418128,"path_taken":["M","?","M","?","?","E","R","E","T","E"],"build_version":"2019-01-10","purchased_purges":0,"victory":false,"max_hp_per_floor":[66,66,66,66,66,66,66,66,66,66],"card_choices":[{"not_picked":["Eviscerate","Finisher","Heel Hook"],"picked":"SKIP","floor":1},{"not_picked":["Distraction","Concentrate"],"picked":"Backflip","floor":3},{"not_picked":["Blade Dance","Sucker Punch"],"picked":"Noxious Fumes","floor":6},{"not_picked":["Deflect","Envenom","Outmaneuver"],"picked":"SKIP","floor":8}],"player_experience":1033539,"relics_obtained":[{"floor":6,"key":"Bag of Preparation"},{"floor":8,"key":"Shovel"},{"floor":9,"key":"Potion Belt"}],"event_choices":[{"damage_healed":0,"gold_gain":150,"player_choice":"AGREE","damage_taken":0,"max_hp_gain":0,"max_hp_loss":0,"event_name":"Liars Game","floor":4,"gold_loss":0,"cards_obtained":["Doubt"]},{"cards_removed":["Doubt"],"damage_healed":0,"gold_gain":0,"player_choice":"Card Removal","damage_taken":7,"max_hp_gain":0,"max_hp_loss":0,"event_name":"Golden Wing","floor":5,"gold_loss":0}],"is_beta":true,"boss_relics":[],"items_purged_floors":[],"is_endless":false,"potions_floor_spawned":[1],"killed_by":"Gremlin Nob","ascension_level":20}