{"gold_per_floor":[119,119,134,134,209,209,226,226,226,247,247,266,15,55,55,148,148,169,169,189,202,117,117,140,140,140,140,40,40,60,104,104,203,203,227,252,266,141,141],"floor_reached":39,"playtime":1163,"items_purged":["Injury","Parasite","Pain"],"score":852,"play_id":"c102f0af-5935-48f4-8c72-b3768a2d4573","local_time":"20190120194908","is_ascension_mode":true,"campfire_choices":[{"data":"Neutralize","floor":6.0,"key":"SMITH"},{"floor":11.0,"key":"REST"},{"data":"Corpse Explosion","floor":15.0,"key":"SMITH"},{"data":"Poisoned Stab","floor":23.0,"key":"SMITH"},{"data":"Dash","floor":27.0,"key":"SMITH"},{"data":"Backflip","floor":29.0,"key":"SMITH"},{"floor":32.0,"key":"REST"}],"neow_cost":"TEN_PERCENT_HP_LOSS","seed_source_timestamp":0,"circlet_count":0,"master_deck":["AscendersBane","Defend_G","Defend_G","Defend_G","Defend_G","Strike_G","Strike_G","Strike_G","Survivor","Neutralize+1","Corpse Explosion+1","Dash+1","Backflip+1","Bouncing Flask+1","Burst+1","Malaise+1","Catalyst+1","Poisoned Stab+1","Crippling Poison+1","Tools of the Trade","Writhe","Decay"],"special_seed":0,"relics":["Ring of the Snake","Shuriken","Golden Idol","Toxic Egg 2","Meat on the Bone","Cursed Key","Mercury Hourglass","Ancient Tea Set","Turnip","Potion Belt","Calling Bell","Omamori","Dodecahedron","Tingsha"],"potions_floor_usage":[],"damage_taken":[{"damage":0.0,"enemies":"2 Louse","floor":1.0,"turns":3.0},{"damage":0.0,"enemies":"Small Slimes","floor":3.0,"turns":4.0},{"damage":4.0,"enemies":"Cultist","floor":7.0,"turns":4.0},{"damage":6.0,"enemies":"2 Fungi Beasts","floor":10.0,"turns":3.0},{"damage":0.0,"enemies":"3 Louse","floor":12.0,"turns":2.0},{"damage":6.0,"enemies":"Gremlin Nob","floor":14.0,"turns":3.0},{"damage":22.0,"enemies":"Slime Boss","floor":16.0,"turns":10.0},{"damage":0.0,"enemies":"Spheric Guardian","floor":18.0,"turns":2.0},{"damage":0.0,"enemies":"Chosen","floor":20.0,"turns":3.0},{"damage":11.0,"enemies":"Snake Plant","floor":21.0,"turns":3.0},{"damage":0.0,"enemies":"Shelled Parasite and Fungi","floor":24.0,"turns":5.0},{"damage":0.0,"enemies":"Centurion and Healer","floor":30.0,"turns":3.0},{"damage":6.0,"enemies":"Gremlin Leader","floor":31.0,"turns":4.0},{"damage":4.0,"enemies":"Collector","floor":33.0,"turns":7.0},{"damage":3.0,"enemies":"Orb Walker","floor":35.0,"turns":2.0},{"damage":15.0,"enemies":"3 Shapes","floor":36.0,"turns":2.0},{"damage":33,"enemies":"Jaw Worm Horde","floor":37,"turns":4},{"damage":28,"enemies":"Spire Growth","floor":39,"turns":4}],"seed_played":"1355534363516340304","potions_obtained":[{"floor":1.0,"key":"GhostInAJar"},{"floor":7.0,"key":"Fire Potion"},{"floor":18.0,"key":"PowerPotion"},{"floor":20.0,"key":"Regen Potion"},{"floor":30.0,"key":"Poison Potion"},{"floor":33.0,"key":"Block Potion"}],"is_trial":false,"path_per_floor":["M","?","M","?","?","R","M","?","T","M","R","M","$","E","R","B",null,"M","?","M","M","?","R","M","?","T","R","$","R","M","E","R","B",null,"M","M","M","$","M"],"character_chosen":"THE_SILENT","items_purchased":["Burst+1"],"campfire_rested":2,"item_purchase_floors":[13],"current_hp_per_floor":[59,54,54,47,36,36,32,32,32,26,44,44,44,38,38,28,52,52,52,52,41,41,41,56,56,56,56,56,56,56,50,57,53,56,53,38,17,17,0],"gold":141,"neow_bonus":"TRANSFORM_TWO_CARDS","is_prod":false,"is_daily":false,"chose_seed":false,"campfire_upgraded":5,"win_rate":0,"timestamp":1548010148,"path_taken":["M","?","M","?","?","R","M","?","T","M","R","M","?","E","R","BOSS","M","?","M","?","?","R","M","?","T","R","$","R","?","E","R","BOSS","M","M","M","$","M"],"build_version":"2019-01-19","purchased_purges":3,"victory":false,"max_hp_per_floor":[60,60,60,60,60,60,60,60,60,60,60,60,60,60,60,60,60,60,60,60,60,60,60,60,60,60,60,57,57,57,57,57,57,57,57,57,57,57,57],"card_choices":[{"not_picked":["Terror","Deflect","Outmaneuver"],"picked":"SKIP","floor":1.0},{"not_picked":["Finisher","Flying Knee"],"picked":"Dash","floor":3.0},{"not_picked":["Deflect","Doppelganger"],"picked":"Backflip","floor":7.0},{"not_picked":["Dagger Spray","Blade Dance+1"],"picked":"Terror+1","floor":10.0},{"not_picked":["Dagger Spray","Acrobatics+1"],"picked":"Bouncing Flask+1","floor":12.0},{"not_picked":["Prepared+1","Acrobatics+1","Noxious Fumes"],"picked":"SKIP","floor":14.0},{"not_picked":["Envenom","Tools of the Trade"],"picked":"Malaise+1","floor":16.0},{"not_picked":["Backstab+1","Choke"],"picked":"Catalyst+1","floor":18.0},{"not_picked":["Acrobatics+1","Accuracy+1"],"picked":"Poisoned Stab","floor":20.0},{"not_picked":["Infinite Blades+1","Underhanded Strike","Distraction+1"],"picked":"SKIP","floor":21.0},{"not_picked":["Prepared+1","Deadly Poison+1"],"picked":"Crippling Poison+1","floor":24.0},{"not_picked":["Blade Dance+1","Calculated Gamble+1","Endless Agony"],"picked":"SKIP","floor":30.0},{"not_picked":["Masterful Stab","Bane","Choke"],"picked":"SKIP","floor":31.0},{"not_picked":["Grand Finale","Glass Knife"],"picked":"Tools of the Trade","floor":33.0},{"not_picked":["Flechettes+1","Predator","Tactician+1"],"picked":"SKIP","floor":35.0},{"not_picked":["Distraction+1","Slice","Infinite Blades"],"picked":"SKIP","floor":36.0},{"not_picked":["Backflip+1","Flying Knee","Prepared+1"],"picked":"SKIP","floor":37}],"player_experience":1060411,"relics_obtained":[{"floor":9.0,"key":"Toxic Egg 2"},{"floor":14.0,"key":"Meat on the Bone"},{"floor":26.0,"key":"Turnip"},{"floor":31.0,"key":"Potion Belt"},{"floor":34.0,"key":"Omamori"},{"floor":34.0,"key":"Dodecahedron"},{"floor":34.0,"key":"Tingsha"}],"event_choices":[{"damage_healed":0.0,"max_hp_gain":0.0,"max_hp_loss":0.0,"gold_gain":0.0,"event_name":"Scrap Ooze","player_choice":"Success","floor":2.0,"gold_loss":0.0,"damage_taken":5.0,"relics_obtained":["Shuriken"]},{"cards_removed":["Phantasmal Killer"],"damage_healed":0.0,"max_hp_gain":0.0,"max_hp_loss":0.0,"gold_gain":0.0,"event_name":"Golden Wing","player_choice":"Card Removal","floor":4.0,"gold_loss":0.0,"damage_taken":7.0},{"damage_healed":0.0,"max_hp_gain":0.0,"max_hp_loss":0.0,"gold_gain":75.0,"event_name":"World of Goop","player_choice":"Gather Gold","floor":5.0,"gold_loss":0.0,"damage_taken":11.0},{"damage_healed":0.0,"max_hp_gain":0.0,"max_hp_loss":0.0,"gold_gain":0.0,"event_name":"Golden Idol","player_choice":"Take Wound","floor":8.0,"gold_loss":0.0,"damage_taken":0.0,"relics_obtained":["Golden Idol"],"cards_obtained":["Injury"]},{"cards_removed":["Terror"],"damage_healed":0.0,"max_hp_gain":0.0,"max_hp_loss":0.0,"gold_gain":0.0,"event_name":"WeMeetAgain","player_choice":"Gave Card","floor":19.0,"gold_loss":0.0,"damage_taken":0.0,"relics_obtained":["Mercury Hourglass"]},{"damage_healed":0.0,"max_hp_gain":0.0,"max_hp_loss":0.0,"gold_gain":0.0,"event_name":"Addict","player_choice":"Obtained Relic","floor":22.0,"gold_loss":85.0,"damage_taken":0.0,"relics_obtained":["Ancient Tea Set"]},{"cards_removed":["Strike_G"],"damage_healed":0.0,"max_hp_gain":0.0,"max_hp_loss":0.0,"gold_gain":0.0,"event_name":"Bonfire Elementals","player_choice":"Offered Basic","floor":25.0,"gold_loss":0.0,"damage_taken":0.0}],"is_beta":true,"boss_relics":[{"not_picked":["Runic Dome","Black Star"],"picked":"Cursed Key"},{"not_picked":["White Beast Statue","Eternal Feather"],"picked":"Calling Bell"}],"items_purged_floors":[13,28,38],"is_endless":false,"potions_floor_spawned":[1,7,10,18,20,30,33],"killed_by":"Spire Growth","ascension_level":20}