{"gold_per_floor":[116,136,136,106,124,124,151,151,151,176,176,191,191,191,191,191],"floor_reached":16,"playtime":392,"items_purged":[],"score":216,"play_id":"886eafb3-865d-42d1-a80b-751f332440f0","local_time":"20190410223148","is_ascension_mode":true,"campfire_choices":[{"floor":6.0,"key":"REST"},{"data":"Bash","floor":8.0,"key":"SMITH"},{"floor":13.0,"key":"REST"},{"data":"Fiend Fire","floor":15,"key":"SMITH"}],"neow_cost":"PERCENT_DAMAGE","seed_source_timestamp":0,"circlet_count":0,"master_deck":["AscendersBane","Strike_R","Strike_R","Strike_R+1","Strike_R","Strike_R","Defend_R","Defend_R","Defend_R","Defend_R","Bash+1","Feed+1","Sword Boomerang","Heavy Blade","Sword Boomerang","Fiend Fire+1"],"special_seed":0,"relics":["Burning Blood","Pantograph","Frozen Egg 2","Letter Opener"],"potions_floor_usage":[16],"damage_taken":[{"damage":9.0,"enemies":"2 Louse","floor":1.0,"turns":4.0},{"damage":13.0,"enemies":"Small Slimes","floor":2.0,"turns":4.0},{"damage":1.0,"enemies":"Cultist","floor":5.0,"turns":3.0},{"damage":8.0,"enemies":"Gremlin Nob","floor":7.0,"turns":3.0},{"damage":30.0,"enemies":"3 Sentries","floor":10.0,"turns":11.0},{"damage":14.0,"enemies":"Blue Slaver","floor":12.0,"turns":4.0},{"damage":65,"enemies":"Hexaghost","floor":16,"turns":9}],"seed_played":"5822391316077404972","potions_obtained":[{"floor":4.0,"key":"SkillPotion"},{"floor":4.0,"key":"Fire Potion"},{"floor":7.0,"key":"Dexterity Potion"},{"floor":10.0,"key":"Explosive Potion"}],"is_trial":false,"path_per_floor":["M","M","?","?","M","R","E","R","T","E","?","M","R","?","R","B"],"character_chosen":"IRONCLAD","items_purchased":[],"campfire_rested":2,"item_purchase_floors":[],"current_hp_per_floor":[50,46,22,22,31,56,54,54,54,34,34,30,57,57,57,17],"gold":191,"neow_bonus":"THREE_RARE_CARDS","is_prod":false,"is_daily":false,"chose_seed":false,"campfire_upgraded":2,"win_rate":0,"timestamp":1554928308,"path_taken":["M","M","?","?","?","R","E","R","T","E","?","M","R","?","R","BOSS"],"build_version":"2019-04-04","purchased_purges":0,"victory":false,"max_hp_per_floor":[78,81,81,81,85,85,85,85,85,89,89,93,93,93,93,93],"card_choices":[{"not_picked":["Double Tap","Dark Embrace"],"picked":"Feed","floor":0.0},{"not_picked":["Burning Pact","Wild Strike"],"picked":"Sword Boomerang","floor":1.0},{"not_picked":["Clash","True Grit","Pommel Strike"],"picked":"SKIP","floor":2.0},{"not_picked":["Headbutt","Cleave","Exhume"],"picked":"SKIP","floor":5.0},{"not_picked":["Wild Strike","Sentinel"],"picked":"Heavy Blade","floor":7.0},{"not_picked":["Intimidate","Thunderclap"],"picked":"Sword Boomerang","floor":10.0},{"not_picked":["Rampage","Perfected Strike","Anger"],"picked":"SKIP","floor":12.0}],"player_experience":1355894,"relics_obtained":[{"floor":7.0,"key":"Pantograph"},{"floor":9.0,"key":"Frozen Egg 2"},{"floor":10.0,"key":"Letter Opener"}],"event_choices":[{"damage_healed":0.0,"max_hp_gain":0.0,"max_hp_loss":0.0,"gold_gain":0.0,"event_name":"Shining Light","player_choice":"Entered Light","floor":3.0,"gold_loss":0.0,"damage_taken":24.0,"cards_upgraded":["Strike_R","Feed"]},{"damage_healed":0.0,"max_hp_gain":0.0,"max_hp_loss":0.0,"gold_gain":0.0,"event_name":"The Woman in Blue","player_choice":"Bought 2 Potions","floor":4.0,"gold_loss":0.0,"damage_taken":0.0},{"damage_healed":0.0,"max_hp_gain":0.0,"max_hp_loss":0.0,"gold_gain":0.0,"event_name":"Liars Game","player_choice":"Ignored","floor":11.0,"gold_loss":0.0,"damage_taken":0.0},{"damage_healed":0,"gold_gain":0,"player_choice":"1 cards matched","damage_taken":0,"max_hp_gain":0,"max_hp_loss":0,"event_name":"Match and Keep!","floor":14,"gold_loss":0,"cards_obtained":["Fiend Fire"]}],"is_beta":true,"boss_relics":[],"items_purged_floors":[],"is_endless":false,"potions_floor_spawned":[7,10],"killed_by":"Hexaghost","ascension_level":20}