{"gold_per_floor":[119,119,119,135,135,171,171,171,252,252,287,300,344,365,365,459,459,479,495,519,163,181,181,217,217,264,264,189,205,205,205,205,295,295,316,339,352,80,413,413,439,439,463,476,496,496,506,516,516,516,516,516,516,44,77,77],"floor_reached":56,"playtime":6291,"items_purged":["Strike_B","Strike_B+1"],"score":2034,"play_id":"43e18b5e-d4a5-4f4b-a6a5-bd1e7d79656a","local_time":"20190422231739","is_ascension_mode":true,"campfire_choices":[{"floor":8,"key":"DIG"},{"data":"Zap","floor":10,"key":"SMITH"},{"floor":15,"key":"DIG"},{"data":"Buffer","floor":23,"key":"SMITH"},{"floor":25,"key":"DIG"},{"data":"Sunder","floor":27,"key":"SMITH"},{"data":"Sunder","floor":30,"key":"SMITH"},{"floor":32,"key":"DIG"},{"floor":40,"key":"REST"},{"floor":42,"key":"DIG"},{"floor":46,"key":"RECALL"},{"floor":49,"key":"DIG"},{"floor":53,"key":"DIG"}],"neow_cost":"NONE","seed_source_timestamp":352603297574245,"circlet_count":0,"master_deck":["AscendersBane","Strike_B+1","Defend_B+1","Defend_B+1","Defend_B+1","Defend_B+1","Zap+1","Dualcast","Coolheaded","Hologram","Compile Driver","Sunder+1","Undo","Undo","Buffer+1","Doom and Gloom","Sunder+1","Thunder Strike","Loop+1","Meteor Strike","Undo","Undo","Compile Driver+1","Capacitor","Core Surge","Coolheaded+1","Coolheaded+1","Multi-Cast"],"relics":["Cracked Core","NeowsBlessing","Shovel","Happy Flower","Oddly Smooth Stone","Mercury Hourglass","Cables","Blue Candle","Anchor","Snecko Eye","DataDisk","Sundial","Vajra","Centennial Puzzle","Pen Nib","Sozu","Runic Capacitor","Prayer Wheel","Bird Faced Urn","Mango","Letter Opener","ClockworkSouvenir","War Paint","Kunai"],"potions_floor_usage":[11,13,14,24,33,55],"damage_taken":[{"damage":0,"enemies":"Small Slimes","floor":1,"turns":1},{"damage":0,"enemies":"2 Louse","floor":4,"turns":1},{"damage":0,"enemies":"Gremlin Nob","floor":6,"turns":1},{"damage":13,"enemies":"Lagavulin","floor":11,"turns":8},{"damage":0,"enemies":"Cultist","floor":12,"turns":2},{"damage":24,"enemies":"Gremlin Nob","floor":13,"turns":4},{"damage":2,"enemies":"3 Louse","floor":14,"turns":2},{"damage":0,"enemies":"The Guardian","floor":16,"turns":12},{"damage":0,"enemies":"Spheric Guardian","floor":18,"turns":3},{"damage":2,"enemies":"2 Thieves","floor":19,"turns":3},{"damage":0,"enemies":"Snecko","floor":20,"turns":6},{"damage":0,"enemies":"Shelled Parasite and Fungi","floor":22,"turns":3},{"damage":5,"enemies":"Slavers","floor":24,"turns":3},{"damage":0,"enemies":"3 Cultists","floor":29,"turns":3},{"damage":1,"enemies":"Automaton","floor":33,"turns":7},{"damage":0,"enemies":"Orb Walker","floor":35,"turns":2},{"damage":0,"enemies":"3 Shapes","floor":36,"turns":9},{"damage":19,"enemies":"Spire Growth","floor":37,"turns":3},{"damage":0,"enemies":"Giant Head","floor":41,"turns":6},{"damage":0,"enemies":"3 Darklings","floor":44,"turns":3},{"damage":0,"enemies":"Jaw Worm Horde","floor":45,"turns":3},{"damage":0,"enemies":"Sphere and 2 Shapes","floor":47,"turns":3},{"damage":0,"enemies":"3 Darklings","floor":48,"turns":3},{"damage":11,"enemies":"Time Eater","floor":50,"turns":10},{"damage":5,"enemies":"Donu and Deca","floor":51,"turns":8},{"damage":10,"enemies":"Shield and Spear","floor":55,"turns":5},{"damage":76,"enemies":"The Heart","floor":56,"turns":9}],"seed_played":"-525768487014549384","potions_obtained":[{"floor":4,"key":"Fire Potion"},{"floor":12,"key":"PowerPotion"},{"floor":13,"key":"AttackPotion"},{"floor":22,"key":"Fire Potion"},{"floor":33,"key":"Fire Potion"}],"is_trial":false,"path_per_floor":["M","?","?","M","?","E","T","R","T","R","E","M","E","M","R","B",null,"M","M","M","$","M","R","E","R","T","R","?","M","R","?","R","B",null,"M","M","M","$","?","R","E","R","T","M","M","R","M","M","R","B","B",null,"R","$","E","B"],"character_chosen":"DEFECT","items_purchased":["DataDisk","PowerPotion","Swift Potion","Runic Capacitor","Undo","ClockworkSouvenir","War Paint"],"campfire_rested":1,"item_purchase_floors":[21,21,21,38,38,54,54],"current_hp_per_floor":[64,64,45,45,45,45,45,45,45,45,32,32,8,6,6,6,50,50,48,48,48,48,48,43,43,43,43,43,43,43,43,43,42,59,59,59,40,40,40,59,59,59,59,63,64,64,64,64,78,67,68,76,76,76,70,0],"gold":77,"neow_bonus":"THREE_ENEMY_KILL","is_prod":false,"is_daily":false,"chose_seed":false,"campfire_upgraded":4,"win_rate":0,"timestamp":1555996659,"path_taken":["M","?","?","M","?","E","?","R","T","R","E","M","E","M","R","BOSS","M","M","M","$","M","R","E","R","T","R","?","M","R","?","R","BOSS","M","M","M","$","?","R","E","R","T","M","M","R","M","M","R","BOSS","BOSS","R","$","E","BOSS"],"build_version":"2019-04-20","purchased_purges":2,"victory":false,"max_hp_per_floor":[71,64,64,64,64,64,64,64,64,64,64,64,64,64,64,64,64,64,64,64,64,64,64,64,64,64,64,64,64,64,64,64,64,64,64,64,64,64,64,64,64,64,64,64,64,64,64,64,78,78,78,78,78,78,78,78],"card_choices":[{"not_picked":["Redo","Reprogram"],"picked":"Coolheaded","floor":1},{"not_picked":["Skim","White Noise","Rebound"],"picked":"SKIP","floor":4},{"not_picked":["Steam Power","Reboot"],"picked":"Hologram","floor":6},{"not_picked":["Force Field","Barrage"],"picked":"Compile Driver","floor":11},{"not_picked":["Steam","Streamline"],"picked":"Sunder","floor":12},{"not_picked":["Coolheaded","Turbo"],"picked":"Undo","floor":13},{"not_picked":["Hologram","Steam Power"],"picked":"Undo","floor":14},{"not_picked":["Creative AI","Fission"],"picked":"Buffer","floor":16},{"not_picked":["FTL","Leap"],"picked":"Doom and Gloom","floor":18},{"not_picked":["White Noise","Compile Driver","Ball Lightning"],"picked":"SKIP","floor":19},{"not_picked":["Cold Snap","BootSequence"],"picked":"Sunder","floor":20},{"not_picked":["Hello World","Stack"],"picked":"Thunder Strike","floor":22},{"not_picked":["Redo","Streamline+1","Leap"],"picked":"SKIP","floor":24},{"not_picked":["Redo","Barrage"],"picked":"Loop+1","floor":29},{"not_picked":["Hyperbeam","Core Surge"],"picked":"Meteor Strike","floor":33},{"not_picked":["Skim","Cold Snap","Rebound"],"picked":"SKIP","floor":35},{"not_picked":["Reprogram+1","Go for the Eyes"],"picked":"Undo","floor":36},{"not_picked":["Scrape","Skim","Heatsinks"],"picked":"SKIP","floor":37},{"not_picked":["Go for the Eyes","Static Discharge"],"picked":"Compile Driver+1","floor":41},{"not_picked":["Heatsinks","Cold Snap","Gash+1"],"picked":"SKIP","floor":44},{"not_picked":["Sweeping Beam","Leap+1","Redo"],"picked":"SKIP","floor":44},{"not_picked":["Ball Lightning","Rip and Tear+1"],"picked":"Capacitor","floor":45},{"not_picked":["Barrage","Turbo+1","Ball Lightning+1"],"picked":"SKIP","floor":45},{"not_picked":["Double Energy","Compile Driver+1"],"picked":"Core Surge","floor":47},{"not_picked":["Stack","Capacitor+1","Compile Driver"],"picked":"SKIP","floor":47},{"not_picked":["Streamline+1","BootSequence+1"],"picked":"Coolheaded","floor":48},{"not_picked":["White Noise","Hello World"],"picked":"Coolheaded","floor":48},{"not_picked":["Conserve Battery","Scrape+1"],"picked":"Multi-Cast","floor":55}],"player_experience":2957899,"relics_obtained":[{"floor":6,"key":"Shovel"},{"floor":7,"key":"Happy Flower"},{"floor":8,"key":"Oddly Smooth Stone"},{"floor":9,"key":"Mercury Hourglass"},{"floor":11,"key":"Cables"},{"floor":13,"key":"Blue Candle"},{"floor":15,"key":"Anchor"},{"floor":24,"key":"Sundial"},{"floor":25,"key":"Vajra"},{"floor":26,"key":"Centennial Puzzle"},{"floor":32,"key":"Pen Nib"},{"floor":41,"key":"Prayer Wheel"},{"floor":42,"key":"Bird Faced Urn"},{"floor":49,"key":"Mango"},{"floor":53,"key":"Letter Opener"},{"floor":55,"key":"Kunai"}],"event_choices":[{"damage_healed":0,"gold_gain":0,"player_choice":"Lose Max HP","damage_taken":0,"relics_obtained":["Golden Idol"],"max_hp_gain":0,"max_hp_loss":7,"event_name":"Golden Idol","floor":2,"gold_loss":0},{"damage_healed":0,"gold_gain":0,"player_choice":"Entered Light","damage_taken":19,"max_hp_gain":0,"max_hp_loss":0,"event_name":"Shining Light","floor":3,"gold_loss":0,"cards_upgraded":["Strike_B","Strike_B"]},{"damage_healed":0,"gold_gain":0,"player_choice":"Ignored","damage_taken":0,"max_hp_gain":0,"max_hp_loss":0,"event_name":"Liars Game","floor":5,"gold_loss":0},{"cards_removed":["Strike_B"],"damage_healed":0,"gold_gain":0,"player_choice":"Gave Gold","damage_taken":0,"max_hp_gain":0,"max_hp_loss":0,"event_name":"Beggar","floor":28,"gold_loss":75},{"damage_healed":0,"gold_gain":0,"player_choice":"Simplicity","damage_taken":0,"max_hp_gain":0,"max_hp_loss":0,"event_name":"Back to Basics","floor":31,"gold_loss":0,"cards_upgraded":["Defend_B","Defend_B","Defend_B","Defend_B"]},{"damage_healed":0,"gold_gain":333,"player_choice":"Gave Idol","damage_taken":0,"max_hp_gain":0,"max_hp_loss":0,"event_name":"The Moai Head","floor":39,"relics_lost":["Golden Idol"],"gold_loss":0}],"is_beta":true,"boss_relics":[{"not_picked":["Orrery","Calling Bell"],"picked":"Snecko Eye"},{"not_picked":["Busted Crown","Eternal Feather"],"picked":"Sozu"}],"items_purged_floors":[21,54],"is_endless":false,"potions_floor_spawned":[4,12,13,22,33,36,41,45],"killed_by":"The Heart","ascension_level":20}