{"gold_per_floor":[117,292,292,311,311,345,357,357],"floor_reached":8,"playtime":228,"items_purged":[],"score":90,"play_id":"32db3bce-11c7-44d0-b724-b1a06f4be454","local_time":"20190411132534","is_ascension_mode":true,"campfire_choices":[],"neow_cost":"NONE","seed_source_timestamp":875838837264594,"circlet_count":0,"master_deck":["AscendersBane","Strike_R","Strike_R","Strike_R","Strike_R","Strike_R","Defend_R","Defend_R","Defend_R","Defend_R","Bash","Hemokinesis","Doubt","Anger","Blood for Blood","Cleave","Metallicize"],"relics":["Burning Blood","Pen Nib","Boot"],"potions_floor_usage":[1,6],"damage_taken":[{"damage":0,"enemies":"Small Slimes","floor":1,"turns":3},{"damage":11,"enemies":"Jaw Worm","floor":4,"turns":4},{"damage":69,"enemies":"Lagavulin","floor":6,"turns":7},{"damage":6,"enemies":"Cultist","floor":7,"turns":3},{"damage":16,"enemies":"Gremlin Nob","floor":8,"turns":2}],"seed_played":"6653066804025458983","potions_obtained":[{"floor":0,"key":"Block Potion"},{"floor":0,"key":"SkillPotion"},{"floor":6,"key":"Energy Potion"}],"is_trial":false,"path_per_floor":["M","?","?","M","?","E","M","E"],"character_chosen":"IRONCLAD","items_purchased":[],"campfire_rested":0,"item_purchase_floors":[],"current_hp_per_floor":[78,78,78,73,70,7,7,0],"gold":357,"neow_bonus":"THREE_SMALL_POTIONS","is_prod":false,"is_daily":false,"chose_seed":false,"campfire_upgraded":0,"win_rate":0,"timestamp":1554967534,"path_taken":["M","?","?","?","?","E","M","E"],"build_version":"2019-01-23","purchased_purges":0,"victory":false,"max_hp_per_floor":[80,80,80,80,80,80,80,80],"card_choices":[{"not_picked":["Clothesline","Rage"],"picked":"Hemokinesis","floor":1},{"not_picked":["Warcry","Headbutt"],"picked":"Blood for Blood","floor":4},{"not_picked":["Sword Boomerang","Rage"],"picked":"Cleave","floor":6},{"not_picked":["Headbutt","Anger"],"picked":"Metallicize","floor":7}],"player_experience":1126101,"relics_obtained":[{"floor":6,"key":"Boot"}],"event_choices":[{"damage_healed":0,"gold_gain":175,"player_choice":"AGREE","damage_taken":0,"max_hp_gain":0,"max_hp_loss":0,"event_name":"Liars Game","floor":2,"gold_loss":0,"cards_obtained":["Doubt"]},{"damage_healed":0,"gold_gain":0,"player_choice":"1 cards matched","damage_taken":0,"max_hp_gain":0,"max_hp_loss":0,"event_name":"Match and Keep!","floor":3,"gold_loss":0,"cards_obtained":["Anger"]},{"damage_healed":0,"gold_gain":0,"player_choice":"Success","damage_taken":3,"relics_obtained":["Pen Nib"],"max_hp_gain":0,"max_hp_loss":0,"event_name":"Scrap Ooze","floor":5,"gold_loss":0}],"is_beta":false,"boss_relics":[],"items_purged_floors":[],"is_endless":false,"potions_floor_spawned":[6],"killed_by":"Gremlin Nob","ascension_level":12}