{"gold_per_floor":[118,268,268,41,59,59,59,85,85,85,97,62,62,80,80,80],"floor_reached":16,"playtime":337,"items_purged":[],"score":196,"play_id":"b141b33d-4582-4451-bc46-5347438ca094","local_time":"20190128002010","is_ascension_mode":true,"campfire_choices":[{"data":"Neutralize","floor":6,"key":"SMITH"},{"floor":10,"key":"REST"},{"data":"Glass Knife","floor":15,"key":"SMITH"}],"neow_cost":"NONE","seed_source_timestamp":733587104903300,"circlet_count":0,"master_deck":["AscendersBane","Defend_G","Defend_G","Defend_G","Defend_G","Strike_G","Strike_G","Strike_G","Strike_G","Strike_G","Survivor","Neutralize+1","Cloak And Dagger","Sucker Punch","Dagger Spray","Glass Knife+1","Flying Knee"],"relics":["Ring of the Snake","Dream Catcher","Lee\u0027s Waffle","Ancient Tea Set","The Courier"],"potions_floor_usage":[8,16],"damage_taken":[{"damage":2,"enemies":"Small Slimes","floor":1,"turns":5},{"damage":11,"enemies":"Cultist","floor":5,"turns":5},{"damage":40,"enemies":"Gremlin Nob","floor":8,"turns":5},{"damage":0,"enemies":"Jaw Worm","floor":11,"turns":3},{"damage":3,"enemies":"3 Louse","floor":14,"turns":3},{"damage":51,"enemies":"Slime Boss","floor":16,"turns":8}],"seed_played":"-5669836647610601053","potions_obtained":[{"floor":1,"key":"Swift Potion"},{"floor":8,"key":"SkillPotion"}],"is_trial":false,"path_per_floor":["M","?","?","$","M","R","?","E","T","R","M","?","?","M","R","B"],"character_chosen":"THE_SILENT","items_purchased":["Lee\u0027s Waffle"],"campfire_rested":1,"item_purchase_floors":[4],"current_hp_per_floor":[57,57,57,73,62,62,55,15,15,36,36,54,54,51,51,0],"gold":80,"neow_bonus":"RANDOM_COMMON_RELIC","is_prod":false,"is_daily":false,"chose_seed":false,"campfire_upgraded":2,"win_rate":0,"timestamp":1548631210,"path_taken":["M","?","?","$","?","R","?","E","T","R","M","?","?","M","R","BOSS"],"build_version":"2019-01-23","purchased_purges":0,"victory":false,"max_hp_per_floor":[66,66,66,73,73,73,73,73,73,73,73,73,73,73,73,73],"card_choices":[{"not_picked":["Setup","Bane","Quick Slash"],"picked":"SKIP","floor":1},{"not_picked":["Underhanded Strike","Noxious Fumes","Terror"],"picked":"SKIP","floor":5},{"not_picked":["Infinite Blades","PiercingWail"],"picked":"Cloak And Dagger","floor":8},{"not_picked":["Acrobatics","Slice"],"picked":"Sucker Punch","floor":10},{"not_picked":["Masterful Stab","Dodge and Roll"],"picked":"Dagger Spray","floor":11},{"not_picked":["Slice","Quick Slash"],"picked":"Flying Knee","floor":14}],"player_experience":1095969,"relics_obtained":[{"floor":8,"key":"Ancient Tea Set"},{"floor":9,"key":"The Courier"}],"event_choices":[{"damage_healed":0,"gold_gain":150,"player_choice":"AGREE","damage_taken":0,"max_hp_gain":0,"max_hp_loss":0,"event_name":"Liars Game","floor":2,"gold_loss":0,"cards_obtained":["Doubt"]},{"cards_removed":["Doubt"],"damage_healed":0,"gold_gain":0,"player_choice":"Removed Curses","damage_taken":0,"max_hp_gain":0,"max_hp_loss":0,"event_name":"Fountain of Cleansing","floor":3,"gold_loss":0},{"cards_removed":["Defend_G"],"damage_healed":0,"gold_gain":0,"player_choice":"Card Removal","damage_taken":7,"max_hp_gain":0,"max_hp_loss":0,"event_name":"Golden Wing","floor":7,"gold_loss":0},{"damage_healed":18,"gold_gain":0,"player_choice":"Healed","damage_taken":0,"max_hp_gain":0,"max_hp_loss":0,"event_name":"The Cleric","floor":12,"gold_loss":35},{"damage_healed":0,"gold_gain":0,"player_choice":"1 cards matched","damage_taken":0,"max_hp_gain":0,"max_hp_loss":0,"event_name":"Match and Keep!","floor":13,"gold_loss":0,"cards_obtained":["Glass Knife"]}],"is_beta":true,"boss_relics":[],"items_purged_floors":[],"is_endless":false,"potions_floor_spawned":[1,8],"killed_by":"Slime Boss","ascension_level":20}