{"gold_per_floor":[111,186,336,42,61,96,96,96,96,122,22,22,50,60,60,131,131,147,147,147,147,162,162,181,181],"floor_reached":25,"playtime":726,"items_purged":["Doubt","Defend_R"],"score":534,"play_id":"5d28b412-1853-4460-ac0d-5d351225e941","local_time":"20190412174115","is_ascension_mode":true,"campfire_choices":[{"data":"Bash","floor":7.0,"key":"SMITH"},{"data":"Demon Form","floor":12.0,"key":"SMITH"},{"floor":15.0,"key":"REST"},{"data":"Heavy Blade","floor":23.0,"key":"SMITH"}],"neow_cost":"NONE","seed_source_timestamp":0,"circlet_count":0,"master_deck":["AscendersBane","Strike_R","Strike_R","Strike_R","Defend_R","Defend_R","Bash+1","Feed","Shrug It Off","Demon Form+1","Impervious","Juggernaut+1","Searing Blow+1","Heavy Blade+1"],"special_seed":0,"relics":["Burning Blood","NeowsBlessing","PreservedInsect","Mango","Regal Pillow","Nunchaku","Astrolabe"],"potions_floor_usage":[24],"damage_taken":[{"damage":0.0,"enemies":"Jaw Worm","floor":1.0,"turns":1.0},{"damage":0.0,"enemies":"2 Louse","floor":5.0,"turns":1.0},{"damage":0.0,"enemies":"Lagavulin","floor":6.0,"turns":1.0},{"damage":45.0,"enemies":"3 Sentries","floor":10.0,"turns":7.0},{"damage":32.0,"enemies":"Gremlin Nob","floor":13.0,"turns":4.0},{"damage":2.0,"enemies":"Cultist","floor":14.0,"turns":4.0},{"damage":37.0,"enemies":"Hexaghost","floor":16.0,"turns":8.0},{"damage":24.0,"enemies":"Spheric Guardian","floor":18.0,"turns":6.0},{"damage":65.0,"enemies":"3 Byrds","floor":22.0,"turns":8.0},{"damage":45,"enemies":"Snake Plant","floor":24,"turns":5},{"damage":32,"enemies":"Snecko","floor":25,"turns":4}],"seed_played":"9117260671471668170","potions_obtained":[{"floor":6.0,"key":"Swift Potion"},{"floor":13.0,"key":"Weak Potion"},{"floor":22.0,"key":"GamblersBrew"}],"is_trial":false,"path_per_floor":["M","?","?","$","M","E","R","$","T","E","$","R","E","M","R","B",null,"M","?","?","$","M","R","M","M"],"character_chosen":"IRONCLAD","items_purchased":["Feed","Shrug It Off"],"campfire_rested":1,"item_purchase_floors":[4,4],"current_hp_per_floor":[74,63,63,63,72,81,81,81,95,59,59,59,33,37,81,53,89,74,43,119,119,63,63,24,0],"gold":181,"neow_bonus":"THREE_ENEMY_KILL","is_prod":false,"is_daily":false,"chose_seed":false,"campfire_upgraded":3,"win_rate":0,"timestamp":1555083675,"path_taken":["M","?","?","$","M","E","R","?","T","E","$","R","E","M","R","BOSS","M","?","?","$","M","R","M","M"],"build_version":"2019-04-04","purchased_purges":2,"victory":false,"max_hp_per_floor":[75,75,75,75,78,81,81,81,95,98,98,98,98,98,98,101,101,104,109,119,119,122,122,122,122],"card_choices":[{"not_picked":["Headbutt","Sentinel","Thunderclap"],"picked":"SKIP","floor":1.0},{"not_picked":["Shockwave","Cleave","Uppercut"],"picked":"SKIP","floor":5.0},{"not_picked":["Clash","Sentinel"],"picked":"Demon Form","floor":6.0},{"not_picked":["Body Slam","Perfected Strike","Searing Blow"],"picked":"SKIP","floor":10.0},{"not_picked":["Rage","Uppercut","Inflame"],"picked":"SKIP","floor":13.0},{"not_picked":["Dropkick","Anger","True Grit"],"picked":"SKIP","floor":14.0},{"not_picked":["Offering","Demon Form"],"picked":"Impervious","floor":16.0},{"not_picked":["Thunderclap","Whirlwind","Shockwave+1"],"picked":"SKIP","floor":18.0},{"not_picked":["Cleave","Shrug It Off"],"picked":"Heavy Blade","floor":22.0},{"not_picked":["Headbutt","Heavy Blade","Hemokinesis"],"picked":"SKIP","floor":24}],"player_experience":1371287,"relics_obtained":[{"floor":6.0,"key":"PreservedInsect"},{"floor":9.0,"key":"Mango"},{"floor":10.0,"key":"Regal Pillow"},{"floor":13.0,"key":"Nunchaku"}],"event_choices":[{"damage_healed":0.0,"max_hp_gain":0.0,"max_hp_loss":0.0,"gold_gain":75.0,"event_name":"World of Goop","player_choice":"Gather Gold","floor":2.0,"gold_loss":0.0,"damage_taken":11.0},{"damage_healed":0.0,"max_hp_gain":0.0,"max_hp_loss":0.0,"gold_gain":150.0,"event_name":"Liars Game","player_choice":"AGREE","floor":3.0,"gold_loss":0.0,"damage_taken":0.0,"cards_obtained":["Doubt"]},{"damage_healed":0.0,"max_hp_gain":5.0,"max_hp_loss":0.0,"gold_gain":0.0,"event_name":"Forgotten Altar","player_choice":"Shed Blood","floor":19.0,"gold_loss":0.0,"damage_taken":36.0},{"cards_removed":["Dark Embrace"],"damage_healed":66.0,"max_hp_gain":10.0,"max_hp_loss":0.0,"gold_gain":0.0,"event_name":"Bonfire Elementals","player_choice":"Offered Rare","floor":20.0,"gold_loss":0.0,"damage_taken":0.0}],"is_beta":true,"boss_relics":[{"not_picked":["Ectoplasm","Runic Pyramid"],"picked":"Astrolabe"}],"items_purged_floors":[4,11],"is_endless":false,"potions_floor_spawned":[6,13,14,22],"killed_by":"Snecko","ascension_level":20}