{"gold_per_floor":[111,127,145,155,155,183,203,231,301,301,2,17,37,50,50,50],"floor_reached":16,"playtime":802,"items_purged":[],"score":205,"play_id":"ef8bb4e6-8d5a-40b8-9d10-a9a828b9f21b","local_time":"20190503145822","is_ascension_mode":true,"campfire_choices":[{"floor":15,"key":"REST"}],"neow_cost":"NONE","seed_source_timestamp":2781652574239694,"circlet_count":0,"master_deck":["AscendersBane","Defend_G","Defend_G","Defend_G","Defend_G","Defend_G","Strike_G","Strike_G","Strike_G","Strike_G","Survivor","Neutralize","Cloak And Dagger","Poisoned Stab","Bane","Well Laid Plans","Calculated Gamble","Deflect","Slice","Deadly Poison"],"relics":["Ring of the Snake","Centennial Puzzle","Strawberry","Letter Opener","Mango"],"potions_floor_usage":[6,6,8],"damage_taken":[{"damage":0,"enemies":"2 Louse","floor":1,"turns":4},{"damage":11,"enemies":"Jaw Worm","floor":2,"turns":6},{"damage":1,"enemies":"Small Slimes","floor":3,"turns":4},{"damage":0,"enemies":"Red Slaver","floor":4,"turns":5},{"damage":19,"enemies":"Lagavulin","floor":6,"turns":6},{"damage":0,"enemies":"2 Fungi Beasts","floor":7,"turns":3},{"damage":10,"enemies":"Gremlin Nob","floor":8,"turns":4},{"damage":1,"enemies":"Blue Slaver","floor":12,"turns":4},{"damage":11,"enemies":"Large Slime","floor":13,"turns":6},{"damage":3,"enemies":"Red Slaver","floor":14,"turns":3},{"damage":48,"enemies":"Slime Boss","floor":16,"turns":5}],"seed_played":"3400496596053518361","potions_obtained":[{"floor":0,"key":"Poison Potion"},{"floor":0,"key":"Regen Potion"},{"floor":1,"key":"LiquidBronze"},{"floor":7,"key":"PowerPotion"}],"is_trial":false,"path_per_floor":["M","M","M","M","?","E","M","E","T","?","$","M","M","M","R","B"],"character_chosen":"THE_SILENT","items_purchased":["Mango"],"campfire_rested":1,"item_purchase_floors":[11],"current_hp_per_floor":[63,52,51,51,44,25,25,22,22,22,36,35,24,21,48,0],"gold":50,"neow_bonus":"THREE_SMALL_POTIONS","is_prod":false,"is_daily":false,"chose_seed":false,"campfire_upgraded":0,"win_rate":0,"timestamp":1556873902,"path_taken":["M","M","M","M","?","E","M","E","T","?","?","M","M","M","R","BOSS"],"build_version":"2019-01-23","purchased_purges":0,"victory":false,"max_hp_per_floor":[70,70,70,70,70,70,70,77,77,77,91,91,91,91,91,91],"card_choices":[{"not_picked":["Deflect","Prepared"],"picked":"Cloak And Dagger","floor":1},{"not_picked":["Deadly Poison","Dagger Spray"],"picked":"Poisoned Stab","floor":2},{"not_picked":["Outmaneuver","Prepared","Grand Finale"],"picked":"SKIP","floor":3},{"not_picked":["Blade Dance","Deflect","Dodge and Roll"],"picked":"SKIP","floor":4},{"not_picked":["Outmaneuver","Infinite Blades"],"picked":"Bane","floor":6},{"not_picked":["Masterful Stab","Riddle With Holes"],"picked":"Well Laid Plans","floor":7},{"not_picked":["Malaise","Bane"],"picked":"Calculated Gamble","floor":8},{"not_picked":["Distraction","Outmaneuver"],"picked":"Deflect","floor":12},{"not_picked":["Blade Dance","Dagger Throw"],"picked":"Slice","floor":13},{"not_picked":["Poisoned Stab","Heel Hook"],"picked":"Deadly Poison","floor":14}],"player_experience":1277165,"relics_obtained":[{"floor":6,"key":"Centennial Puzzle"},{"floor":8,"key":"Strawberry"},{"floor":9,"key":"Letter Opener"}],"event_choices":[{"cards_removed":["Strike_G"],"damage_healed":0,"gold_gain":0,"player_choice":"Card Removal","damage_taken":7,"max_hp_gain":0,"max_hp_loss":0,"event_name":"Golden Wing","floor":5,"gold_loss":0},{"damage_healed":0,"gold_gain":0,"player_choice":"Ignored","damage_taken":0,"max_hp_gain":0,"max_hp_loss":0,"event_name":"Shining Light","floor":10,"gold_loss":0}],"is_beta":false,"boss_relics":[],"items_purged_floors":[],"is_endless":false,"potions_floor_spawned":[1,2,3,7],"killed_by":"Slime Boss","ascension_level":11}