{"gold_per_floor":[368,368,381,531,417,417,128,128,128,147,147,164,178,253,253,329,329,340,390,390,290,310,310,81,81,105,105,105,105,105,105,105,105],"floor_reached":33,"playtime":1372,"items_purged":["Pain","Doubt"],"score":558,"play_id":"89cb1ea7-ca52-4ac5-8f82-cbb93d316e07","local_time":"20190126153724","is_ascension_mode":true,"campfire_choices":[{"data":"Footwork","floor":6,"key":"SMITH"},{"data":"Well Laid Plans","floor":8,"key":"SMITH"},{"floor":15,"key":"REST"},{"floor":23,"key":"REST"},{"data":"Crippling Poison","floor":25,"key":"SMITH"},{"data":"Envenom","floor":27,"key":"SMITH"},{"data":"Catalyst","floor":30,"key":"SMITH"},{"floor":32,"key":"REST"}],"neow_cost":"CURSE","seed_source_timestamp":614773736137300,"circlet_count":0,"master_deck":["AscendersBane","Defend_G","Defend_G","Defend_G","Defend_G","Strike_G","Strike_G","Strike_G","Strike_G","Strike_G","Survivor","Neutralize+1","Clumsy","Well Laid Plans+1","Footwork+1","Backflip","Leg Sweep","Dodge and Roll","Envenom+1","Writhe","Shame","Injury","Setup","Crippling Poison+1","Blade Dance","Catalyst+1"],"relics":["Ring of the Snake","WarpedTongs","Blood Vial","Strawberry","Calling Bell","Vajra","Dodecahedron","Incense Burner","TwistedFunnel","Art of War"],"potions_floor_usage":[12,16,22,33],"damage_taken":[{"damage":1,"enemies":"Small Slimes","floor":1,"turns":5},{"damage":11,"enemies":"Cultist","floor":3,"turns":5},{"damage":0,"enemies":"2 Louse","floor":10,"turns":4},{"damage":19,"enemies":"Exordium Thugs","floor":12,"turns":7},{"damage":0,"enemies":"2 Fungi Beasts","floor":13,"turns":5},{"damage":34,"enemies":"Slime Boss","floor":16,"turns":19},{"damage":13,"enemies":"Shell Parasite","floor":18,"turns":13},{"damage":10,"enemies":"2 Thieves","floor":21,"turns":5},{"damage":7,"enemies":"Snake Plant","floor":22,"turns":9},{"damage":62,"enemies":"Automaton","floor":33,"turns":6}],"seed_played":"-8956748692637357760","potions_obtained":[{"floor":1,"key":"Strength Potion"},{"floor":10,"key":"SneckoOil"},{"floor":12,"key":"Poison Potion"},{"floor":13,"key":"Block Potion"},{"floor":18,"key":"Energy Potion"}],"is_trial":false,"path_per_floor":["M","?","M","?","$","R","$","R","T","M","?","M","M","?","R","B",null,"M","?","?","M","M","R","$","R","T","R","?","$","R","?","R","B"],"character_chosen":"THE_SILENT","items_purchased":["Footwork","Backflip","Blood Vial","TwistedFunnel"],"campfire_rested":3,"item_purchase_floors":[5,7,7,24],"current_hp_per_floor":[58,58,47,47,47,47,47,47,54,56,56,39,41,30,51,19,60,49,49,49,41,36,57,57,57,57,57,57,57,57,36,59,0],"gold":105,"neow_bonus":"TWO_FIFTY_GOLD","is_prod":false,"is_daily":false,"chose_seed":false,"campfire_upgraded":5,"win_rate":0,"timestamp":1548513444,"path_taken":["M","?","?","?","$","R","$","R","T","M","?","?","M","?","R","BOSS","M","?","?","M","?","R","$","R","T","R","?","$","R","?","R","BOSS"],"build_version":"2019-01-23","purchased_purges":2,"victory":false,"max_hp_per_floor":[66,66,66,66,66,66,66,66,73,73,73,73,73,73,73,73,73,73,73,73,73,73,73,73,73,73,73,73,73,73,78,78,78],"card_choices":[{"not_picked":["Cloak And Dagger","Quick Slash"],"picked":"Well Laid Plans","floor":1},{"not_picked":["Distraction","Underhanded Strike","Skewer"],"picked":"SKIP","floor":3},{"not_picked":["Slice","Acrobatics"],"picked":"Leg Sweep","floor":10},{"not_picked":["Dagger Throw","Dagger Spray","Bane"],"picked":"SKIP","floor":12},{"not_picked":["Dagger Spray","Setup"],"picked":"Dodge and Roll","floor":13},{"not_picked":["Unload","Wraith Form v2"],"picked":"Envenom","floor":16},{"not_picked":["Sucker Punch","Deadly Poison","Concentrate"],"picked":"SKIP","floor":18},{"not_picked":["Slice","Underhanded Strike+1"],"picked":"Crippling Poison","floor":21},{"not_picked":["Setup+1","Quick Slash"],"picked":"Blade Dance","floor":22}],"player_experience":1082581,"relics_obtained":[{"floor":9,"key":"Strawberry"},{"floor":17,"key":"Vajra"},{"floor":17,"key":"Dodecahedron"},{"floor":17,"key":"Incense Burner"},{"floor":26,"key":"Art of War"}],"event_choices":[{"damage_healed":0,"gold_gain":0,"player_choice":"Rummage","damage_taken":0,"relics_obtained":["WarpedTongs"],"max_hp_gain":0,"max_hp_loss":0,"event_name":"Accursed Blacksmith","floor":2,"gold_loss":0,"cards_obtained":["Pain"]},{"damage_healed":0,"gold_gain":150,"player_choice":"AGREE","damage_taken":0,"max_hp_gain":0,"max_hp_loss":0,"event_name":"Liars Game","floor":4,"gold_loss":0,"cards_obtained":["Doubt"]},{"damage_healed":0,"gold_gain":0,"player_choice":"Grow","damage_taken":0,"max_hp_gain":0,"max_hp_loss":0,"event_name":"Living Wall","floor":11,"gold_loss":0,"cards_upgraded":["Neutralize"]},{"damage_healed":0,"gold_gain":75,"player_choice":"Gather Gold","damage_taken":11,"max_hp_gain":0,"max_hp_loss":0,"event_name":"World of Goop","floor":14,"gold_loss":0},{"damage_healed":0,"gold_gain":50,"player_choice":"Stole From Cult","damage_taken":0,"max_hp_gain":0,"max_hp_loss":0,"event_name":"Nest","floor":19,"gold_loss":0},{"damage_healed":0,"gold_gain":0,"cards_transformed":["Defend_G"],"player_choice":"Transformed","damage_taken":0,"max_hp_gain":0,"max_hp_loss":0,"event_name":"Transmorgrifier","floor":20,"gold_loss":0,"cards_obtained":["Setup"]},{"damage_healed":0,"gold_gain":0,"player_choice":"Read","damage_taken":0,"max_hp_gain":0,"max_hp_loss":0,"event_name":"The Library","floor":28,"gold_loss":0,"cards_obtained":["Catalyst"]},{"damage_healed":0,"gold_gain":0,"player_choice":"Shed Blood","damage_taken":26,"max_hp_gain":5,"max_hp_loss":0,"event_name":"Forgotten Altar","floor":31,"gold_loss":0}],"is_beta":true,"boss_relics":[{"not_picked":["WristBlade","Eternal Feather"],"picked":"Calling Bell"}],"items_purged_floors":[5,7],"is_endless":false,"potions_floor_spawned":[1,10,12,13,18],"killed_by":"Automaton","ascension_level":20}