{"gold_per_floor":[211,226,176,176,196,227,227,302,350,350,122,122,22,42,42,167,167,183,101,16,16,32,75,75,75,101,126,139,38,38,61,61,182,182,195,195,195,213,213,213,488,488,488,511,511,525,38,38],"floor_reached":48,"playtime":1379,"items_purged":["Defend_R","Strike_R","Strike_R","Regret"],"score":494,"play_id":"84019152-f59c-49e1-a1fc-a9453ecd78ad","local_time":"20190219222653","is_ascension_mode":false,"campfire_choices":[{"floor":10.0,"key":"REST"},{"data":"Bash","floor":12.0,"key":"SMITH"},{"floor":15.0,"key":"REST"},{"floor":24.0,"key":"REST"},{"floor":30.0,"key":"REST"},{"floor":32.0,"key":"REST"},{"floor":40,"key":"RECALL"},{"floor":42,"key":"REST"},{"floor":45,"key":"REST"}],"neow_cost":"NONE","seed_source_timestamp":0,"circlet_count":0,"master_deck":["Strike_R","Strike_R","Bash+1","Shrug It Off","Dropkick"],"special_seed":0,"relics":["Burning Blood","Golden Idol","Potion Belt","Bronze Scales","Vajra","Fusion Hammer","Bag of Marbles","Singing Bowl","Smiling Mask","Centennial Puzzle","Empty Cage","Charon\u0027s Ashes","Sundial","TheAbacus"],"potions_floor_usage":[33,33,33,37,46],"damage_taken":[{"damage":0.0,"enemies":"Small Slimes","floor":1.0,"turns":3.0},{"damage":0.0,"enemies":"2 Louse","floor":2.0,"turns":4.0},{"damage":11.0,"enemies":"Jaw Worm","floor":5.0,"turns":5.0},{"damage":34.0,"enemies":"Gremlin Nob","floor":6.0,"turns":5.0},{"damage":9.0,"enemies":"Exordium Thugs","floor":14.0,"turns":4.0},{"damage":31.0,"enemies":"The Guardian","floor":16.0,"turns":14.0},{"damage":6.0,"enemies":"3 Byrds","floor":18.0,"turns":3.0},{"damage":14.0,"enemies":"2 Thieves","floor":22.0,"turns":3.0},{"damage":37.0,"enemies":"Gremlin Leader","floor":23.0,"turns":5.0},{"damage":30.0,"enemies":"Sentry and Sphere","floor":28.0,"turns":4.0},{"damage":4.0,"enemies":"Chosen and Byrds","floor":31.0,"turns":4.0},{"damage":84,"enemies":"Automaton","floor":33,"turns":11},{"damage":0,"enemies":"3 Shapes","floor":35,"turns":5},{"damage":4,"enemies":"2 Orb Walkers","floor":37,"turns":2},{"damage":2,"enemies":"Orb Walker","floor":38,"turns":3},{"damage":25,"enemies":"Spire Growth","floor":44,"turns":5},{"damage":52,"enemies":"Sphere and 2 Shapes","floor":46,"turns":8},{"damage":0,"enemies":"Jaw Worm Horde","floor":48,"turns":2}],"seed_played":"-5065044137171177065","potions_obtained":[{"floor":1.0,"key":"SmokeBomb"},{"floor":6.0,"key":"Weak Potion"},{"floor":22.0,"key":"Energy Potion"},{"floor":28.0,"key":"Weak Potion"},{"floor":31.0,"key":"FearPotion"},{"floor":33,"key":"Weak Potion"},{"floor":35,"key":"Energy Potion"},{"floor":44,"key":"EssenceOfSteel"}],"is_trial":false,"path_per_floor":["M","M","?","?","M","E","?","?","T","R","$","R","$","M","R","B",null,"M","$","?","?","M","E","R","?","T","T","M","$","R","M","R","B",null,"M","?","?","M","$","R","?","R","T","M","R","M","$","M"],"character_chosen":"IRONCLAD","items_purchased":["Vajra","Dropkick","PowerPotion","Sundial","TheAbacus"],"campfire_rested":7,"item_purchase_floors":[11,19,29,47,47],"current_hp_per_floor":[80,80,80,60,55,27,27,16,16,40,40,40,40,37,61,36,80,80,80,80,80,72,43,67,67,67,67,45,45,70,74,86,10,88,90,85,85,87,87,87,87,87,87,70,89,45,45,45],"gold":38,"neow_bonus":"HUNDRED_GOLD","is_prod":false,"is_daily":false,"chose_seed":false,"campfire_upgraded":1,"win_rate":0,"timestamp":1550611613,"path_taken":["M","M","?","?","M","E","?","?","T","R","?","R","$","?","R","BOSS","M","$","?","?","M","E","R","?","T","?","M","$","R","M","R","BOSS","M","?","?","M","?","R","?","R","T","?","R","?","$","M"],"build_version":"2019-02-06","purchased_purges":4,"victory":false,"max_hp_per_floor":[80,80,80,80,80,80,80,80,80,80,80,80,80,80,80,80,80,80,80,80,80,80,82,82,82,82,82,84,84,84,86,86,88,88,90,85,85,87,87,87,87,87,87,89,89,91,91,91],"card_choices":[{"not_picked":["Sword Boomerang","Combust"],"picked":"Shrug It Off","floor":1.0},{"not_picked":["Warcry","Sever Soul","Armaments"],"picked":"SKIP","floor":2.0},{"not_picked":["Shrug It Off","Thunderclap","Clash"],"picked":"SKIP","floor":5.0},{"not_picked":["Clothesline","Searing Blow","Reaper"],"picked":"SKIP","floor":6.0},{"not_picked":["Iron Wave","Metallicize","Sentinel"],"picked":"SKIP","floor":14.0},{"not_picked":["Entrench","Pommel Strike","Sword Boomerang"],"picked":"SKIP","floor":18.0},{"not_picked":["Ghostly Armor","Flex","Heavy Blade"],"picked":"SKIP","floor":22.0},{"not_picked":["Fire Breathing","Bludgeon","Spot Weakness+1"],"picked":"Singing Bowl","floor":23.0},{"not_picked":["Iron Wave","Headbutt","Power Through"],"picked":"Singing Bowl","floor":28.0},{"not_picked":["Seeing Red+1","Pommel Strike","Thunderclap"],"picked":"Singing Bowl","floor":31.0},{"not_picked":["Dark Embrace","Demon Form","Berserk"],"picked":"Singing Bowl","floor":33},{"not_picked":["Anger","Infernal Blade+1","Perfected Strike"],"picked":"Singing Bowl","floor":35},{"not_picked":["Perfected Strike+1","Entrench","True Grit+1"],"picked":"Singing Bowl","floor":38},{"not_picked":["Cleave+1","Pummel","Uppercut+1"],"picked":"Singing Bowl","floor":44},{"not_picked":["Twin Strike","Whirlwind","Havoc+1"],"picked":"Singing Bowl","floor":46}],"player_experience":1159232,"relics_obtained":[{"floor":6.0,"key":"Potion Belt"},{"floor":9.0,"key":"Bronze Scales"},{"floor":23.0,"key":"Singing Bowl"},{"floor":26.0,"key":"Smiling Mask"},{"floor":27.0,"key":"Centennial Puzzle"},{"floor":43,"key":"Charon\u0027s Ashes"}],"event_choices":[{"cards_removed":["Defend_R"],"damage_healed":0.0,"max_hp_gain":0.0,"max_hp_loss":0.0,"gold_gain":0.0,"event_name":"The Cleric","player_choice":"Card Removal","floor":3.0,"gold_loss":50.0,"damage_taken":0.0},{"damage_healed":0.0,"max_hp_gain":0.0,"max_hp_loss":0.0,"gold_gain":0.0,"event_name":"Golden Idol","player_choice":"Take Damage","floor":4.0,"gold_loss":0.0,"damage_taken":20.0,"relics_obtained":["Golden Idol"]},{"damage_healed":0.0,"max_hp_gain":0.0,"max_hp_loss":0.0,"gold_gain":0.0,"event_name":"Shining Light","player_choice":"Ignored","floor":7.0,"gold_loss":0.0,"damage_taken":0.0},{"damage_healed":0.0,"max_hp_gain":0.0,"max_hp_loss":0.0,"gold_gain":75.0,"event_name":"World of Goop","player_choice":"Gather Gold","floor":8.0,"gold_loss":0.0,"damage_taken":11.0},{"damage_healed":0.0,"max_hp_gain":0.0,"max_hp_loss":0.0,"gold_gain":0.0,"event_name":"Addict","player_choice":"Obtained Relic","floor":20.0,"gold_loss":85.0,"damage_taken":0.0,"relics_obtained":["Bag of Marbles"]},{"cards_removed":["Defend_R"],"damage_healed":0.0,"max_hp_gain":0.0,"max_hp_loss":0.0,"gold_gain":0.0,"event_name":"Back to Basics","player_choice":"Elegance","floor":21.0,"gold_loss":0.0,"damage_taken":0.0},{"damage_healed":0.0,"max_hp_gain":0.0,"max_hp_loss":0.0,"gold_gain":0.0,"event_name":"The Mausoleum","player_choice":"Ignored","floor":25.0,"gold_loss":0.0,"damage_taken":0.0},{"damage_healed":0,"gold_gain":0,"player_choice":"Max HP","damage_taken":0,"max_hp_gain":0,"max_hp_loss":5,"event_name":"Winding Halls","floor":36,"gold_loss":0},{"damage_healed":0,"gold_gain":0,"player_choice":"Fight","damage_taken":0,"max_hp_gain":0,"max_hp_loss":0,"event_name":"Mysterious Sphere","floor":37,"gold_loss":0},{"damage_healed":0,"gold_gain":275,"player_choice":"Desecrate","damage_taken":0,"max_hp_gain":0,"max_hp_loss":0,"event_name":"Golden Shrine","floor":41,"gold_loss":0,"cards_obtained":["Regret"]}],"is_beta":true,"boss_relics":[{"not_picked":["Ectoplasm","Runic Pyramid"],"picked":"Fusion Hammer"},{"not_picked":["Lizard Tail","Coffee Dripper"],"picked":"Empty Cage"}],"items_purged_floors":[11,13,29,47],"is_endless":false,"potions_floor_spawned":[1,6,22,28,31,33,35,37,44],"killed_by":"Jaw Worm Horde","ascension_level":0}