{"gold_per_floor":[119,119,139,159,169,169,196,225,260,283,295,307,194,207,207,284,284,298,198,218,218],"floor_reached":21,"playtime":889,"items_purged":["Defend_R","Defend_R"],"score":357,"play_id":"d86d615c-ea32-4c07-aa5d-8b8bf1224856","local_time":"20181019192830","is_ascension_mode":true,"campfire_choices":[{"floor":6.0,"key":"DIG"},{"floor":12,"key":"REST"},{"data":"Armaments","floor":15,"key":"SMITH"}],"neow_cost":"TEN_PERCENT_HP_LOSS","seed_source_timestamp":0,"circlet_count":0,"master_deck":["Strike_R","Strike_R","Strike_R","Strike_R","Strike_R","Defend_R","Defend_R","Bash","AscendersBane","Clothesline","Reaper","Seeing Red","Spot Weakness","Uppercut","Sword Boomerang+1","Searing Blow+1","Shrug It Off","Armaments+1","Shrug It Off","Armaments+1","True Grit+1"],"special_seed":0,"relics":["Burning Blood","Shovel","Molten Egg 2","MawBank","Regal Pillow","Art of War","Sozu"],"potions_floor_usage":[10],"damage_taken":[{"damage":11.0,"enemies":"Small Slimes","floor":1.0,"turns":5.0},{"damage":4.0,"enemies":"Cultist","floor":3.0,"turns":4.0},{"damage":6.0,"enemies":"Jaw Worm","floor":4.0,"turns":5.0},{"damage":9.0,"enemies":"Exordium Wildlife","floor":5.0,"turns":4.0},{"damage":50.0,"enemies":"Lagavulin","floor":7.0,"turns":6.0},{"damage":22,"enemies":"Gremlin Gang","floor":8,"turns":6},{"damage":10,"enemies":"Red Slaver","floor":10,"turns":2},{"damage":5,"enemies":"Large Slime","floor":14,"turns":5},{"damage":37,"enemies":"The Guardian","floor":16,"turns":13},{"damage":46,"enemies":"3 Byrds","floor":18,"turns":6},{"damage":18,"enemies":"Chosen","floor":20,"turns":5},{"damage":55,"enemies":"3 Cultists","floor":21,"turns":5}],"seed_played":"6817605821321647322","potions_obtained":[{"floor":3.0,"key":"Ancient Potion"},{"floor":5.0,"key":"FairyPotion"},{"floor":8,"key":"Fire Potion"},{"floor":14,"key":"FairyPotion"}],"is_trial":false,"path_per_floor":["M","?","M","M","M","R","E","M","T","M","?","R","$","M","R","B",null,"M","$","M"],"character_chosen":"IRONCLAD","items_purchased":["Armaments"],"campfire_rested":1,"item_purchase_floors":[13],"current_hp_per_floor":[63,63,65,68,65,65,28,26,26,26,26,61,61,62,62,38,61,27,27,22,0],"gold":218,"neow_bonus":"ONE_RARE_RELIC","is_prod":false,"is_daily":false,"chose_seed":false,"campfire_upgraded":1,"win_rate":0,"timestamp":1539970110,"path_taken":["M","?","M","M","?","R","E","M","T","M","?","R","?","M","R","BOSS","M","$","?","M"],"build_version":"2018-10-18","purchased_purges":2,"victory":false,"max_hp_per_floor":[68,68,68,68,68,68,68,68,68,68,68,68,68,68,68,68,68,68,68,68,68],"card_choices":[{"not_picked":["Sword Boomerang","Body Slam"],"picked":"Clothesline","floor":1.0},{"not_picked":["Sword Boomerang","Iron Wave"],"picked":"Seeing Red","floor":3.0},{"not_picked":["Clothesline","Flex"],"picked":"Spot Weakness","floor":4.0},{"not_picked":["Sword Boomerang","True Grit"],"picked":"Uppercut","floor":5.0},{"not_picked":["Carnage+1","Battle Trance"],"picked":"Sword Boomerang+1","floor":7.0},{"not_picked":["Armaments","Barricade"],"picked":"Searing Blow+1","floor":8},{"not_picked":["Metallicize","Anger+1"],"picked":"Shrug It Off","floor":10},{"not_picked":["Uppercut+1","Whirlwind+1"],"picked":"Shrug It Off","floor":14},{"not_picked":["Thunderclap+1","Whirlwind+1"],"picked":"Armaments+1","floor":18},{"not_picked":["Sword Boomerang+1","Shockwave"],"picked":"True Grit+1","floor":20}],"player_experience":843299,"relics_obtained":[{"floor":6.0,"key":"Molten Egg 2"},{"floor":7.0,"key":"MawBank"},{"floor":9,"key":"Regal Pillow"}],"event_choices":[{"damage_healed":0.0,"max_hp_gain":0.0,"max_hp_loss":0.0,"gold_gain":0.0,"event_name":"Match and Keep!","player_choice":"1 cards matched","floor":2.0,"gold_loss":0.0,"damage_taken":0.0,"cards_obtained":["Reaper"]},{"damage_healed":0,"gold_gain":0,"player_choice":"Gave Potion","damage_taken":0,"relics_obtained":["Art of War"],"max_hp_gain":0,"max_hp_loss":0,"event_name":"WeMeetAgain","floor":11,"gold_loss":0}],"is_beta":true,"boss_relics":[{"not_picked":["Philosopher\u0027s Stone","Lizard Tail"],"picked":"Sozu"}],"items_purged_floors":[13,19],"is_endless":false,"potions_floor_spawned":[3,5,8,14,20],"killed_by":"3 Cultists","ascension_level":19}