{"gold_per_floor":[16,26,26,43,63,63,43,60,108,25,40,40,50,50,50,50],"floor_reached":16,"playtime":476,"items_purged":[],"score":188,"play_id":"9147ec7a-478b-4be8-ad39-bf2c7750fa92","local_time":"20190106200111","is_ascension_mode":true,"campfire_choices":[{"data":"Armaments","floor":6,"key":"SMITH"},{"data":"Searing Blow","floor":12,"key":"SMITH"},{"data":"Searing Blow+1","floor":15,"key":"SMITH"}],"neow_cost":"NO_GOLD","seed_source_timestamp":510346994429100,"circlet_count":0,"master_deck":["AscendersBane","Strike_R","Strike_R","Strike_R","Strike_R","Strike_R","Defend_R","Defend_R","Defend_R","Bash","Armaments+1","Shrug It Off","Shrug It Off","Limit Break","Searing Blow+2"],"relics":["Burning Blood","Anchor","Golden Idol"],"potions_floor_usage":[16],"damage_taken":[{"damage":4,"enemies":"Jaw Worm","floor":1,"turns":7},{"damage":11,"enemies":"2 Louse","floor":2,"turns":3},{"damage":6,"enemies":"Cultist","floor":4,"turns":3},{"damage":9,"enemies":"3 Louse","floor":5,"turns":6},{"damage":8,"enemies":"Blue Slaver","floor":8,"turns":6},{"damage":0,"enemies":"Exordium Wildlife","floor":11,"turns":3},{"damage":6,"enemies":"Looter","floor":13,"turns":3},{"damage":76,"enemies":"Slime Boss","floor":16,"turns":9}],"seed_played":"-4113427846613558262","potions_obtained":[{"floor":5,"key":"LiquidBronze"},{"floor":7,"key":"EssenceOfSteel"}],"is_trial":false,"path_per_floor":["M","M","?","M","M","R","?","M","T","$","M","R","M","?","R","B"],"character_chosen":"IRONCLAD","items_purchased":["Searing Blow"],"campfire_rested":0,"item_purchase_floors":[10],"current_hp_per_floor":[84,79,72,72,69,69,69,67,67,67,73,73,73,73,73,0],"gold":50,"neow_bonus":"TWENTY_PERCENT_HP_BONUS","is_prod":false,"is_daily":false,"chose_seed":false,"campfire_upgraded":3,"win_rate":0,"timestamp":1546801271,"path_taken":["M","M","?","M","M","R","?","M","T","$","M","R","?","?","R","BOSS"],"build_version":"2019-01-03v4","purchased_purges":0,"victory":false,"max_hp_per_floor":[89,89,89,89,89,89,89,89,89,89,89,89,89,81,81,81],"card_choices":[{"not_picked":["Anger","Twin Strike"],"picked":"Armaments","floor":1},{"not_picked":["Power Through","Thunderclap"],"picked":"Shrug It Off","floor":2},{"not_picked":["Body Slam","Warcry"],"picked":"Shrug It Off","floor":4},{"not_picked":["Clash","Clothesline"],"picked":"Limit Break","floor":5},{"not_picked":["Burning Pact","Infernal Blade","Iron Wave"],"picked":"SKIP","floor":8},{"not_picked":["True Grit","Thunderclap","Headbutt"],"picked":"SKIP","floor":11},{"not_picked":["Iron Wave","Clothesline","Perfected Strike"],"picked":"SKIP","floor":13}],"player_experience":1020646,"relics_obtained":[{"floor":9,"key":"Anchor"}],"event_choices":[{"cards_removed":["Defend_R"],"damage_healed":0,"gold_gain":0,"player_choice":"Card Removal","damage_taken":7,"max_hp_gain":0,"max_hp_loss":0,"event_name":"Golden Wing","floor":3,"gold_loss":0},{"damage_healed":0,"gold_gain":0,"player_choice":"Bought 1 Potion","damage_taken":0,"max_hp_gain":0,"max_hp_loss":0,"event_name":"The Woman in Blue","floor":7,"gold_loss":0},{"damage_healed":0,"gold_gain":0,"player_choice":"Lose Max HP","damage_taken":0,"relics_obtained":["Golden Idol"],"max_hp_gain":0,"max_hp_loss":8,"event_name":"Golden Idol","floor":14,"gold_loss":0}],"is_beta":true,"boss_relics":[],"items_purged_floors":[],"is_endless":false,"potions_floor_spawned":[5,8,11,13],"killed_by":"Slime Boss","ascension_level":20}