{"gold_per_floor":[17,40,40,61,74,74,114,64,89,112,156,177,216,234,234,357,357,380,380,404,9,9,9,21,21,102,102,114,131,151,208,208,309,309,327,161,161,0,13,42,42,75,75,75,104,121,121,138,138,138],"floor_reached":51,"playtime":2399,"items_purged":["Strike_G","Strike_G","Strike_G"],"score":1223,"play_id":"df2163dc-21f9-458a-a369-d9cfec0bac18","local_time":"20181005211621","is_ascension_mode":true,"campfire_choices":[{"data":"Dash","floor":6,"key":"SMITH"},{"floor":15,"key":"REST"},{"floor":23,"key":"REST"},{"data":"Footwork","floor":25,"key":"SMITH"},{"floor":32,"key":"REST"},{"data":"Catalyst","floor":41,"key":"SMITH"},{"data":"Footwork","floor":44,"key":"SMITH"},{"data":"Noxious Fumes","floor":47,"key":"SMITH"},{"data":"Noxious Fumes","floor":49,"key":"SMITH"}],"neow_cost":"NO_GOLD","seed_source_timestamp":8128588365200,"circlet_count":0,"master_deck":["Defend_G","Defend_G","Defend_G","Defend_G","Survivor","Neutralize","Doppelganger","Catalyst+1","Dash+1","Flying Knee","Backflip","Noxious Fumes+1","Malaise","Backstab","Footwork+1","Corpse Explosion","Leg Sweep","Noxious Fumes+1","PiercingWail+1","Ghostly","Ghostly","Ghostly","Ghostly","Ghostly","Footwork+1","Escape Plan+1"],"relics":["Ring of the Snake","Smiling Mask","Bloody Idol","Snake Skull","Oddly Smooth Stone","Dodecahedron","Centennial Puzzle","Lizard Tail","Happy Flower","Toolbox","The Courier","Tiny Chest","Busted Crown","Orichalcum","Red Mask","Potion Belt","Regal Pillow","Torii","Bag of Preparation"],"potions_floor_usage":[7,18,20,45,50,50],"damage_taken":[{"damage":0,"enemies":"Cultist","floor":1,"turns":6},{"damage":4,"enemies":"2 Louse","floor":4,"turns":4},{"damage":0,"enemies":"Jaw Worm","floor":5,"turns":5},{"damage":10,"enemies":"3 Sentries","floor":7,"turns":10},{"damage":0,"enemies":"Blue Slaver","floor":10,"turns":5},{"damage":7,"enemies":"Lagavulin","floor":11,"turns":7},{"damage":1,"enemies":"Looter","floor":12,"turns":4},{"damage":6,"enemies":"Gremlin Nob","floor":13,"turns":5},{"damage":0,"enemies":"2 Fungi Beasts","floor":14,"turns":5},{"damage":2,"enemies":"Hexaghost","floor":16,"turns":10},{"damage":3,"enemies":"Spheric Guardian","floor":18,"turns":5},{"damage":41,"enemies":"2 Thieves","floor":20,"turns":4},{"damage":16,"enemies":"Chosen and Byrds","floor":24,"turns":6},{"damage":0,"enemies":"Snake Plant","floor":28,"turns":6},{"damage":0,"enemies":"Sentry and Sphere","floor":29,"turns":6},{"damage":1,"enemies":"Shelled Parasite and Fungi","floor":30,"turns":7},{"damage":18,"enemies":"Slavers","floor":31,"turns":5},{"damage":9,"enemies":"Automaton","floor":33,"turns":12},{"damage":2,"enemies":"Orb Walker","floor":35,"turns":7},{"damage":0,"enemies":"3 Darklings","floor":39,"turns":3},{"damage":0,"enemies":"Nemesis","floor":40,"turns":11},{"damage":0,"enemies":"2 Orb Walkers","floor":42,"turns":5},{"damage":6,"enemies":"Giant Head","floor":45,"turns":10},{"damage":0,"enemies":"Maw","floor":46,"turns":8},{"damage":0,"enemies":"Reptomancer","floor":48,"turns":5},{"damage":13,"enemies":"Awakened One","floor":50,"turns":13}],"seed_played":"769739305727872968","potions_obtained":[{"floor":4,"key":"Fire Potion"},{"floor":11,"key":"Weak Potion"},{"floor":13,"key":"Dexterity Potion"},{"floor":14,"key":"GamblersBrew"},{"floor":28,"key":"FearPotion"},{"floor":29,"key":"Dexterity Potion"},{"floor":42,"key":"Poison Potion"},{"floor":48,"key":"FearPotion"}],"is_trial":false,"path_per_floor":["M","T","?","M","M","R","E","$","T","M","E","M","E","M","R","B",null,"M","?","M","$","?","R","M","R","T","?","M","M","M","E","R","B",null,"M","$","?","?","M","E","R","E","T","R","E","M","R","M","R","B"],"character_chosen":"THE_SILENT","items_purchased":["Happy Flower","Toolbox","Orichalcum"],"campfire_rested":3,"item_purchase_floors":[21,21,36],"current_hp_per_floor":[63,63,46,42,42,42,32,32,32,32,25,24,18,18,39,37,62,59,59,18,18,18,39,28,28,33,33,35,35,35,27,35,31,34,35,35,35,35,35,35,35,35,35,35,34,35,35,35,35,22],"gold":138,"neow_bonus":"TRANSFORM_TWO_CARDS","is_prod":false,"is_daily":false,"chose_seed":false,"campfire_upgraded":6,"win_rate":0,"timestamp":1538799381,"path_taken":["M","?","?","M","?","R","E","$","T","M","E","M","E","M","R","BOSS","M","?","M","$","?","R","M","R","T","?","?","?","M","E","R","BOSS","M","$","?","?","M","E","R","E","T","R","E","M","R","M","R","BOSS"],"build_version":"2018-10-04","purchased_purges":3,"victory":true,"max_hp_per_floor":[70,70,70,70,70,70,70,70,70,70,70,70,70,70,70,70,70,70,70,70,70,70,70,70,70,70,35,35,35,35,35,35,35,35,35,35,35,35,35,35,35,35,35,35,35,35,35,35,35,35],"card_choices":[{"not_picked":["Blade Dance","Deflect"],"picked":"Dash","floor":1},{"not_picked":["Distraction","Acrobatics"],"picked":"Flying Knee","floor":4},{"not_picked":["Dagger Throw","Acrobatics"],"picked":"Backflip","floor":5},{"not_picked":["Backflip","Prepared"],"picked":"Noxious Fumes","floor":7},{"not_picked":["All Out Attack","Calculated Gamble","Cloak And Dagger"],"picked":"SKIP","floor":10},{"not_picked":["Glass Knife","Deadly Poison"],"picked":"Malaise","floor":11},{"not_picked":["PiercingWail","Dagger Throw"],"picked":"Backstab","floor":12},{"not_picked":["Terror","Finisher","Underhanded Strike"],"picked":"SKIP","floor":13},{"not_picked":["Blade Dance","Deadly Poison"],"picked":"Footwork","floor":14},{"not_picked":["Night Terror","Storm of Steel"],"picked":"Corpse Explosion","floor":16},{"not_picked":["Terror+1","Slice"],"picked":"Leg Sweep","floor":18},{"not_picked":["Outmaneuver+1","Quick Slash"],"picked":"Noxious Fumes","floor":20},{"not_picked":["Dagger Throw+1","Acrobatics"],"picked":"PiercingWail+1","floor":24},{"not_picked":["Deadly Poison","Flying Knee","Underhanded Strike"],"picked":"SKIP","floor":28},{"not_picked":["Sucker Punch+1","PiercingWail","Endless Agony+1"],"picked":"SKIP","floor":29},{"not_picked":["Quick Slash","Well Laid Plans","Deadly Poison"],"picked":"SKIP","floor":30},{"not_picked":["Envenom","Heel Hook","Sucker Punch"],"picked":"SKIP","floor":31},{"not_picked":["Bane"],"picked":"SKIP","floor":35},{"not_picked":["Underhanded Strike+1"],"picked":"SKIP","floor":39},{"not_picked":["Deadly Poison"],"picked":"SKIP","floor":40},{"not_picked":[],"picked":"Footwork","floor":42},{"not_picked":["Poisoned Stab+1"],"picked":"SKIP","floor":45},{"not_picked":["Predator+1"],"picked":"SKIP","floor":46},{"not_picked":[],"picked":"Escape Plan+1","floor":48}],"player_experience":342454,"relics_obtained":[{"floor":2,"key":"Smiling Mask"},{"floor":7,"key":"Snake Skull"},{"floor":9,"key":"Oddly Smooth Stone"},{"floor":11,"key":"Dodecahedron"},{"floor":13,"key":"Centennial Puzzle"},{"floor":26,"key":"The Courier"},{"floor":31,"key":"Tiny Chest"},{"floor":40,"key":"Potion Belt"},{"floor":42,"key":"Regal Pillow"},{"floor":43,"key":"Torii"},{"floor":45,"key":"Bag of Preparation"}],"event_choices":[{"event_name":"Golden Idol","player_choice":"Take Damage","floor":3,"damage_taken":0},{"event_name":"Vampires","player_choice":"Ignored","floor":19,"damage_taken":0},{"event_name":"Forgotten Altar","player_choice":"Gave Idol","floor":22,"damage_taken":0},{"event_name":"Ghosts","player_choice":"Became a Ghost","floor":27,"damage_taken":0},{"event_name":"Purifier","player_choice":"One Purge","floor":37,"damage_taken":0},{"event_name":"Tomb of Lord Red Mask","player_choice":"Paid","floor":38,"damage_taken":0}],"is_beta":true,"boss_relics":[{"not_picked":["Snecko Eye","Orrery"],"picked":"Lizard Tail"},{"not_picked":["White Beast Statue","Tiny House"],"picked":"Busted Crown"}],"items_purged_floors":[8,21,36],"is_endless":false,"potions_floor_spawned":[4,11,13,14,28,29,30,31,42,48],"ascension_level":8}