{"path_per_floor":["M","?","M","M","?","E","R","M","T","?","E","M","?","?","R","B",null,"M","?","$","?","?","R","E","M","T","E","R","M","T","?","R","B",null],"character_chosen":"THE_SILENT","items_purchased":["Choke","Shuriken","Blade Dance+1"],"gold_per_floor":[111,111,126,137,137,165,165,179,179,129,158,178,203,303,303,399,399,418,418,34,34,34,34,69,79,79,109,109,123,123,123,123,228,228,228],"floor_reached":35,"campfire_rested":3,"playtime":2657,"item_purchase_floors":[20,20,20],"current_hp_per_floor":[70,58,58,58,58,34,34,34,34,34,15,10,3,3,24,12,70,66,66,66,49,49,49,26,30,30,11,25,23,23,23,37,35,49,0],"items_purged":[],"gold":228,"score":446,"play_id":"44c57ce1-bd60-4dd2-b238-57f330547986","local_time":"20180529212818","is_prod":false,"is_daily":false,"chose_seed":false,"is_ascension_mode":true,"campfire_upgraded":2,"win_rate":0.0,"timestamp":1527654498,"campfire_choices":[{"data":"Blade Dance","floor":7,"key":"SMITH"},{"floor":15,"key":"REST"},{"data":"Choke","floor":23,"key":"SMITH"},{"floor":28,"key":"REST"},{"floor":32,"key":"REST"}],"path_taken":["M","?","?","M","?","E","R","?","T","?","E","M","?","?","R","BOSS","M","?","$","?","?","R","E","M","T","E","R","M","?","?","R","BOSS","M"],"build_version":"2018-05-28","seed_source_timestamp":86510691337676,"purchased_purges":0,"victory":false,"master_deck":["Defend_G","Defend_G","Defend_G","Defend_G","Defend_G","Survivor","Neutralize+1","Quick Slash","Footwork+1","Blade Dance+1","Infinite Blades","Infinite Blades","Burst+1","After Image","Choke+1","Blade Dance+1","Bite","Bite","Bite","Bite","Cloak And Dagger+1","Infinite Blades","After Image"],"max_hp_per_floor":[70,70,70,70,70,70,70,70,70,70,70,70,70,70,70,70,70,70,70,70,49,49,49,49,49,49,49,49,49,49,49,49,49,49,49],"relics":["Ring of the Snake","Lantern","Toxic Egg 2","Juzu Bracelet","Bag of Marbles","Odd Mushroom","Lizard Tail","Shuriken","Tough Bandages","Anchor","Bottled Flame","Matryoshka","Eternal Feather"],"card_choices":[{"not_picked":["Masterful Stab","Poisoned Stab"],"picked":"Quick Slash","floor":1},{"not_picked":["Prepared","Cloak And Dagger"],"picked":"Footwork","floor":3},{"not_picked":["Acrobatics","Deflect"],"picked":"Blade Dance","floor":4},{"not_picked":["Bane","Slice"],"picked":"Infinite Blades","floor":6},{"not_picked":["Leg Sweep+1","Bane","Deflect+1"],"picked":"SKIP","floor":8},{"not_picked":["Flying Knee","Quick Slash"],"picked":"Infinite Blades","floor":11},{"not_picked":["Outmaneuver+1","Well Laid Plans","Crippling Poison+1"],"picked":"SKIP","floor":12},{"not_picked":["Bane","Finisher"],"picked":"Burst+1","floor":13},{"not_picked":["Corpse Explosion","Glass Knife"],"picked":"After Image","floor":16},{"not_picked":["Outmaneuver+1","PiercingWail+1","Acrobatics+1"],"picked":"SKIP","floor":18},{"not_picked":["Burst+1","All Out Attack"],"picked":"Cloak And Dagger+1","floor":24},{"not_picked":["Predator","Dagger Spray"],"picked":"Infinite Blades","floor":25},{"not_picked":["Finisher+1","Calculated Gamble+1","PiercingWail+1"],"picked":"SKIP","floor":27},{"not_picked":["Dagger Throw+1","Slice","Acrobatics+1"],"picked":"SKIP","floor":29},{"not_picked":["Phantasmal Killer+1","Bullet Time+1"],"picked":"After Image","floor":33}],"player_experience":114867,"potions_floor_usage":[6,11,13,13,24,24,27,35],"damage_taken":[{"damage":0,"enemies":"2 Louse","floor":1,"turns":3},{"damage":0,"enemies":"Jaw Worm","floor":3,"turns":3},{"damage":0,"enemies":"Cultist","floor":4,"turns":4},{"damage":24,"enemies":"Gremlin Nob","floor":6,"turns":4},{"damage":0,"enemies":"Blue Slaver","floor":8,"turns":3},{"damage":19,"enemies":"Lagavulin","floor":11,"turns":7},{"damage":5,"enemies":"Exordium Thugs","floor":12,"turns":5},{"damage":7,"enemies":"The Mushroom Lair","floor":13,"turns":4},{"damage":12,"enemies":"The Guardian","floor":16,"turns":14},{"damage":4,"enemies":"Spheric Guardian","floor":18,"turns":8},{"damage":54,"enemies":"Gremlin Leader","floor":24,"turns":5},{"damage":0,"enemies":"Chosen","floor":25,"turns":4},{"damage":25,"enemies":"Slavers","floor":27,"turns":9},{"damage":4,"enemies":"3 Cultists","floor":29,"turns":5},{"damage":8,"enemies":"Champ","floor":33,"turns":8},{"damage":59,"enemies":"3 Shapes","floor":35,"turns":10}],"relics_obtained":[{"floor":6,"key":"Toxic Egg 2"},{"floor":9,"key":"Juzu Bracelet"},{"floor":11,"key":"Bag of Marbles"},{"floor":13,"key":"Odd Mushroom"},{"floor":24,"key":"Tough Bandages"},{"floor":26,"key":"Anchor"},{"floor":27,"key":"Bottled Flame"},{"floor":30,"key":"Matryoshka"}],"event_choices":[{"event_name":"Scrap Ooze","player_choice":"success","floor":2,"damage_taken":12},{"event_name":"Upgrade Shrine","player_choice":"Upgraded","floor":5,"damage_taken":0},{"event_name":"The Cleric","player_choice":"Card Removal","floor":10,"damage_taken":0},{"event_name":"Mushrooms","player_choice":"Fought Mushrooms","floor":13,"damage_taken":0},{"event_name":"Golden Shrine","player_choice":"Pray","floor":14,"damage_taken":0},{"event_name":"Beggar","player_choice":"Ignored","floor":19,"damage_taken":0},{"event_name":"Vampires","player_choice":"Became a vampire","floor":21,"damage_taken":0},{"event_name":"Drug Dealer","player_choice":"Ignored","floor":22,"damage_taken":0},{"event_name":"Purifier","player_choice":"One Purge","floor":31,"damage_taken":0}],"boss_relics":[{"not_picked":["Snecko Eye","Runic Pyramid"],"picked":"Lizard Tail"},{"not_picked":["Astrolabe","Runic Dome"],"picked":"Eternal Feather"}],"items_purged_floors":[],"potions_floor_spawned":[1,3,6,11,16,18,24,33],"seed_played":"9067306391650818810","killed_by":"3 Shapes","ascension_level":1,"potions_obtained":[{"floor":1,"key":"Strength Potion"},{"floor":3,"key":"GamblersBrew"},{"floor":6,"key":"SkillPotion"},{"floor":11,"key":"LiquidBronze"},{"floor":16,"key":"EssenceOfSteel"},{"floor":18,"key":"Swift Potion"},{"floor":24,"key":"GamblersBrew"},{"floor":33,"key":"Strength Potion"}],"is_trial":false}