{"path_per_floor":["M","?","M","?","M","E","R","E","T","M","M","E","M","M","R"],"character_chosen":"THE_SILENT","items_purchased":[],"gold_per_floor":[113,113,130,130,145,172,172,202,202,212,232,297,317,330,330,330],"floor_reached":16,"campfire_rested":0,"playtime":573,"item_purchase_floors":[],"current_hp_per_floor":[70,70,68,54,54,49,49,38,38,38,37,31,38,38,38,0],"items_purged":[],"gold":330,"score":143,"play_id":"ba21022c-5472-4ff2-97e0-d7c659528e60","local_time":"20180623203308","is_prod":false,"is_daily":false,"chose_seed":false,"is_ascension_mode":true,"campfire_upgraded":2,"win_rate":0,"timestamp":1529811188,"campfire_choices":[{"data":"Unload","floor":7,"key":"SMITH"},{"data":"Underhanded Strike","floor":15,"key":"SMITH"}],"path_taken":["M","?","?","?","M","E","R","E","T","M","M","E","M","M","R","BOSS"],"build_version":"2018-06-11","seed_source_timestamp":173097819377820,"purchased_purges":0,"victory":false,"master_deck":["Defend_G","Defend_G","Defend_G","Defend_G","Defend_G","Strike_G+1","Strike_G","Strike_G","Strike_G+1","Strike_G","Survivor","Neutralize+1","Dagger Spray","Flash of Steel","PiercingWail","Deflect","Unload+1","Underhanded Strike+1","Outmaneuver"],"max_hp_per_floor":[70,70,70,70,70,70,70,70,70,70,70,70,70,70,70,70],"special_seed":0,"relics":["Ring of the Snake","Meat on the Bone","Bird Faced Urn","Ice Cream","Tiny Chest"],"card_choices":[{"not_picked":["Acrobatics","Skewer"],"picked":"Dagger Spray","floor":1},{"not_picked":["Poisoned Stab","Sucker Punch"],"picked":"PiercingWail","floor":3},{"not_picked":["Concentrate","Acrobatics"],"picked":"Deflect","floor":5},{"not_picked":["Dagger Throw","Sucker Punch"],"picked":"Unload","floor":6},{"not_picked":["Outmaneuver","Bane","Concentrate"],"picked":"SKIP","floor":8},{"not_picked":["Bane","Dagger Spray","Grand Finale"],"picked":"SKIP","floor":10},{"not_picked":["Setup","Slice"],"picked":"Underhanded Strike","floor":11},{"not_picked":["Flying Knee","Escape Plan"],"picked":"Outmaneuver","floor":12},{"not_picked":["Bouncing Flask","Terror","Acrobatics"],"picked":"SKIP","floor":13},{"not_picked":["Leg Sweep","Caltrops","Reflex"],"picked":"SKIP","floor":14}],"player_experience":156280,"potions_floor_usage":[16],"damage_taken":[{"damage":0,"enemies":"2 Louse","floor":1,"turns":4},{"damage":2,"enemies":"Cultist","floor":3,"turns":4},{"damage":0,"enemies":"Small Slimes","floor":5,"turns":2},{"damage":5,"enemies":"3 Sentries","floor":6,"turns":7},{"damage":23,"enemies":"Gremlin Nob","floor":8,"turns":4},{"damage":0,"enemies":"Gremlin Gang","floor":10,"turns":5},{"damage":1,"enemies":"3 Louse","floor":11,"turns":2},{"damage":18,"enemies":"Lagavulin","floor":12,"turns":6},{"damage":5,"enemies":"Looter","floor":13,"turns":3},{"damage":0,"enemies":"Large Slime","floor":14,"turns":4},{"damage":46,"enemies":"The Guardian","floor":16,"turns":8}],"relics_obtained":[{"floor":6,"key":"Meat on the Bone"},{"floor":8,"key":"Bird Faced Urn"},{"floor":9,"key":"Ice Cream"},{"floor":12,"key":"Tiny Chest"}],"event_choices":[{"event_name":"Match and Keep!","player_choice":"1 cards matched","floor":2,"damage_taken":0},{"event_name":"Shining Light","player_choice":"Entered Light","floor":4,"damage_taken":0}],"boss_relics":[],"items_purged_floors":[],"potions_floor_spawned":[5,6,10,14],"seed_played":"8849927332367644958","killed_by":"The Guardian","ascension_level":3,"potions_obtained":[{"floor":5,"key":"SpeedPotion"},{"floor":6,"key":"Strength Potion"},{"floor":10,"key":"Energy Potion"},{"floor":14,"key":"PowerPotion"}],"is_trial":false}