{"gold_per_floor":[117,117,130,146,146,146,185,204,228,228,257,276,30,50,50,141,141,161,161,61,61,61,61,61],"floor_reached":24,"playtime":541,"items_purged":["Injury","Strike_R"],"score":388,"play_id":"f7604677-7e6f-43d3-b91a-200ae1ef436f","local_time":"20190320232241","is_ascension_mode":true,"campfire_choices":[{"data":"Bash","floor":6,"key":"SMITH"},{"floor":10,"key":"REST"},{"floor":15,"key":"REST"},{"floor":23,"key":"REST"}],"neow_cost":"CURSE","seed_source_timestamp":5753749193200,"circlet_count":0,"master_deck":["AscendersBane","Strike_R","Strike_R","Strike_R","Defend_R","Defend_R","Bash+1","Heavy Blade","Shrug It Off","Sword Boomerang","Dropkick","Demon Form","Impervious","Thunderclap","Entrench+1","Fiend Fire+1","Battle Trance+1"],"relics":["Burning Blood","Champion Belt","Golden Idol","Orichalcum","PreservedInsect","Odd Mushroom","Astrolabe","Nilry\u0027s Codex","Strawberry"],"potions_floor_usage":[16,16],"damage_taken":[{"damage":8,"enemies":"Jaw Worm","floor":1,"turns":4},{"damage":0,"enemies":"2 Louse","floor":3,"turns":2},{"damage":5,"enemies":"Small Slimes","floor":4,"turns":3},{"damage":54,"enemies":"Gremlin Nob","floor":7,"turns":5},{"damage":3,"enemies":"Blue Slaver","floor":8,"turns":4},{"damage":35,"enemies":"The Mushroom Lair","floor":11,"turns":5},{"damage":8,"enemies":"Red Slaver","floor":12,"turns":4},{"damage":2,"enemies":"Looter","floor":14,"turns":3},{"damage":20,"enemies":"Hexaghost","floor":16,"turns":9},{"damage":19,"enemies":"Chosen","floor":18,"turns":4},{"damage":59,"enemies":"Slavers","floor":24,"turns":3}],"seed_played":"-1451776732672345790","potions_obtained":[{"floor":3,"key":"LiquidBronze"},{"floor":7,"key":"PowerPotion"}],"is_trial":false,"path_per_floor":["M","?","M","M","?","R","E","M","T","R","?","M","$","M","R","B",null,"M","?","$","?","T","R","E"],"character_chosen":"IRONCLAD","items_purchased":["Impervious"],"campfire_rested":3,"item_purchase_floors":[13],"current_hp_per_floor":[66,59,65,66,66,66,18,21,21,43,14,12,12,16,38,24,62,49,28,28,28,35,59,0],"gold":61,"neow_bonus":"ONE_RARE_RELIC","is_prod":false,"is_daily":false,"chose_seed":false,"campfire_upgraded":1,"win_rate":0,"timestamp":1553120561,"path_taken":["M","?","M","M","?","R","E","M","T","R","?","M","$","M","R","BOSS","M","?","$","?","?","R","E"],"build_version":"2019-03-15","purchased_purges":2,"victory":false,"max_hp_per_floor":[75,75,75,75,75,75,75,75,75,75,75,75,75,75,75,75,75,75,75,75,75,82,82,82],"card_choices":[{"not_picked":["Havoc","Pommel Strike"],"picked":"Heavy Blade","floor":1},{"not_picked":["Sentinel","Twin Strike"],"picked":"Shrug It Off","floor":3},{"not_picked":["Heavy Blade","Armaments","Wild Strike"],"picked":"SKIP","floor":4},{"not_picked":["Body Slam","Havoc"],"picked":"Sword Boomerang","floor":7},{"not_picked":["Burning Pact","True Grit"],"picked":"Dropkick","floor":8},{"not_picked":["Blood for Blood","Corruption"],"picked":"Demon Form","floor":11},{"not_picked":["Metallicize","Rampage","Sentinel"],"picked":"SKIP","floor":12},{"not_picked":["Havoc","Anger"],"picked":"Thunderclap","floor":14},{"not_picked":["Cleave+1","Anger","Intimidate"],"picked":"SKIP","floor":18}],"player_experience":1268306,"relics_obtained":[{"floor":7,"key":"Orichalcum"},{"floor":9,"key":"PreservedInsect"},{"floor":11,"key":"Odd Mushroom"},{"floor":19,"key":"Nilry\u0027s Codex"},{"floor":22,"key":"Strawberry"}],"event_choices":[{"cards_removed":["Injury"],"damage_healed":0,"gold_gain":0,"player_choice":"Card Removal","damage_taken":7,"max_hp_gain":0,"max_hp_loss":0,"event_name":"Golden Wing","floor":2,"gold_loss":0},{"damage_healed":0,"gold_gain":0,"player_choice":"Take Wound","damage_taken":0,"relics_obtained":["Golden Idol"],"max_hp_gain":0,"max_hp_loss":0,"event_name":"Golden Idol","floor":5,"gold_loss":0,"cards_obtained":["Injury"]},{"damage_healed":0,"gold_gain":0,"player_choice":"Fought Mushrooms","damage_taken":0,"max_hp_gain":0,"max_hp_loss":0,"event_name":"Mushrooms","floor":11,"gold_loss":0},{"damage_healed":0,"gold_gain":0,"player_choice":"Obtained Book","damage_taken":21,"max_hp_gain":0,"max_hp_loss":0,"event_name":"Cursed Tome","floor":19,"gold_loss":0},{"damage_healed":0,"gold_gain":0,"player_choice":"Ignored","damage_taken":0,"max_hp_gain":0,"max_hp_loss":0,"event_name":"Beggar","floor":21,"gold_loss":0}],"is_beta":true,"boss_relics":[{"not_picked":["Lizard Tail","Tiny House"],"picked":"Astrolabe"}],"items_purged_floors":[13,20],"is_endless":false,"potions_floor_spawned":[3,7,8,11],"killed_by":"Slavers","ascension_level":20}