{"gold_per_floor":[116,130,130,147,72,97,97,127,207,242,242,270,270,270,270,369,369,392,572,572],"floor_reached":20,"playtime":4014,"items_purged":[],"score":396,"play_id":"b5f67715-3b49-4770-980e-29cb8fd5084d","local_time":"20190501173119","is_ascension_mode":true,"campfire_choices":[{"floor":7.0,"key":"REST"},{"floor":11,"key":"REST"},{"floor":13,"key":"REST"},{"data":"Deadly Poison","floor":15,"key":"SMITH"}],"neow_cost":"NONE","seed_source_timestamp":8608678293601,"circlet_count":0,"master_deck":["AscendersBane","Defend_G","Defend_G","Defend_G","Defend_G","Defend_G","Strike_G","Strike_G","Strike_G+1","Strike_G+1","Survivor","Neutralize","Backflip","Quick Slash","Well Laid Plans","Poisoned Stab","Deadly Poison+1","Backflip","Riddle With Holes+1","Envenom","Well Laid Plans"],"special_seed":0,"relics":["Ring of the Serpent","Whetstone","StoneCalendar","Boot","Happy Flower","Mercury Hourglass","Molten Egg 2","Lantern","Golden Idol"],"potions_floor_usage":[10,20],"damage_taken":[{"damage":1.0,"enemies":"Small Slimes","floor":1.0,"turns":4.0},{"damage":2.0,"enemies":"Jaw Worm","floor":2.0,"turns":6.0},{"damage":0.0,"enemies":"Cultist","floor":4.0,"turns":3.0},{"damage":31.0,"enemies":"Gremlin Nob","floor":6.0,"turns":4.0},{"damage":12.0,"enemies":"3 Sentries","floor":8.0,"turns":7.0},{"damage":16,"enemies":"Gremlin Nob","floor":10,"turns":4},{"damage":15,"enemies":"3 Sentries","floor":12,"turns":7},{"damage":3,"enemies":"The Guardian","floor":16,"turns":8},{"damage":9,"enemies":"2 Thieves","floor":18,"turns":4},{"damage":19,"enemies":"Spheric Guardian","floor":20,"turns":6}],"seed_played":"-8631677528546683375","potions_obtained":[{"floor":2.0,"key":"Fire Potion"},{"floor":4.0,"key":"Regen Potion"},{"floor":8.0,"key":"Block Potion"},{"floor":12,"key":"Explosive Potion"}],"is_trial":false,"path_per_floor":["M","M","?","M","?","E","R","E","T","E","R","E","R","?","R","B",null,"M","?","M"],"character_chosen":"THE_SILENT","items_purchased":[],"campfire_rested":3,"item_purchase_floors":[],"current_hp_per_floor":[58,56,30,30,30,11,30,18,18,2,21,6,25,25,25,22,51,42,18,0],"gold":572,"neow_bonus":"RANDOM_COMMON_RELIC","is_prod":false,"is_daily":false,"chose_seed":false,"campfire_upgraded":1,"win_rate":0,"timestamp":1556753479,"path_taken":["M","M","?","M","?","E","R","E","T","E","R","E","R","?","R","BOSS","M","?","?"],"build_version":"2019-04-23","purchased_purges":0,"victory":false,"max_hp_per_floor":[66,66,66,66,66,66,66,66,66,66,66,66,66,60,60,60,60,60,60,60],"card_choices":[{"not_picked":["Bane","Flechettes"],"picked":"Backflip","floor":1.0},{"not_picked":["Setup","PiercingWail"],"picked":"Quick Slash","floor":2.0},{"not_picked":["Bane","Dagger Spray"],"picked":"Well Laid Plans","floor":4.0},{"not_picked":["All Out Attack","Deflect"],"picked":"Poisoned Stab","floor":6.0},{"not_picked":["Doppelganger","Acrobatics"],"picked":"Deadly Poison","floor":8.0},{"not_picked":["Sucker Punch","Flying Knee"],"picked":"Backflip","floor":10},{"not_picked":["Dodge and Roll","Quick Slash+1"],"picked":"Riddle With Holes+1","floor":12},{"not_picked":["A Thousand Cuts","Bullet Time"],"picked":"Envenom","floor":16},{"not_picked":["Expertise","Accuracy"],"picked":"Well Laid Plans","floor":18}],"player_experience":3104192,"relics_obtained":[{"floor":6.0,"key":"Boot"},{"floor":8.0,"key":"Happy Flower"},{"floor":9.0,"key":"Mercury Hourglass"},{"floor":10,"key":"Molten Egg 2"},{"floor":12,"key":"Lantern"}],"event_choices":[{"damage_healed":0.0,"max_hp_gain":0.0,"max_hp_loss":0.0,"gold_gain":0.0,"event_name":"Scrap Ooze","player_choice":"Success","floor":3.0,"gold_loss":0.0,"damage_taken":26.0,"relics_obtained":["StoneCalendar"]},{"cards_removed":["Strike_G"],"damage_healed":0.0,"max_hp_gain":0.0,"max_hp_loss":0.0,"gold_gain":0.0,"event_name":"The Cleric","player_choice":"Card Removal","floor":5.0,"gold_loss":75.0,"damage_taken":0.0},{"damage_healed":0,"gold_gain":0,"player_choice":"Lose Max HP","damage_taken":0,"relics_obtained":["Golden Idol"],"max_hp_gain":0,"max_hp_loss":6,"event_name":"Golden Idol","floor":14,"gold_loss":0},{"damage_healed":0,"gold_gain":180,"player_choice":"POTION GOLD GOLD ","damage_taken":24,"max_hp_gain":0,"max_hp_loss":0,"event_name":"Knowing Skull","floor":19,"potions_obtained":["Energy Potion"],"gold_loss":0,"cards_obtained":[]}],"is_beta":true,"boss_relics":[{"not_picked":["Calling Bell","Lizard Tail"],"picked":"Ring of the Serpent"}],"items_purged_floors":[],"is_endless":false,"potions_floor_spawned":[2,4,8,12],"killed_by":"Spheric Guardian","ascension_level":20}