{"gold_per_floor":[110,60,60,77,77,77,92,54,54,86,104,115,172,172,172,267,267,280,195,195,195],"floor_reached":21,"playtime":1314,"items_purged":[],"score":257,"play_id":"4074017f-3fa8-4b27-994c-bf6cf8dd1289","local_time":"20190424154739","is_ascension_mode":true,"campfire_choices":[{"floor":6,"key":"REST"},{"data":"Crippling Poison","floor":15,"key":"SMITH"}],"neow_cost":"NONE","seed_source_timestamp":2006487353901618,"circlet_count":0,"master_deck":["Defend_G","Defend_G","Defend_G","Defend_G","Defend_G+1","Strike_G+1","Survivor","Neutralize","Deadly Poison","Deadly Poison","Flying Knee","Dash","Crippling Poison+1","Poisoned Stab+1","Heel Hook+1","Adrenaline"],"relics":["Ring of the Snake","NeowsBlessing","Molten Egg 2","Meat on the Bone","Juzu Bracelet","Art of War","Empty Cage","Blue Candle","Nilry\u0027s Codex"],"potions_floor_usage":[13],"damage_taken":[{"damage":0,"enemies":"2 Louse","floor":1,"turns":1},{"damage":0,"enemies":"Jaw Worm","floor":4,"turns":1},{"damage":0,"enemies":"Small Slimes","floor":7,"turns":1},{"damage":12,"enemies":"Lagavulin","floor":10,"turns":6},{"damage":7,"enemies":"3 Louse","floor":11,"turns":5},{"damage":1,"enemies":"Blue Slaver","floor":12,"turns":4},{"damage":4,"enemies":"Gremlin Nob","floor":13,"turns":5},{"damage":30,"enemies":"Slime Boss","floor":16,"turns":13},{"damage":1,"enemies":"Chosen","floor":18,"turns":4},{"damage":12,"enemies":"Colosseum Slavers","floor":21,"turns":5},{"damage":43,"enemies":"Colosseum Nobs","floor":21,"turns":5}],"seed_played":"-1548697697478987045","potions_obtained":[{"floor":7,"key":"Swift Potion"}],"is_trial":false,"path_per_floor":["M","?","?","M","?","R","M","$","T","E","M","M","?","?","R","B",null,"M","?","?","?"],"character_chosen":"THE_SILENT","items_purchased":["Dash"],"campfire_rested":1,"item_purchase_floors":[8],"current_hp_per_floor":[63,63,63,63,49,70,70,70,70,58,51,50,46,39,39,21,58,57,57,41,0],"gold":195,"neow_bonus":"THREE_ENEMY_KILL","is_prod":false,"is_daily":false,"chose_seed":false,"campfire_upgraded":1,"win_rate":0,"timestamp":1556099259,"path_taken":["M","?","?","M","?","R","M","?","T","E","?","M","?","?","R","BOSS","M","?","?","?"],"build_version":"2019-01-23","purchased_purges":0,"victory":false,"max_hp_per_floor":[70,70,70,70,70,70,70,70,70,70,70,70,70,70,70,70,70,70,70,70,70],"card_choices":[{"not_picked":["Quick Slash","Blur"],"picked":"Deadly Poison","floor":1},{"not_picked":["Deflect","Bouncing Flask","Masterful Stab"],"picked":"SKIP","floor":4},{"not_picked":["Dodge and Roll","Concentrate"],"picked":"Flying Knee","floor":7},{"not_picked":["Eviscerate+1","Acrobatics","Deadly Poison"],"picked":"SKIP","floor":10},{"not_picked":["Slice+1","Choke+1"],"picked":"Crippling Poison","floor":11},{"not_picked":["Dagger Spray+1","Setup"],"picked":"Poisoned Stab+1","floor":12},{"not_picked":["Crippling Poison","Accuracy"],"picked":"Heel Hook+1","floor":13},{"not_picked":["Unload+1","After Image"],"picked":"Adrenaline","floor":16},{"not_picked":["Terror","Bane+1","Poisoned Stab+1"],"picked":"SKIP","floor":18}],"player_experience":1202706,"relics_obtained":[{"floor":9,"key":"Molten Egg 2"},{"floor":10,"key":"Meat on the Bone"},{"floor":20,"key":"Nilry\u0027s Codex"}],"event_choices":[{"cards_removed":["Strike_G"],"damage_healed":0,"gold_gain":0,"player_choice":"Card Removal","damage_taken":0,"max_hp_gain":0,"max_hp_loss":0,"event_name":"The Cleric","floor":2,"gold_loss":50},{"damage_healed":0,"gold_gain":0,"cards_transformed":["Strike_G"],"player_choice":"Change","damage_taken":0,"max_hp_gain":0,"max_hp_loss":0,"event_name":"Living Wall","floor":3,"gold_loss":0,"cards_obtained":["Deadly Poison"]},{"damage_healed":0,"gold_gain":0,"player_choice":"Entered Light","damage_taken":14,"max_hp_gain":0,"max_hp_loss":0,"event_name":"Shining Light","floor":5,"gold_loss":0,"cards_upgraded":["Strike_G","Defend_G"]},{"damage_healed":0,"gold_gain":0,"player_choice":"Searched \u00272\u0027 times","damage_taken":0,"relics_obtained":["Juzu Bracelet"],"max_hp_gain":0,"max_hp_loss":0,"event_name":"Dead Adventurer","floor":13,"gold_loss":0},{"damage_healed":0,"gold_gain":0,"player_choice":"Success","damage_taken":7,"relics_obtained":["Art of War"],"max_hp_gain":0,"max_hp_loss":0,"event_name":"Scrap Ooze","floor":14,"gold_loss":0},{"damage_healed":0,"gold_gain":0,"player_choice":"Obtained Relic","damage_taken":0,"relics_obtained":["Blue Candle"],"max_hp_gain":0,"max_hp_loss":0,"event_name":"Addict","floor":19,"gold_loss":85},{"damage_healed":0,"gold_gain":0,"player_choice":"Obtained Book","damage_taken":16,"max_hp_gain":0,"max_hp_loss":0,"event_name":"Cursed Tome","floor":20,"gold_loss":0},{"damage_healed":0,"gold_gain":0,"player_choice":"Fight","damage_taken":0,"max_hp_gain":0,"max_hp_loss":0,"event_name":"Colosseum","floor":21,"gold_loss":0},{"damage_healed":0,"gold_gain":0,"player_choice":"Fought Nobs","damage_taken":0,"max_hp_gain":0,"max_hp_loss":0,"event_name":"Colosseum","floor":21,"gold_loss":0}],"is_beta":false,"boss_relics":[{"not_picked":["Orrery","Tiny House"],"picked":"Empty Cage"}],"items_purged_floors":[],"is_endless":false,"potions_floor_spawned":[7],"killed_by":"Colosseum Nobs","ascension_level":9}