{"gold_per_floor":[110,110,51,51,201,201,227,227,227,259,277,287,156,156,156,156],"floor_reached":16,"playtime":291,"items_purged":["Doubt"],"score":312,"play_id":"133570d9-2f69-4ff7-adb0-013ec6420ae2","local_time":"20190128205535","is_ascension_mode":true,"campfire_choices":[{"data":"Dagger Spray","floor":6,"key":"SMITH"},{"data":"Neutralize","floor":8,"key":"SMITH"},{"data":"Poisoned Stab","floor":15,"key":"SMITH"}],"neow_cost":"NONE","seed_source_timestamp":807763468848700,"circlet_count":0,"master_deck":["AscendersBane","Defend_G","Defend_G","Defend_G","Defend_G","Strike_G","Strike_G","Strike_G","Strike_G","Strike_G","Survivor","Neutralize+1","Dagger Spray+1","Poisoned Stab+1","Regret"],"relics":["Ring of the Snake","NeowsBlessing","Letter Opener","Mummified Hand","Pear","Bottled Lightning","Orichalcum"],"potions_floor_usage":[16,16],"damage_taken":[{"damage":0,"enemies":"Cultist","floor":1,"turns":1},{"damage":0,"enemies":"Gremlin Nob","floor":7,"turns":1},{"damage":0,"enemies":"3 Sentries","floor":10,"turns":1},{"damage":0,"enemies":"Small Slimes","floor":11,"turns":2},{"damage":7,"enemies":"Jaw Worm","floor":12,"turns":6},{"damage":59,"enemies":"Hexaghost","floor":16,"turns":11}],"seed_played":"3092192851644454833","potions_obtained":[{"floor":7,"key":"SkillPotion"},{"floor":10,"key":"GamblersBrew"}],"is_trial":false,"path_per_floor":["M","T","$","?","?","R","E","R","T","E","M","M","$","?","R","B"],"character_chosen":"THE_SILENT","items_purchased":["Dagger Spray","Poisoned Stab"],"campfire_rested":0,"item_purchase_floors":[3,13],"current_hp_per_floor":[59,59,59,52,52,52,52,52,62,62,62,55,55,55,55,0],"gold":156,"neow_bonus":"THREE_ENEMY_KILL","is_prod":false,"is_daily":false,"chose_seed":false,"campfire_upgraded":3,"win_rate":0,"timestamp":1548705335,"path_taken":["M","?","$","?","?","R","E","R","T","E","M","M","?","?","R","BOSS"],"build_version":"2019-01-23","purchased_purges":1,"victory":false,"max_hp_per_floor":[66,66,66,66,66,66,66,66,76,76,76,76,76,76,76,76],"card_choices":[{"not_picked":["PiercingWail","Dagger Throw","Quick Slash"],"picked":"SKIP","floor":1},{"not_picked":["Slice","Flechettes","Bane"],"picked":"SKIP","floor":7},{"not_picked":["Predator","Prepared","Flechettes"],"picked":"SKIP","floor":10},{"not_picked":["Outmaneuver","Bane","Distraction"],"picked":"SKIP","floor":11},{"not_picked":["Bane","Prepared","Dagger Spray"],"picked":"SKIP","floor":12}],"player_experience":1099326,"relics_obtained":[{"floor":2,"key":"Letter Opener"},{"floor":7,"key":"Mummified Hand"},{"floor":9,"key":"Pear"},{"floor":10,"key":"Bottled Lightning"}],"event_choices":[{"cards_removed":["Defend_G"],"damage_healed":0,"gold_gain":0,"player_choice":"Card Removal","damage_taken":7,"max_hp_gain":0,"max_hp_loss":0,"event_name":"Golden Wing","floor":4,"gold_loss":0},{"damage_healed":0,"gold_gain":150,"player_choice":"AGREE","damage_taken":0,"max_hp_gain":0,"max_hp_loss":0,"event_name":"Liars Game","floor":5,"gold_loss":0,"cards_obtained":["Doubt"]},{"damage_healed":0,"gold_gain":0,"player_choice":"Box","damage_taken":0,"relics_obtained":["Orichalcum"],"max_hp_gain":0,"max_hp_loss":0,"event_name":"Big Fish","floor":14,"gold_loss":0,"cards_obtained":["Regret"]}],"is_beta":true,"boss_relics":[],"items_purged_floors":[13],"is_endless":false,"potions_floor_spawned":[7,10],"killed_by":"Hexaghost","ascension_level":20}