{"gold_per_floor":[117,127,52,52,24,53,63,6,6,6,26,41,51,65,65,139,139,153,167,167,181,106,106,123,123,123,140,140,140,172,188,188,266,266,282,382,96,371,389,389,407,139,139,187,77,97,97,129,129,129,129,129,129,101,131,131],"floor_reached":56,"playtime":1805,"items_purged":["Strike_R","Regret"],"score":1873,"play_id":"ef5f2f24-a502-48f1-85cd-b0158d21cad6","local_time":"20190414184045","is_ascension_mode":true,"campfire_choices":[{"data":"Bash","floor":10.0,"key":"SMITH"},{"data":"Rampage","floor":15.0,"key":"SMITH"},{"floor":23.0,"key":"REST"},{"floor":25.0,"key":"REST"},{"floor":29.0,"key":"REST"},{"data":"Demon Form","floor":32.0,"key":"SMITH"},{"data":"Heavy Blade","floor":40.0,"key":"SMITH"},{"data":"Bludgeon","floor":47.0,"key":"SMITH"},{"floor":49.0,"key":"RECALL"},{"floor":53.0,"key":"REST"}],"neow_cost":"NONE","seed_source_timestamp":0,"circlet_count":0,"master_deck":["AscendersBane","Strike_R","Defend_R","Defend_R","Defend_R","Bash+1","Rampage+1","Shrug It Off","Inflame+1","Heavy Blade+1","Demon Form+1","Whirlwind+1","Necronomicurse","Clothesline+1","Bludgeon+1","Shrug It Off+1","Shrug It Off+1","True Grit+1"],"special_seed":0,"relics":["Burning Blood","NeowsBlessing","FaceOfCleric","Toxic Egg 2","Anchor","Pear","Snecko Eye","Necronomicon","Pantograph","Bird Faced Urn","Cursed Key","WingedGreaves","Blood Vial","Omamori","Bag of Preparation","Lantern","Centennial Puzzle"],"potions_floor_usage":[56,56],"damage_taken":[{"damage":0.0,"enemies":"Small Slimes","floor":1.0,"turns":1.0},{"damage":0.0,"enemies":"Cultist","floor":2.0,"turns":1.0},{"damage":0.0,"enemies":"Lagavulin","floor":6.0,"turns":1.0},{"damage":1.0,"enemies":"2 Louse","floor":7.0,"turns":3.0},{"damage":0.0,"enemies":"Red Slaver","floor":11.0,"turns":4.0},{"damage":0.0,"enemies":"Looter","floor":12.0,"turns":4.0},{"damage":7.0,"enemies":"3 Louse","floor":13.0,"turns":4.0},{"damage":4.0,"enemies":"2 Fungi Beasts","floor":14.0,"turns":4.0},{"damage":41.0,"enemies":"The Guardian","floor":16.0,"turns":7.0},{"damage":27.0,"enemies":"Spheric Guardian","floor":18.0,"turns":4.0},{"damage":23.0,"enemies":"2 Thieves","floor":19.0,"turns":4.0},{"damage":14.0,"enemies":"Centurion and Healer","floor":21.0,"turns":4.0},{"damage":37.0,"enemies":"Snake Plant","floor":24.0,"turns":5.0},{"damage":0.0,"enemies":"Cultist and Chosen","floor":27.0,"turns":3.0},{"damage":8.0,"enemies":"Gremlin Leader","floor":30.0,"turns":3.0},{"damage":11.0,"enemies":"Centurion and Healer","floor":31.0,"turns":3.0},{"damage":93.0,"enemies":"Automaton","floor":33.0,"turns":7.0},{"damage":0.0,"enemies":"Orb Walker","floor":35.0,"turns":2.0},{"damage":18.0,"enemies":"Mind Bloom Boss Battle","floor":36.0,"turns":4.0},{"damage":14.0,"enemies":"3 Shapes","floor":39.0,"turns":6.0},{"damage":18.0,"enemies":"Sphere and 2 Shapes","floor":41.0,"turns":5.0},{"damage":25.0,"enemies":"Spire Growth","floor":46.0,"turns":3.0},{"damage":22.0,"enemies":"Reptomancer","floor":48.0,"turns":4.0},{"damage":44.0,"enemies":"Time Eater","floor":50.0,"turns":5.0},{"damage":62.0,"enemies":"Donu and Deca","floor":51.0,"turns":6.0},{"damage":2.0,"enemies":"Shield and Spear","floor":55.0,"turns":2.0},{"damage":123,"enemies":"The Heart","floor":56,"turns":6}],"seed_played":"-6657318858565845213","potions_obtained":[{"floor":2.0,"key":"SteroidPotion"},{"floor":12.0,"key":"Fire Potion"},{"floor":14.0,"key":"Strength Potion"},{"floor":16.0,"key":"Explosive Potion"},{"floor":30.0,"key":"SkillPotion"},{"floor":33.0,"key":"LiquidBronze"},{"floor":39.0,"key":"SteroidPotion"},{"floor":55.0,"key":"BloodPotion"}],"is_trial":false,"path_per_floor":["M","M","?","?","$","E","M","?","T","R","M","M","M","M","R","B",null,"M","M","?","M","?","R","M","R","T","M","?","R","E","M","R","B",null,"M","?","$","?","M","R","M","$","T","T","?","M","R","E","R","B","B",null,"R","$","E","B"],"character_chosen":"IRONCLAD","items_purchased":["Shrug It Off","Shrug It Off+1","Blood Vial","Omamori","True Grit+1"],"campfire_rested":4,"item_purchase_floors":[5,37,37,42,54],"current_hp_per_floor":[74,75,75,75,75,76,77,77,87,87,88,89,89,91,91,57,83,63,47,26,19,19,47,17,45,45,52,52,81,80,80,80,17,79,90,90,90,90,89,89,84,84,84,84,84,70,70,61,61,55,31,89,108,108,109,0],"gold":131,"neow_bonus":"THREE_ENEMY_KILL","is_prod":false,"is_daily":false,"chose_seed":false,"campfire_upgraded":5,"win_rate":0,"timestamp":1555260045,"path_taken":["M","M","?","?","$","E","?","?","T","R","M","M","M","?","R","BOSS","M","M","?","M","?","R","M","R","T","M","?","R","E","?","R","BOSS","M","?","$","?","?","R","M","$","T","?","?","?","R","E","R","BOSS","BOSS","R","$","E","BOSS"],"build_version":"2019-04-04","purchased_purges":2,"victory":false,"max_hp_per_floor":[75,75,75,75,75,76,77,77,87,87,88,89,90,91,91,92,92,93,94,94,95,95,95,96,96,96,97,97,97,98,99,99,100,100,101,102,102,102,103,103,104,104,104,104,104,105,105,106,106,107,108,108,108,108,109,109],"card_choices":[{"not_picked":["Clash","Fire Breathing","Body Slam"],"picked":"SKIP","floor":1.0},{"not_picked":["Headbutt","Iron Wave"],"picked":"Rampage","floor":2.0},{"not_picked":["Rupture","Battle Trance","Shockwave"],"picked":"SKIP","floor":6.0},{"not_picked":["Clothesline","Warcry+1","Flex+1"],"picked":"SKIP","floor":7.0},{"not_picked":["Flex+1","Clothesline","Seeing Red+1"],"picked":"SKIP","floor":11.0},{"not_picked":["Pommel Strike","Feel No Pain"],"picked":"Inflame","floor":12.0},{"not_picked":["Shockwave+1","Carnage","Feel No Pain"],"picked":"SKIP","floor":13.0},{"not_picked":["Thunderclap","Battle Trance+1"],"picked":"Heavy Blade","floor":14.0},{"not_picked":["Bludgeon","Exhume+1"],"picked":"Demon Form","floor":16.0},{"not_picked":["Sentinel+1","Warcry+1","Metallicize"],"picked":"SKIP","floor":18.0},{"not_picked":["Rage+1","Twin Strike"],"picked":"Whirlwind+1","floor":19.0},{"not_picked":["Sentinel+1","Thunderclap+1","Havoc+1"],"picked":"SKIP","floor":21.0},{"not_picked":["True Grit+1","Headbutt"],"picked":"Clothesline+1","floor":24.0},{"not_picked":["Clash","Spot Weakness+1","Pommel Strike"],"picked":"SKIP","floor":27.0},{"not_picked":["Perfected Strike+1","Warcry+1","Demon Form"],"picked":"SKIP","floor":30.0},{"not_picked":["Warcry+1","Clash","Metallicize"],"picked":"SKIP","floor":31.0},{"not_picked":["Double Tap+1","Offering+1"],"picked":"Bludgeon","floor":33.0},{"not_picked":["Cleave","Metallicize","Carnage"],"picked":"SKIP","floor":35.0},{"not_picked":["Havoc+1","Combust","Headbutt"],"picked":"SKIP","floor":39.0},{"not_picked":["Dual Wield+1","Armaments+1","Hemokinesis"],"picked":"SKIP","floor":41.0},{"not_picked":["Warcry+1","Thunderclap","Pummel"],"picked":"SKIP","floor":46.0},{"not_picked":["Clash+1","Cleave+1"],"picked":"Shrug It Off+1","floor":48.0},{"not_picked":["Infernal Blade+1","Hemokinesis+1","Anger"],"picked":"SKIP","floor":55.0}],"player_experience":1386734,"relics_obtained":[{"floor":6.0,"key":"Toxic Egg 2"},{"floor":9.0,"key":"Pear"},{"floor":20.0,"key":"Necronomicon"},{"floor":26.0,"key":"Pantograph"},{"floor":30.0,"key":"Bird Faced Urn"},{"floor":36.0,"key":"WingedGreaves"},{"floor":44.0,"key":"Bag of Preparation"},{"floor":48.0,"key":"Lantern"},{"floor":55.0,"key":"Centennial Puzzle"}],"event_choices":[{"cards_removed":["Defend_R"],"damage_healed":0.0,"max_hp_gain":0.0,"max_hp_loss":0.0,"gold_gain":0.0,"event_name":"The Cleric","player_choice":"Card Removal","floor":3.0,"gold_loss":75.0,"damage_taken":0.0},{"damage_healed":0.0,"max_hp_gain":0.0,"max_hp_loss":0.0,"gold_gain":0.0,"event_name":"FaceTrader","player_choice":"Trade","floor":4.0,"gold_loss":0.0,"damage_taken":0.0,"relics_obtained":["FaceOfCleric"]},{"damage_healed":0.0,"max_hp_gain":0.0,"max_hp_loss":0.0,"gold_gain":0.0,"event_name":"WeMeetAgain","player_choice":"Paid Gold","floor":8.0,"gold_loss":57.0,"damage_taken":0.0,"relics_obtained":["Anchor"]},{"damage_healed":0.0,"max_hp_gain":0.0,"max_hp_loss":0.0,"gold_gain":0.0,"event_name":"Cursed Tome","player_choice":"Obtained Book","floor":20.0,"gold_loss":0.0,"damage_taken":21.0},{"cards_removed":["Strike_R"],"damage_healed":0.0,"max_hp_gain":0.0,"max_hp_loss":0.0,"gold_gain":0.0,"event_name":"Beggar","player_choice":"Gave Gold","floor":22.0,"gold_loss":75.0,"damage_taken":0.0},{"cards_removed":["Strike_R"],"damage_healed":0.0,"max_hp_gain":0.0,"max_hp_loss":0.0,"gold_gain":0.0,"event_name":"Purifier","player_choice":"Purged","floor":28.0,"gold_loss":0.0,"damage_taken":0.0},{"damage_healed":0.0,"max_hp_gain":0.0,"max_hp_loss":0.0,"gold_gain":0.0,"event_name":"MindBloom","player_choice":"Fight","floor":36.0,"gold_loss":0.0,"damage_taken":0.0},{"damage_healed":0.0,"max_hp_gain":0.0,"max_hp_loss":0.0,"gold_gain":275.0,"event_name":"Golden Shrine","player_choice":"Desecrate","floor":38.0,"gold_loss":0.0,"damage_taken":0.0,"cards_obtained":["Regret"]},{"cards_removed":["Strike_R"],"damage_healed":0.0,"max_hp_gain":0.0,"max_hp_loss":0.0,"gold_gain":0.0,"event_name":"Designer","player_choice":"Upgrade and Remove","floor":45.0,"gold_loss":110.0,"damage_taken":0.0,"cards_upgraded":["Inflame"]}],"is_beta":true,"boss_relics":[{"not_picked":["Ectoplasm","Sozu"],"picked":"Snecko Eye"},{"not_picked":["Orrery","Mark of Pain"],"picked":"Cursed Key"}],"items_purged_floors":[37,42],"is_endless":false,"potions_floor_spawned":[2,12,13,14,16,30,33,39,41,55],"killed_by":"The Heart","ascension_level":20}