{"gold_per_floor":[115,13,13,13,13,13,29,53,53,94,114,134,134,150,150,150],"floor_reached":16,"playtime":769,"items_purged":["Normality"],"score":146,"play_id":"3053a0cb-8bc7-48fb-a242-a4649c9bcd58","local_time":"20180826225305","is_ascension_mode":true,"campfire_choices":[{"floor":15,"key":"REST"}],"neow_cost":"CURSE","seed_source_timestamp":2843661285300,"circlet_count":0,"master_deck":["Defend_G","Defend_G","Defend_G","Defend_G","Defend_G","Strike_G","Strike_G","Strike_G","Strike_G","Strike_G","Survivor","Neutralize","Venomology","Backflip","Cloak And Dagger","Cloak And Dagger","Die Die Die"],"relics":["Ring of the Snake","Golden Idol","Gambling Chip","Bottled Flame","Turnip","Potion Belt"],"potions_floor_usage":[6,6,6,10,10,10,10,11,16],"damage_taken":[{"damage":13,"enemies":"Jaw Worm","floor":1,"turns":7},{"damage":14,"enemies":"Gremlin Nob","floor":6,"turns":4},{"damage":0,"enemies":"Small Slimes","floor":7,"turns":5},{"damage":3,"enemies":"Cultist","floor":8,"turns":4},{"damage":15,"enemies":"3 Sentries","floor":10,"turns":16},{"damage":0,"enemies":"Large Slime","floor":11,"turns":7},{"damage":3,"enemies":"2 Fungi Beasts","floor":12,"turns":6},{"damage":0,"enemies":"3 Louse","floor":14,"turns":2},{"damage":22,"enemies":"The Guardian","floor":16,"turns":12}],"seed_played":"-8578445414799941477","potions_obtained":[{"floor":1,"key":"SmokeBomb"},{"floor":8,"key":"SpeedPotion"}],"is_trial":false,"path_per_floor":["M","$","?","?","?","E","M","M","T","E","M","M","?","M","R"],"character_chosen":"THE_SILENT","items_purchased":["Backflip"],"campfire_rested":1,"item_purchase_floors":[2],"current_hp_per_floor":[50,50,50,55,43,29,29,26,26,11,11,8,8,8,29,7],"gold":150,"neow_bonus":"THREE_RARE_CARDS","is_prod":false,"is_daily":false,"chose_seed":false,"campfire_upgraded":0,"win_rate":0,"timestamp":1535349185,"path_taken":["M","$","?","?","?","E","M","?","T","E","M","?","?","M","R","BOSS"],"build_version":"2018-08-23v2","purchased_purges":1,"victory":false,"max_hp_per_floor":[70,70,65,70,70,70,70,70,70,70,70,70,70,70,70,70],"card_choices":[{"not_picked":["Unload","Grand Finale"],"picked":"Venomology","floor":0},{"not_picked":["Endless Agony","Finisher","Underhanded Strike"],"picked":"SKIP","floor":1},{"not_picked":["Calculated Gamble","Riddle With Holes"],"picked":"Cloak And Dagger","floor":7},{"not_picked":["Leg Sweep","Poisoned Stab"],"picked":"Cloak And Dagger","floor":8},{"not_picked":["Flying Knee","Concentrate","Quick Slash"],"picked":"SKIP","floor":10},{"not_picked":["Bane","Underhanded Strike","Acrobatics"],"picked":"SKIP","floor":11},{"not_picked":["Caltrops","Outmaneuver"],"picked":"Die Die Die","floor":12},{"not_picked":["Expertise","All Out Attack","Prepared"],"picked":"SKIP","floor":14}],"player_experience":237912,"relics_obtained":[{"floor":9,"key":"Bottled Flame"},{"floor":10,"key":"Turnip"}],"event_choices":[{"event_name":"Golden Idol","player_choice":"Lose Max HP","floor":3,"damage_taken":0},{"event_name":"Big Fish","player_choice":"Donut","floor":4,"damage_taken":0},{"event_name":"Scrap Ooze","player_choice":"success","floor":5,"damage_taken":12},{"event_name":"Dead Adventurer","player_choice":"Searched \u00271\u0027 times","floor":13,"damage_taken":0}],"is_beta":true,"boss_relics":[],"items_purged_floors":[2],"is_endless":false,"potions_floor_spawned":[1,6,8],"killed_by":"The Guardian","ascension_level":6}