{"gold_per_floor":[111,121,46,96,106,106,139,150,150,179,17,17,37,47,47,118,118,134,152,169,169,94,94,94,121,173,189,209,209,241,253,253,327,327,347,347,360,460,474,474,314,328,355,382,397,413,433,483,483,483,483],"floor_reached":51,"playtime":5312,"items_purged":["Strike_B"],"score":1516,"play_id":"a0ec8c65-daf6-40e2-baf1-5d98b93d358f","local_time":"20190417235444","is_ascension_mode":true,"campfire_choices":[{"data":"Sunder","floor":6.0,"key":"SMITH"},{"data":"Defragment","floor":12.0,"key":"SMITH"},{"data":"Consume","floor":15.0,"key":"SMITH"},{"floor":23.0,"key":"REST"},{"floor":29,"key":"REST"},{"floor":32,"key":"REST"},{"data":"Creative AI","floor":40,"key":"SMITH"},{"floor":49,"key":"RECALL"}],"neow_cost":"NONE","seed_source_timestamp":587784477167012,"circlet_count":0,"master_deck":["AscendersBane","Defend_B","Defend_B","Defend_B","Zap+1","Dualcast","Glacier","Consume+1","Sunder+1","Gash","Defragment+1","Coolheaded","Ball Lightning","Core Surge","Steam","Leap","Turbo+1","Aggregate","BootSequence","Electrodynamics","Hologram+1","Loop","Creative AI+1","Gash","Buffer","Chill","Go for the Eyes","Conserve Battery","Turbo+1","Leap+1","Go for the Eyes+1","Recycle"],"special_seed":0,"relics":["Cracked Core","Pen Nib","Bag of Preparation","Ornamental Fan","Runic Pyramid","Strawberry","Dream Catcher","Du-Vu Doll","Eternal Feather","Incense Burner","Happy Flower","Meat on the Bone"],"potions_floor_usage":[25,25,31,39,51],"damage_taken":[{"damage":2.0,"enemies":"Jaw Worm","floor":1.0,"turns":3.0},{"damage":0.0,"enemies":"Cultist","floor":2.0,"turns":3.0},{"damage":4.0,"enemies":"Small Slimes","floor":5.0,"turns":4.0},{"damage":11.0,"enemies":"Lagavulin","floor":7.0,"turns":8.0},{"damage":11.0,"enemies":"Looter","floor":8.0,"turns":3.0},{"damage":15.0,"enemies":"3 Sentries","floor":10.0,"turns":11.0},{"damage":1.0,"enemies":"Exordium Wildlife","floor":13.0,"turns":2.0},{"damage":5.0,"enemies":"Red Slaver","floor":14.0,"turns":3.0},{"damage":0.0,"enemies":"Slime Boss","floor":16.0,"turns":6.0},{"damage":7.0,"enemies":"Shell Parasite","floor":18.0,"turns":6.0},{"damage":14.0,"enemies":"2 Thieves","floor":19.0,"turns":4.0},{"damage":0.0,"enemies":"Snecko","floor":20.0,"turns":10.0},{"damage":25,"enemies":"Book of Stabbing","floor":25,"turns":4},{"damage":0,"enemies":"Centurion and Healer","floor":27,"turns":9},{"damage":0,"enemies":"Snake Plant","floor":28,"turns":2},{"damage":32,"enemies":"Slavers","floor":30,"turns":5},{"damage":0,"enemies":"3 Cultists","floor":31,"turns":4},{"damage":3,"enemies":"Automaton","floor":33,"turns":15},{"damage":0,"enemies":"3 Shapes","floor":35,"turns":4},{"damage":0,"enemies":"Orb Walker","floor":37,"turns":4},{"damage":0,"enemies":"Mind Bloom Boss Battle","floor":38,"turns":5},{"damage":5,"enemies":"Spire Growth","floor":39,"turns":8},{"damage":12,"enemies":"Transient","floor":42,"turns":6},{"damage":0,"enemies":"Reptomancer","floor":44,"turns":7},{"damage":0,"enemies":"Maw","floor":45,"turns":9},{"damage":4,"enemies":"Sphere and 2 Shapes","floor":46,"turns":8},{"damage":3,"enemies":"4 Shapes","floor":47,"turns":5},{"damage":58,"enemies":"Awakened One","floor":50,"turns":24},{"damage":49,"enemies":"Time Eater","floor":51,"turns":7}],"seed_played":"-3120812803154470669","potions_obtained":[{"floor":1.0,"key":"Regen Potion"},{"floor":2.0,"key":"FairyPotion"},{"floor":5.0,"key":"AttackPotion"},{"floor":13.0,"key":"Swift Potion"},{"floor":16.0,"key":"EssenceOfSteel"},{"floor":19.0,"key":"PowerPotion"},{"floor":20.0,"key":"Regen Potion"},{"floor":25,"key":"SpeedPotion"},{"floor":30,"key":"Energy Potion"},{"floor":37,"key":"Swift Potion"},{"floor":39,"key":"SteroidPotion"},{"floor":42,"key":"PowerPotion"}],"is_trial":false,"path_per_floor":["M","M","?","?","M","R","E","M","T","E","$","R","M","M","R","B",null,"M","M","M","?","?","R","?","E","T","M","M","R","E","M","R","B",null,"M","?","M","?","M","R","$","M","T","E","M","M","M","?","R","B","B"],"character_chosen":"DEFECT","items_purchased":["Defragment","Happy Flower"],"campfire_rested":3,"item_purchase_floors":[11,41],"current_hp_per_floor":[62,62,62,55,51,51,55,44,44,29,29,29,28,23,23,23,59,52,38,38,18,18,40,40,34,34,34,34,58,26,26,50,47,74,74,74,74,74,69,83,83,71,71,71,71,67,64,64,82,36,0],"gold":483,"neow_bonus":"UPGRADE_CARD","is_prod":false,"is_daily":false,"chose_seed":false,"campfire_upgraded":4,"win_rate":0,"timestamp":1555566884,"path_taken":["M","M","?","?","?","R","E","M","T","E","$","R","M","M","R","BOSS","M","M","M","?","?","R","?","E","T","M","?","R","E","M","R","BOSS","M","?","?","?","M","R","$","M","T","E","M","M","M","?","R","BOSS","BOSS"],"build_version":"2019-04-04","purchased_purges":1,"victory":false,"max_hp_per_floor":[71,71,71,71,71,71,71,71,71,71,71,71,71,71,71,71,71,71,71,71,76,76,76,76,83,83,83,83,83,83,83,83,83,83,83,83,83,83,83,83,83,83,83,83,83,83,83,83,83,83,83],"card_choices":[{"not_picked":["Coolheaded","Rip and Tear"],"picked":"Glacier","floor":1.0},{"not_picked":["Beam Cell","Aggregate"],"picked":"Consume","floor":2.0},{"not_picked":["Go for the Eyes","Barrage"],"picked":"Sunder","floor":5.0},{"not_picked":["Rebound","Coolheaded","Streamline"],"picked":"SKIP","floor":7.0},{"not_picked":["Stack","Doom and Gloom"],"picked":"Gash","floor":8.0},{"not_picked":["Aggregate","Stack","Fusion"],"picked":"SKIP","floor":10.0},{"not_picked":["Hello World","Force Field"],"picked":"Coolheaded","floor":13.0},{"not_picked":["Turbo","Auto Shields"],"picked":"Ball Lightning","floor":14.0},{"not_picked":["Meteor Strike","Amplify"],"picked":"Core Surge","floor":16.0},{"not_picked":["Steam Power","Undo","Steam"],"picked":"SKIP","floor":18.0},{"not_picked":["Steam Power","Undo"],"picked":"Steam","floor":18.0},{"not_picked":["Beam Cell","Blizzard"],"picked":"Leap","floor":19.0},{"not_picked":["Darkness","Tempest"],"picked":"Turbo+1","floor":20.0},{"not_picked":["Fusion","Meteor Strike"],"picked":"Electrodynamics","floor":25},{"not_picked":["Gash","Cold Snap"],"picked":"Hologram+1","floor":27},{"not_picked":["Double Energy","Redo","Skim"],"picked":"SKIP","floor":28},{"not_picked":["Turbo","Blizzard"],"picked":"Loop","floor":29},{"not_picked":["Beam Cell","Redo"],"picked":"Creative AI","floor":30},{"not_picked":["Beam Cell","Cold Snap"],"picked":"Gash","floor":31},{"not_picked":["Meteor Strike","Multi-Cast"],"picked":"Buffer","floor":33},{"not_picked":["Reinforced Body","Leap","Streamline+1"],"picked":"SKIP","floor":35},{"not_picked":["Beam Cell","Barrage","Compile Driver+1"],"picked":"SKIP","floor":37},{"not_picked":["Amplify","Stack"],"picked":"Chill","floor":38},{"not_picked":["Chaos","Tempest"],"picked":"Go for the Eyes","floor":39},{"not_picked":["Redo","Melter+1"],"picked":"Conserve Battery","floor":42},{"not_picked":["Reprogram+1","Leap"],"picked":"Turbo+1","floor":44},{"not_picked":["Auto Shields+1","Gash+1"],"picked":"Leap+1","floor":45},{"not_picked":["Sweeping Beam","Steam Power+1"],"picked":"Go for the Eyes+1","floor":46},{"not_picked":["Ball Lightning+1","Conserve Battery"],"picked":"Recycle","floor":47}],"player_experience":2917993,"relics_obtained":[{"floor":7.0,"key":"Pen Nib"},{"floor":9.0,"key":"Bag of Preparation"},{"floor":10.0,"key":"Ornamental Fan"},{"floor":25,"key":"Strawberry"},{"floor":26,"key":"Dream Catcher"},{"floor":30,"key":"Du-Vu Doll"},{"floor":38,"key":"Incense Burner"},{"floor":44,"key":"Meat on the Bone"}],"event_choices":[{"cards_removed":["Strike_B"],"damage_healed":0.0,"max_hp_gain":0.0,"max_hp_loss":0.0,"gold_gain":0.0,"event_name":"The Cleric","player_choice":"Card Removal","floor":3.0,"gold_loss":75.0,"damage_taken":0.0},{"damage_healed":0.0,"max_hp_gain":0.0,"max_hp_loss":0.0,"gold_gain":50.0,"event_name":"FaceTrader","player_choice":"Touch","floor":4.0,"gold_loss":0.0,"damage_taken":7.0},{"damage_healed":0.0,"max_hp_gain":5.0,"max_hp_loss":0.0,"gold_gain":0.0,"event_name":"Forgotten Altar","player_choice":"Shed Blood","floor":21.0,"gold_loss":0.0,"damage_taken":25.0},{"cards_removed":["Strike_B"],"damage_healed":0.0,"max_hp_gain":0.0,"max_hp_loss":0.0,"gold_gain":0.0,"event_name":"Beggar","player_choice":"Gave Gold","floor":22.0,"gold_loss":75.0,"damage_taken":0.0},{"damage_healed":0.0,"max_hp_gain":0.0,"max_hp_loss":0.0,"gold_gain":0.0,"cards_transformed":["Strike_B","Defend_B"],"event_name":"Drug Dealer","player_choice":"Became Test Subject","floor":24.0,"gold_loss":0.0,"damage_taken":0.0,"cards_obtained":["Aggregate","BootSequence"]},{"damage_healed":0,"gold_gain":0,"player_choice":"0 cards matched","damage_taken":0,"max_hp_gain":0,"max_hp_loss":0,"event_name":"Match and Keep!","floor":36,"gold_loss":0,"cards_obtained":[]},{"damage_healed":0,"gold_gain":0,"player_choice":"Fight","damage_taken":0,"max_hp_gain":0,"max_hp_loss":0,"event_name":"MindBloom","floor":38,"gold_loss":0},{"damage_healed":0,"gold_gain":50,"player_choice":"Pray","damage_taken":0,"max_hp_gain":0,"max_hp_loss":0,"event_name":"Golden Shrine","floor":48,"gold_loss":0}],"is_beta":true,"boss_relics":[{"not_picked":["FrozenCore","Calling Bell"],"picked":"Runic Pyramid"},{"not_picked":["Snecko Eye","Runic Dome"],"picked":"Eternal Feather"}],"items_purged_floors":[11],"is_endless":false,"potions_floor_spawned":[1,2,5,13,16,19,20,25,30,37,39,42,47],"killed_by":"Time Eater","ascension_level":20}