{"gold_per_floor":[119,94,94,94,94,153,153,184,184,184,184,199,216,233,233,338,338,355,366,382,434,450,450],"floor_reached":23,"playtime":649,"items_purged":[],"score":251,"play_id":"d1793e14-3c0f-473a-99a7-26286e333be3","local_time":"20181117155742","is_ascension_mode":false,"campfire_choices":[{"data":"Inflame","floor":7.0,"key":"SMITH"},{"floor":10.0,"key":"RECALL"},{"data":"Spot Weakness","floor":15.0,"key":"SMITH"}],"neow_cost":"NONE","seed_source_timestamp":0,"circlet_count":0,"master_deck":["Strike_R","Strike_R+1","Strike_R+1","Strike_R","Strike_R","Defend_R","Defend_R+1","Defend_R","Bash","Pommel Strike","Shrug It Off+1","Regret","Inflame+1","Sword Boomerang+1","Twin Strike","Spot Weakness+1","Impervious","Demon Form","True Grit+1","Havoc","Flame Barrier"],"special_seed":0,"relics":["Burning Blood","NeowsBlessing","War Paint","Tiny Chest","Potion Belt","Lizard Tail","Juzu Bracelet"],"potions_floor_usage":[23,23,23],"damage_taken":[{"damage":0.0,"enemies":"Cultist","floor":1.0,"turns":1.0},{"damage":0.0,"enemies":"Lagavulin","floor":6.0,"turns":1.0},{"damage":0.0,"enemies":"Gremlin Nob","floor":8.0,"turns":1.0},{"damage":0.0,"enemies":"2 Louse","floor":12.0,"turns":2.0},{"damage":3.0,"enemies":"Jaw Worm","floor":13.0,"turns":2.0},{"damage":2.0,"enemies":"Exordium Wildlife","floor":14.0,"turns":3.0},{"damage":34.0,"enemies":"The Guardian","floor":16.0,"turns":9.0},{"damage":19.0,"enemies":"Shell Parasite","floor":18.0,"turns":5.0},{"damage":6.0,"enemies":"Spheric Guardian","floor":19.0,"turns":4.0},{"damage":25.0,"enemies":"Snake Plant","floor":20.0,"turns":6.0},{"damage":35.0,"enemies":"Centurion and Healer","floor":22.0,"turns":8.0},{"damage":31,"enemies":"Slavers","floor":23,"turns":4}],"seed_played":"7708939602344247452","potions_obtained":[{"floor":6.0,"key":"Fire Potion"},{"floor":14.0,"key":"FairyPotion"},{"floor":18.0,"key":"GamblersBrew"},{"floor":19.0,"key":"Ancient Potion"},{"floor":22.0,"key":"Ancient Potion"}],"is_trial":false,"path_per_floor":["M","$","?","?","?","E","R","E","T","R","?","M","M","M","R","B",null,"M","M","M","T","M","E"],"character_chosen":"IRONCLAD","items_purchased":["Shrug It Off"],"campfire_rested":0,"item_purchase_floors":[2],"current_hp_per_floor":[80,80,73,57,57,63,63,69,69,69,69,75,78,80,80,52,80,67,67,48,48,19,40],"gold":450,"neow_bonus":"THREE_ENEMY_KILL","is_prod":false,"is_daily":false,"chose_seed":false,"campfire_upgraded":2,"win_rate":0,"timestamp":1542466662,"path_taken":["M","$","?","?","?","E","R","E","T","R","?","M","?","?","R","BOSS","M","M","M","?","M","E"],"build_version":"2018-11-15","purchased_purges":0,"victory":false,"max_hp_per_floor":[80,80,80,80,80,80,80,80,80,80,80,80,80,80,80,80,80,80,80,80,80,80,80],"card_choices":[{"not_picked":["Flex","Sword Boomerang"],"picked":"Pommel Strike","floor":1.0},{"not_picked":["Warcry","Thunderclap"],"picked":"Inflame","floor":6.0},{"not_picked":["Havoc","Anger"],"picked":"Sword Boomerang","floor":8.0},{"not_picked":["Hemokinesis","Clothesline"],"picked":"Twin Strike","floor":12.0},{"not_picked":["Feel No Pain","Sword Boomerang"],"picked":"Spot Weakness","floor":13.0},{"not_picked":["Cleave","Carnage"],"picked":"Impervious","floor":14.0},{"not_picked":["Offering","Berserk"],"picked":"Demon Form","floor":16.0},{"not_picked":["Reckless Charge","Sever Soul"],"picked":"True Grit+1","floor":18.0},{"not_picked":["Body Slam","Pommel Strike"],"picked":"Havoc","floor":19.0},{"not_picked":["Headbutt","Iron Wave","Body Slam"],"picked":"SKIP","floor":20.0},{"not_picked":["Clothesline","Sword Boomerang+1"],"picked":"Flame Barrier","floor":22.0}],"player_experience":888000,"relics_obtained":[{"floor":6.0,"key":"Tiny Chest"},{"floor":8.0,"key":"Potion Belt"},{"floor":21.0,"key":"Juzu Bracelet"}],"event_choices":[{"cards_removed":["Defend_R"],"damage_healed":0.0,"max_hp_gain":0.0,"max_hp_loss":0.0,"gold_gain":0.0,"event_name":"Golden Wing","player_choice":"Card Removal","floor":3.0,"gold_loss":0.0,"damage_taken":7.0},{"damage_healed":0.0,"max_hp_gain":0.0,"max_hp_loss":0.0,"gold_gain":0.0,"event_name":"Shining Light","player_choice":"Entered Light","floor":4.0,"gold_loss":0.0,"damage_taken":16.0,"cards_upgraded":["Strike_R","Strike_R"]},{"damage_healed":0.0,"max_hp_gain":0.0,"max_hp_loss":0.0,"gold_gain":0.0,"event_name":"Big Fish","player_choice":"Box","floor":5.0,"gold_loss":0.0,"damage_taken":0.0,"relics_obtained":["War Paint"],"cards_obtained":["Regret"]},{"damage_healed":0.0,"max_hp_gain":0.0,"max_hp_loss":0.0,"gold_gain":0.0,"event_name":"Upgrade Shrine","player_choice":"Upgraded","floor":11.0,"gold_loss":0.0,"damage_taken":0.0,"cards_upgraded":["Sword Boomerang"]}],"is_beta":true,"boss_relics":[{"not_picked":["Eternal Feather","White Beast Statue"],"picked":"Lizard Tail"}],"items_purged_floors":[],"is_endless":false,"potions_floor_spawned":[6,14,18,19,22],"killed_by":"Slavers","ascension_level":0}