{"gold_per_floor":[114,39,57,67,84,84,157,190,239,239,257,257,290,307,307,381,381,398,313,326,326,72,72],"floor_reached":23,"playtime":581,"items_purged":["Defend_R","Rupture"],"score":402,"play_id":"250a025a-bea0-4c39-aa0a-17eff435eeef","local_time":"20190328004315","is_ascension_mode":true,"campfire_choices":[{"floor":6,"key":"REST"},{"floor":10,"key":"REST"},{"data":"Bash","floor":15,"key":"SMITH"}],"neow_cost":"PERCENT_DAMAGE","seed_source_timestamp":606322815117900,"circlet_count":0,"master_deck":["AscendersBane","Bash+1","Double Tap","Twin Strike","Sword Boomerang","Impervious","Ghostly Armor","Rupture","Armaments","Clothesline","Second Wind","Headbutt","Seeing Red","Shrug It Off"],"relics":["Burning Blood","The Courier","Bag of Marbles","Red Skull","Bag of Preparation","Pandora\u0027s Box","Juzu Bracelet","Oddly Smooth Stone"],"potions_floor_usage":[5,14,18,23],"damage_taken":[{"damage":22,"enemies":"Cultist","floor":1,"turns":5},{"damage":12,"enemies":"Jaw Worm","floor":3,"turns":2},{"damage":6,"enemies":"2 Louse","floor":4,"turns":3},{"damage":16,"enemies":"Large Slime","floor":5,"turns":5},{"damage":39,"enemies":"Gremlin Nob","floor":8,"turns":4},{"damage":1,"enemies":"Exordium Wildlife","floor":11,"turns":3},{"damage":40,"enemies":"Lagavulin","floor":13,"turns":5},{"damage":0,"enemies":"Gremlin Gang","floor":14,"turns":2},{"damage":20,"enemies":"Slime Boss","floor":16,"turns":6},{"damage":7,"enemies":"3 Byrds","floor":18,"turns":3},{"damage":0,"enemies":"Chosen","floor":20,"turns":3},{"damage":61,"enemies":"Gremlin Leader","floor":23,"turns":5}],"seed_played":"5366421407514108766","potions_obtained":[{"floor":3,"key":"SpeedPotion"},{"floor":4,"key":"Fire Potion"},{"floor":11,"key":"LiquidBronze"},{"floor":13,"key":"AttackPotion"},{"floor":14,"key":"BloodPotion"}],"is_trial":false,"path_per_floor":["M","$","M","M","M","R","T","E","T","R","M","?","E","M","R","B",null,"M","?","M","?","$","E"],"character_chosen":"IRONCLAD","items_purchased":["Shrug It Off","Oddly Smooth Stone"],"campfire_rested":2,"item_purchase_floors":[22,22],"current_hp_per_floor":[34,34,28,28,18,40,40,7,7,29,34,59,25,31,31,17,61,60,60,66,66,66,12],"gold":72,"neow_bonus":"THREE_RARE_CARDS","is_prod":false,"is_daily":false,"chose_seed":false,"campfire_upgraded":1,"win_rate":0,"timestamp":1553730195,"path_taken":["M","?","M","M","M","R","?","E","T","R","?","?","E","M","R","BOSS","M","?","M","?","?","E"],"build_version":"2019-03-15","purchased_purges":2,"victory":false,"max_hp_per_floor":[75,75,75,75,75,75,75,75,75,75,75,75,75,75,75,75,75,75,75,75,75,75,75],"card_choices":[{"not_picked":["Exhume","Berserk"],"picked":"Double Tap","floor":0},{"not_picked":["Body Slam","Thunderclap","Twin Strike"],"picked":"SKIP","floor":1},{"not_picked":["Body Slam","Thunderclap"],"picked":"Twin Strike","floor":1},{"not_picked":["Carnage","Armaments","Seeing Red"],"picked":"SKIP","floor":3},{"not_picked":["Sever Soul","Pommel Strike","Perfected Strike"],"picked":"SKIP","floor":4},{"not_picked":["Pommel Strike","Battle Trance","True Grit"],"picked":"SKIP","floor":5},{"not_picked":["Warcry","Thunderclap","Anger"],"picked":"SKIP","floor":8},{"not_picked":["Battle Trance","Thunderclap"],"picked":"Sword Boomerang","floor":11},{"not_picked":["Intimidate","Perfected Strike"],"picked":"Impervious","floor":13},{"not_picked":["Perfected Strike","Twin Strike","Flex"],"picked":"SKIP","floor":14},{"not_picked":["Perfected Strike+1","Havoc","Armaments+1"],"picked":"SKIP","floor":18},{"not_picked":["Sword Boomerang","Pommel Strike","Wild Strike"],"picked":"SKIP","floor":20}],"player_experience":1292544,"relics_obtained":[{"floor":7,"key":"The Courier"},{"floor":8,"key":"Bag of Marbles"},{"floor":9,"key":"Red Skull"},{"floor":13,"key":"Bag of Preparation"}],"event_choices":[{"damage_healed":25,"gold_gain":0,"player_choice":"Banana","damage_taken":0,"max_hp_gain":0,"max_hp_loss":0,"event_name":"Big Fish","floor":12,"gold_loss":0},{"damage_healed":0,"gold_gain":0,"player_choice":"Obtained Relic","damage_taken":0,"relics_obtained":["Juzu Bracelet"],"max_hp_gain":0,"max_hp_loss":0,"event_name":"Addict","floor":19,"gold_loss":85},{"damage_healed":0,"gold_gain":0,"player_choice":"Ignored","damage_taken":0,"max_hp_gain":0,"max_hp_loss":0,"event_name":"Ghosts","floor":21,"gold_loss":0}],"is_beta":true,"boss_relics":[{"not_picked":["Black Star","Runic Pyramid"],"picked":"Pandora\u0027s Box"}],"items_purged_floors":[2,22],"is_endless":false,"potions_floor_spawned":[3,4,11,13,14],"killed_by":"Gremlin Leader","ascension_level":20}