{"gold_per_floor":[112,112,112,112,125,125,158,173,173,173,173,41,57,67,67,67],"floor_reached":16,"playtime":658,"items_purged":["Defend_R"],"score":200,"play_id":"f9a0a21a-09e8-4994-8a4f-6bbda65edaf6","local_time":"20190328003325","is_ascension_mode":true,"campfire_choices":[{"data":"Spot Weakness","floor":6,"key":"SMITH"},{"data":"Shrug It Off","floor":10,"key":"SMITH"},{"data":"Flame Barrier","floor":15,"key":"SMITH"}],"neow_cost":"NONE","seed_source_timestamp":605655746772900,"circlet_count":0,"master_deck":["AscendersBane","Strike_R","Strike_R","Strike_R","Strike_R","Strike_R","Defend_R","Bash+1","Spot Weakness+1","Shrug It Off+1","Shrug It Off","Flame Barrier+1"],"relics":["Burning Blood","Regal Pillow","Kunai"],"potions_floor_usage":[14],"damage_taken":[{"damage":3,"enemies":"2 Louse","floor":1,"turns":4},{"damage":4,"enemies":"Small Slimes","floor":5,"turns":4},{"damage":30,"enemies":"3 Sentries","floor":7,"turns":8},{"damage":0,"enemies":"Cultist","floor":8,"turns":4},{"damage":3,"enemies":"Looter","floor":13,"turns":3},{"damage":14,"enemies":"Exordium Thugs","floor":14,"turns":7},{"damage":55,"enemies":"Hexaghost","floor":16,"turns":11}],"seed_played":"-3442190790287920914","potions_obtained":[{"floor":7,"key":"Explosive Potion"},{"floor":13,"key":"EssenceOfSteel"}],"is_trial":false,"path_per_floor":["M","?","?","?","M","R","E","M","T","R","?","$","M","M","R","B"],"character_chosen":"IRONCLAD","items_purchased":["Shrug It Off"],"campfire_rested":0,"item_purchase_floors":[12],"current_hp_per_floor":[71,71,71,71,73,73,49,55,55,55,55,55,58,50,50,0],"gold":67,"neow_bonus":"RANDOM_COMMON_RELIC","is_prod":false,"is_daily":false,"chose_seed":false,"campfire_upgraded":3,"win_rate":0,"timestamp":1553729605,"path_taken":["M","?","?","?","M","R","E","?","T","R","?","?","M","?","R","BOSS"],"build_version":"2019-03-15","purchased_purges":1,"victory":false,"max_hp_per_floor":[75,75,75,75,75,75,75,75,75,75,75,75,75,75,75,75],"card_choices":[{"not_picked":["Cleave","Ghostly Armor","Perfected Strike"],"picked":"SKIP","floor":1},{"not_picked":["Body Slam","Armaments"],"picked":"Shrug It Off","floor":5},{"not_picked":["Havoc","True Grit","Berserk"],"picked":"SKIP","floor":7},{"not_picked":["Headbutt","Clothesline","Flex"],"picked":"SKIP","floor":8},{"not_picked":["Warcry","Cleave"],"picked":"Flame Barrier","floor":13},{"not_picked":["Twin Strike","Barricade","True Grit"],"picked":"SKIP","floor":14}],"player_experience":1291886,"relics_obtained":[{"floor":7,"key":"Kunai"}],"event_choices":[{"damage_healed":0,"gold_gain":0,"player_choice":"Ignored","damage_taken":0,"max_hp_gain":0,"max_hp_loss":0,"event_name":"Liars Game","floor":2,"gold_loss":0},{"damage_healed":0,"gold_gain":0,"player_choice":"Grow","damage_taken":0,"max_hp_gain":0,"max_hp_loss":0,"event_name":"Living Wall","floor":3,"gold_loss":0,"cards_upgraded":["Bash"]},{"damage_healed":0,"gold_gain":0,"cards_transformed":["Defend_R"],"player_choice":"Transformed","damage_taken":0,"max_hp_gain":0,"max_hp_loss":0,"event_name":"Transmorgrifier","floor":4,"gold_loss":0,"cards_obtained":["Spot Weakness"]},{"cards_removed":["Defend_R"],"damage_healed":0,"gold_gain":0,"player_choice":"Offered Basic","damage_taken":0,"max_hp_gain":0,"max_hp_loss":0,"event_name":"Bonfire Elementals","floor":11,"gold_loss":0}],"is_beta":true,"boss_relics":[],"items_purged_floors":[12],"is_endless":false,"potions_floor_spawned":[7,13],"killed_by":"Hexaghost","ascension_level":20}