{"gold_per_floor":[212,225,225,375,375,390,350,350],"floor_reached":8,"playtime":178,"items_purged":[],"score":92,"play_id":"38420de7-29d4-4801-8e27-a67405a0c590","local_time":"20190127000010","is_ascension_mode":true,"campfire_choices":[],"neow_cost":"NONE","seed_source_timestamp":0,"circlet_count":0,"master_deck":["AscendersBane","Defend_G","Defend_G","Defend_G","Defend_G","Defend_G","Strike_G","Strike_G","Strike_G","Strike_G","Strike_G","Survivor","Neutralize","Dagger Spray","Doubt","Escape Plan"],"special_seed":0,"relics":["Ring of the Snake","Golden Idol","Shuriken"],"potions_floor_usage":[8],"damage_taken":[{"damage":4.0,"enemies":"Cultist","floor":1.0,"turns":4.0},{"damage":2.0,"enemies":"Jaw Worm","floor":2.0,"turns":4.0},{"damage":0.0,"enemies":"Small Slimes","floor":6.0,"turns":4.0},{"damage":4.0,"enemies":"Looter","floor":7.0,"turns":4.0},{"damage":14,"enemies":"Gremlin Gang","floor":8,"turns":1}],"seed_played":"6917740351335216946","potions_obtained":[{"floor":6.0,"key":"FearPotion"}],"is_trial":false,"path_per_floor":["M","M","?","?","?","M","M","M"],"character_chosen":"THE_SILENT","items_purchased":[],"campfire_rested":0,"item_purchase_floors":[],"current_hp_per_floor":[55,53,53,53,18,18,14,0],"gold":350,"neow_bonus":"HUNDRED_GOLD","is_prod":false,"is_daily":false,"chose_seed":false,"campfire_upgraded":0,"win_rate":0,"timestamp":1548543610,"path_taken":["M","?","?","?","?","M","M","M"],"build_version":"2019-01-23","purchased_purges":0,"victory":false,"max_hp_per_floor":[66,66,60,60,60,60,60,60],"card_choices":[{"not_picked":["Acrobatics","Flying Knee"],"picked":"Dagger Spray","floor":1.0},{"not_picked":["Quick Slash","Bane","Deflect"],"picked":"SKIP","floor":2.0},{"not_picked":["Terror","Dodge and Roll","Reflex"],"picked":"SKIP","floor":6.0},{"not_picked":["Bane","Venomology"],"picked":"Escape Plan","floor":7.0}],"player_experience":1089320,"relics_obtained":[],"event_choices":[{"damage_healed":0.0,"max_hp_gain":0.0,"max_hp_loss":6.0,"gold_gain":0.0,"event_name":"Golden Idol","player_choice":"Lose Max HP","floor":3.0,"gold_loss":0.0,"damage_taken":0.0,"relics_obtained":["Golden Idol"]},{"damage_healed":0.0,"max_hp_gain":0.0,"max_hp_loss":0.0,"gold_gain":150.0,"event_name":"Liars Game","player_choice":"AGREE","floor":4.0,"gold_loss":0.0,"damage_taken":0.0,"cards_obtained":["Doubt"]},{"damage_healed":0.0,"max_hp_gain":0.0,"max_hp_loss":0.0,"gold_gain":0.0,"event_name":"Scrap Ooze","player_choice":"Success","floor":5.0,"gold_loss":0.0,"damage_taken":35.0,"relics_obtained":["Shuriken"]}],"is_beta":true,"boss_relics":[],"items_purged_floors":[],"is_endless":false,"potions_floor_spawned":[6],"killed_by":"Gremlin Gang","ascension_level":20}