{"gold_per_floor":[113,113,113,113,38,38,56,74,128,159,179,179,197,37,37,113,113,129,129,129,145,169,169,180,180,180,230,244,269,285,297,297,375,375,392,792,363,378,395,395,430,445,445,460,473,133,133,143,143,143],"floor_reached":50,"playtime":2440,"items_purged":["Pain","Defend_G"],"score":1092,"play_id":"0b62e131-781e-4c8e-b51f-79f81272d3e3","local_time":"20190126011740","is_ascension_mode":true,"campfire_choices":[{"data":"Storm of Steel","floor":6,"key":"SMITH"},{"data":"Corpse Explosion","floor":12,"key":"SMITH"},{"floor":15,"key":"REST"},{"floor":23,"key":"REST"},{"floor":32,"key":"REST"},{"floor":40,"key":"REST"},{"floor":49,"key":"RECALL"}],"neow_cost":"TEN_PERCENT_HP_LOSS","seed_source_timestamp":562117679286900,"circlet_count":0,"master_deck":["AscendersBane","Defend_G","Defend_G","Defend_G","Defend_G","Survivor","Neutralize","Storm of Steel+1","Escape Plan","Dagger Throw","Tools of the Trade","Corpse Explosion+1","Envenom","Backstab","Bite","Bite","Bite","Bite","Bite","Adrenaline","Dash","Backflip+1","After Image","Deadly Poison+1","Catalyst","Backflip+1"],"relics":["Ring of the Snake","Dodecahedron","WarpedTongs","Oddly Smooth Stone","Calipers","Snake Skull","Sozu","Centennial Puzzle","Nilry\u0027s Codex","Meat on the Bone","Bottled Tornado","Fusion Hammer","Old Coin","Incense Burner","PreservedInsect","Molten Egg 2","Ginger"],"potions_floor_usage":[10,16,29],"damage_taken":[{"damage":1,"enemies":"2 Louse","floor":1,"turns":4},{"damage":4,"enemies":"Jaw Worm","floor":7,"turns":4},{"damage":0,"enemies":"Cultist","floor":8,"turns":2},{"damage":7,"enemies":"Gremlin Nob","floor":10,"turns":4},{"damage":3,"enemies":"Red Slaver","floor":11,"turns":4},{"damage":0,"enemies":"2 Fungi Beasts","floor":13,"turns":2},{"damage":37,"enemies":"The Guardian","floor":16,"turns":11},{"damage":23,"enemies":"Shell Parasite","floor":18,"turns":7},{"damage":20,"enemies":"2 Thieves","floor":21,"turns":3},{"damage":15,"enemies":"3 Cultists","floor":24,"turns":4},{"damage":1,"enemies":"Snake Plant","floor":28,"turns":5},{"damage":33,"enemies":"Book of Stabbing","floor":29,"turns":5},{"damage":23,"enemies":"Sentry and Sphere","floor":30,"turns":6},{"damage":12,"enemies":"Snecko","floor":31,"turns":5},{"damage":31,"enemies":"Champ","floor":33,"turns":8},{"damage":16,"enemies":"3 Darklings","floor":35,"turns":3},{"damage":0,"enemies":"Mind Bloom Boss Battle","floor":36,"turns":7},{"damage":0,"enemies":"3 Shapes","floor":38,"turns":4},{"damage":14,"enemies":"Sphere and 2 Shapes","floor":39,"turns":4},{"damage":15,"enemies":"Giant Head","floor":41,"turns":7},{"damage":24,"enemies":"Jaw Worm Horde","floor":42,"turns":5},{"damage":12,"enemies":"Maw","floor":44,"turns":5},{"damage":3,"enemies":"Spire Growth","floor":45,"turns":4},{"damage":0,"enemies":"Transient","floor":48,"turns":6},{"damage":58,"enemies":"Awakened One","floor":50,"turns":6}],"seed_played":"-383869402653055892","potions_obtained":[{"floor":7,"key":"GhostInAJar"},{"floor":8,"key":"GamblersBrew"},{"floor":11,"key":"Strength Potion"}],"is_trial":false,"path_per_floor":["M","?","?","?","$","R","M","M","T","E","M","R","M","$","R","B",null,"M","?","?","M","T","R","M","?","T","?","M","E","M","M","R","B",null,"M","?","$","M","M","R","E","M","T","M","M","$","?","M","R","B"],"character_chosen":"THE_SILENT","items_purchased":["Snake Skull","Incense Burner","Ginger"],"campfire_rested":4,"item_purchase_floors":[14,37,46],"current_hp_per_floor":[58,58,51,51,51,51,47,47,47,40,37,37,37,37,55,18,50,27,27,27,18,18,30,31,10,10,10,29,19,26,25,37,22,37,27,42,42,42,35,42,35,30,30,36,42,42,42,42,42,0],"gold":143,"neow_bonus":"THREE_RARE_CARDS","is_prod":false,"is_daily":false,"chose_seed":false,"campfire_upgraded":2,"win_rate":0,"timestamp":1548461860,"path_taken":["M","?","?","?","$","R","M","M","T","E","M","R","?","$","R","BOSS","M","?","?","?","?","R","M","?","T","?","M","E","M","M","R","BOSS","M","?","$","M","M","R","E","M","T","M","M","$","?","M","R","BOSS"],"build_version":"2019-01-23","purchased_purges":2,"victory":false,"max_hp_per_floor":[60,60,60,60,60,60,60,60,60,60,60,60,60,60,60,60,60,60,42,42,42,42,42,42,42,42,42,42,42,42,42,42,42,42,42,42,42,42,42,42,42,42,42,42,42,42,42,42,42,42],"card_choices":[{"not_picked":["Doppelganger","Wraith Form v2"],"picked":"Storm of Steel","floor":0},{"not_picked":["PiercingWail","Deflect"],"picked":"Escape Plan","floor":1},{"not_picked":["PiercingWail","Deadly Poison"],"picked":"Dagger Throw","floor":7},{"not_picked":["Well Laid Plans","Dagger Spray"],"picked":"Tools of the Trade","floor":8},{"not_picked":["Dodge and Roll","Cloak And Dagger"],"picked":"Corpse Explosion","floor":10},{"not_picked":["Eviscerate","Deadly Poison","Flechettes"],"picked":"SKIP","floor":11},{"not_picked":["PiercingWail","Flying Knee","Reflex"],"picked":"SKIP","floor":13},{"not_picked":["Bullet Time","Tools of the Trade"],"picked":"Envenom","floor":16},{"not_picked":["Accuracy","Dagger Throw"],"picked":"Backstab","floor":18},{"not_picked":["Heel Hook","Dagger Spray+1"],"picked":"Dash","floor":21},{"not_picked":["Prepared+1","PiercingWail"],"picked":"Backflip+1","floor":24},{"not_picked":["Underhanded Strike","Outmaneuver+1","Distraction"],"picked":"SKIP","floor":28},{"not_picked":["Acrobatics","Infinite Blades","PiercingWail"],"picked":"SKIP","floor":29},{"not_picked":["Dash","Dagger Throw","Backstab"],"picked":"SKIP","floor":30},{"not_picked":["Bane","Predator","Riddle With Holes"],"picked":"SKIP","floor":31},{"not_picked":["Envenom","Phantasmal Killer"],"picked":"After Image","floor":33},{"not_picked":["Outmaneuver","Slice"],"picked":"Deadly Poison+1","floor":35},{"not_picked":["Predator+1","Dagger Throw"],"picked":"Catalyst","floor":36},{"not_picked":["Quick Slash","Backflip","Underhanded Strike"],"picked":"SKIP","floor":38},{"not_picked":["Endless Agony","Dagger Spray","Deadly Poison"],"picked":"SKIP","floor":39},{"not_picked":["Blade Dance","Skewer+1","Backflip+1"],"picked":"SKIP","floor":41},{"not_picked":["Dash","Outmaneuver","Deadly Poison"],"picked":"SKIP","floor":42},{"not_picked":["Bouncing Flask","Die Die Die+1","Backflip+1"],"picked":"SKIP","floor":44},{"not_picked":["Bouncing Flask","Die Die Die+1"],"picked":"Backflip+1","floor":44},{"not_picked":["Crippling Poison+1","Backflip","Endless Agony+1"],"picked":"SKIP","floor":45},{"not_picked":["PiercingWail+1","Cloak And Dagger","Bouncing Flask"],"picked":"SKIP","floor":48}],"player_experience":1080141,"relics_obtained":[{"floor":9,"key":"Oddly Smooth Stone"},{"floor":10,"key":"Calipers"},{"floor":22,"key":"Centennial Puzzle"},{"floor":25,"key":"Nilry\u0027s Codex"},{"floor":26,"key":"Meat on the Bone"},{"floor":29,"key":"Bottled Tornado"},{"floor":36,"key":"Old Coin"},{"floor":41,"key":"PreservedInsect"},{"floor":43,"key":"Molten Egg 2"}],"event_choices":[{"damage_healed":0,"gold_gain":0,"player_choice":"Box","damage_taken":0,"relics_obtained":["Dodecahedron"],"max_hp_gain":0,"max_hp_loss":0,"event_name":"Big Fish","floor":2,"gold_loss":0,"cards_obtained":["Regret"]},{"cards_removed":["Regret"],"damage_healed":0,"gold_gain":0,"player_choice":"Card Removal","damage_taken":7,"max_hp_gain":0,"max_hp_loss":0,"event_name":"Golden Wing","floor":3,"gold_loss":0},{"damage_healed":0,"gold_gain":0,"player_choice":"Rummage","damage_taken":0,"relics_obtained":["WarpedTongs"],"max_hp_gain":0,"max_hp_loss":0,"event_name":"Accursed Blacksmith","floor":4,"gold_loss":0,"cards_obtained":["Pain"]},{"damage_healed":0,"gold_gain":0,"player_choice":"Became a vampire","damage_taken":0,"max_hp_gain":0,"max_hp_loss":18,"event_name":"Vampires","floor":19,"gold_loss":0,"cards_obtained":["Bite","Bite","Bite","Bite","Bite"]},{"damage_healed":0,"gold_gain":0,"player_choice":"1 cards matched","damage_taken":0,"max_hp_gain":0,"max_hp_loss":0,"event_name":"Match and Keep!","floor":20,"gold_loss":0,"cards_obtained":["Adrenaline"]},{"damage_healed":0,"gold_gain":0,"player_choice":"Obtained Book","damage_taken":21,"max_hp_gain":0,"max_hp_loss":0,"event_name":"Cursed Tome","floor":25,"gold_loss":0},{"damage_healed":0,"gold_gain":50,"player_choice":"Stole From Cult","damage_taken":0,"max_hp_gain":0,"max_hp_loss":0,"event_name":"Nest","floor":27,"gold_loss":0},{"damage_healed":0,"gold_gain":0,"player_choice":"Fight","damage_taken":0,"max_hp_gain":0,"max_hp_loss":0,"event_name":"MindBloom","floor":36,"gold_loss":0},{"damage_healed":0,"gold_gain":0,"player_choice":"0 cards matched","damage_taken":0,"max_hp_gain":0,"max_hp_loss":0,"event_name":"Match and Keep!","floor":47,"gold_loss":0,"cards_obtained":[]}],"is_beta":true,"boss_relics":[{"not_picked":["Runic Dome","Velvet Choker"],"picked":"Sozu"},{"not_picked":["HoveringKite","Pandora\u0027s Box"],"picked":"Fusion Hammer"}],"items_purged_floors":[5,37],"is_endless":false,"potions_floor_spawned":[7,8,11,18,21,28,30,35,36,41,44],"killed_by":"Awakened One","ascension_level":20}