{"gold_per_floor":[113,127,127,31,31,31,56,56,108,108,119,153,153,167,167,272,272,286,201,201,215,215,215,249,266,266,266,294,294,294,294,294,396,396,407,423,441,112,112,112,144,144,144,163,63,163,163,175,175,175],"floor_reached":51,"playtime":3978,"items_purged":["Strike_G","Strike_G"],"score":1129,"play_id":"c66b1a82-22fd-47ad-9cfe-9fe20aaa058e","local_time":"20190501210553","is_ascension_mode":true,"campfire_choices":[{"data":"Noxious Fumes","floor":6,"key":"SMITH"},{"data":"Well Laid Plans","floor":8,"key":"SMITH"},{"data":"Neutralize","floor":10,"key":"SMITH"},{"data":"Caltrops","floor":13,"key":"SMITH"},{"data":"Backflip","floor":15,"key":"SMITH"},{"data":"Backflip","floor":23,"key":"SMITH"},{"data":"Night Terror","floor":27,"key":"SMITH"},{"floor":32,"key":"REST"},{"floor":40,"key":"REST"},{"data":"Bullet Time","floor":47,"key":"SMITH"},{"data":"Blur","floor":49,"key":"SMITH"}],"neow_cost":"NONE","seed_source_timestamp":302599779629066,"circlet_count":0,"master_deck":["AscendersBane","Defend_G","Defend_G","Defend_G","Defend_G","Defend_G","Survivor","Neutralize+1","Well Laid Plans+1","Backflip+1","Noxious Fumes+1","Deadly Poison","Caltrops+1","Venomology+1","Deflect","Corpse Explosion","Bouncing Flask","Blur+1","Blind","Backflip+1","Night Terror+1","PiercingWail","Necronomicurse","Adrenaline","Blur+1","Calculated Gamble+1","Footwork+1","Backflip+1","Bullet Time+1","Outmaneuver+1","Footwork+1"],"relics":["Ring of the Snake","NeowsBlessing","Dodecahedron","Centennial Puzzle","Bag of Preparation","Black Star","Boot","Ninja Scroll","Art of War","Juzu Bracelet","Pear","Mercury Hourglass","CultistMask","Necronomicon","Pen Nib","Astrolabe","Bottled Tornado","Blood Vial","Strawberry","Gremlin Horn","Darkstone Periapt"],"potions_floor_usage":[12,16,16,18,18,24,24,28,28,28,28,28,33,33,33,33,35,35,35,37,41,41,44,50,50,50,50],"damage_taken":[{"damage":0,"enemies":"Cultist","floor":1,"turns":1},{"damage":0,"enemies":"2 Louse","floor":2,"turns":1},{"damage":0,"enemies":"3 Sentries","floor":7,"turns":1},{"damage":2,"enemies":"Jaw Worm","floor":11,"turns":5},{"damage":24,"enemies":"Gremlin Nob","floor":12,"turns":5},{"damage":2,"enemies":"Exordium Wildlife","floor":14,"turns":3},{"damage":3,"enemies":"Hexaghost","floor":16,"turns":9},{"damage":21,"enemies":"2 Thieves","floor":18,"turns":4},{"damage":0,"enemies":"Spheric Guardian","floor":21,"turns":3},{"damage":16,"enemies":"Slavers","floor":24,"turns":5},{"damage":3,"enemies":"Centurion and Healer","floor":25,"turns":7},{"damage":20,"enemies":"Book of Stabbing","floor":28,"turns":8},{"damage":14,"enemies":"Champ","floor":33,"turns":14},{"damage":10,"enemies":"3 Darklings","floor":35,"turns":4},{"damage":1,"enemies":"3 Shapes","floor":36,"turns":4},{"damage":32,"enemies":"Sphere and 2 Shapes","floor":37,"turns":4},{"damage":4,"enemies":"Reptomancer","floor":41,"turns":8},{"damage":0,"enemies":"Maw","floor":44,"turns":10},{"damage":0,"enemies":"Spire Growth","floor":48,"turns":7},{"damage":26,"enemies":"Time Eater","floor":50,"turns":16}],"seed_played":"-1882779472693479167","potions_obtained":[{"floor":2,"key":"EssenceOfSteel"},{"floor":11,"key":"Strength Potion"},{"floor":18,"key":"Block Potion"},{"floor":28,"key":"Block Potion"},{"floor":33,"key":"Fire Potion"},{"floor":35,"key":"EssenceOfSteel"},{"floor":41,"key":"Block Potion"}],"is_trial":false,"path_per_floor":["M","M","?","$","$","R","E","R","T","R","M","E","R","M","R","B",null,"M","?","?","M","?","R","E","M","T","R","E","?","?","T","R","B",null,"M","M","M","$","?","R","E","?","T","M","$","?","R","M","R","B",null],"character_chosen":"THE_SILENT","items_purchased":["Backflip","Noxious Fumes","Bottled Tornado"],"campfire_rested":2,"item_purchase_floors":[4,4,38],"current_hp_per_floor":[63,63,68,68,68,68,68,68,68,68,66,42,42,40,40,37,66,45,45,45,45,45,45,29,26,26,26,28,28,12,12,37,23,70,60,59,27,27,27,52,55,55,55,57,57,57,57,59,59,50],"gold":175,"neow_bonus":"THREE_ENEMY_KILL","is_prod":false,"is_daily":false,"chose_seed":false,"campfire_upgraded":9,"win_rate":0,"timestamp":1556780753,"path_taken":["M","?","?","?","$","R","E","R","T","R","M","E","R","?","R","BOSS","M","?","?","?","?","R","E","?","T","R","E","?","?","?","R","BOSS","M","M","M","$","?","R","E","?","T","M","?","?","R","M","R","BOSS"],"build_version":"2019-01-23","purchased_purges":2,"victory":true,"max_hp_per_floor":[70,70,75,75,75,75,75,75,75,75,75,75,75,75,75,75,75,75,75,75,75,75,75,75,75,75,75,85,85,85,85,85,85,85,85,85,85,85,85,85,92,92,92,92,92,92,92,92,92,92],"card_choices":[{"not_picked":["Slice","Blade Dance","Endless Agony"],"picked":"SKIP","floor":1},{"not_picked":["Acrobatics","Masterful Stab"],"picked":"Well Laid Plans","floor":2},{"not_picked":["Bane","Expertise"],"picked":"Deadly Poison","floor":7},{"not_picked":["Infinite Blades","Concentrate"],"picked":"Caltrops","floor":11},{"not_picked":["Phantasmal Killer","Poisoned Stab"],"picked":"Venomology","floor":12},{"not_picked":["Bane","Dagger Throw"],"picked":"Deflect","floor":14},{"not_picked":["Bullet Time","After Image"],"picked":"Corpse Explosion","floor":16},{"not_picked":["Dodge and Roll","Blade Dance+1"],"picked":"Bouncing Flask","floor":18},{"not_picked":["Reflex","Sucker Punch"],"picked":"Blur","floor":21},{"not_picked":["Well Laid Plans+1","Backstab","Dash"],"picked":"SKIP","floor":24},{"not_picked":["Acrobatics","Accuracy"],"picked":"Night Terror","floor":25},{"not_picked":["Dodge and Roll","Slice"],"picked":"PiercingWail","floor":28},{"not_picked":["Night Terror","Corpse Explosion"],"picked":"Adrenaline","floor":33},{"not_picked":["Dagger Throw+1","Poisoned Stab+1","Sucker Punch"],"picked":"SKIP","floor":35},{"not_picked":["Poisoned Stab+1","Dodge and Roll","Expertise+1"],"picked":"SKIP","floor":36},{"not_picked":["Accuracy","Leg Sweep"],"picked":"Backflip+1","floor":37},{"not_picked":["Slice+1","Sucker Punch","Outmaneuver+1"],"picked":"SKIP","floor":41},{"not_picked":["Slice+1","Sucker Punch"],"picked":"Outmaneuver+1","floor":41},{"not_picked":["Underhanded Strike","Choke+1","Blade Dance"],"picked":"SKIP","floor":44},{"not_picked":["Backflip+1","Dodge and Roll"],"picked":"Footwork+1","floor":48}],"player_experience":381169,"relics_obtained":[{"floor":7,"key":"Dodecahedron"},{"floor":9,"key":"Centennial Puzzle"},{"floor":12,"key":"Bag of Preparation"},{"floor":24,"key":"Ninja Scroll"},{"floor":24,"key":"Art of War"},{"floor":26,"key":"Juzu Bracelet"},{"floor":28,"key":"Pear"},{"floor":28,"key":"Mercury Hourglass"},{"floor":30,"key":"Necronomicon"},{"floor":31,"key":"Pen Nib"},{"floor":41,"key":"Blood Vial"},{"floor":41,"key":"Strawberry"},{"floor":43,"key":"Darkstone Periapt"}],"event_choices":[{"damage_healed":0,"gold_gain":0,"player_choice":"Donut","damage_taken":0,"max_hp_gain":5,"max_hp_loss":0,"event_name":"Big Fish","floor":3,"gold_loss":0},{"damage_healed":0,"gold_gain":0,"player_choice":"Obtained Relic","damage_taken":0,"relics_obtained":["Boot"],"max_hp_gain":0,"max_hp_loss":0,"event_name":"Addict","floor":19,"gold_loss":85},{"damage_healed":0,"gold_gain":0,"player_choice":"Forge","damage_taken":0,"max_hp_gain":0,"max_hp_loss":0,"event_name":"Accursed Blacksmith","floor":20,"gold_loss":0,"cards_upgraded":["Venomology"]},{"damage_healed":0,"gold_gain":0,"player_choice":"2 cards matched","damage_taken":0,"max_hp_gain":0,"max_hp_loss":0,"event_name":"Match and Keep!","floor":22,"gold_loss":0,"cards_obtained":["Blind","Backflip"]},{"damage_healed":0,"gold_gain":0,"player_choice":"Trade","damage_taken":0,"relics_obtained":["CultistMask"],"max_hp_gain":0,"max_hp_loss":0,"event_name":"FaceTrader","floor":29,"gold_loss":0},{"damage_healed":0,"gold_gain":0,"player_choice":"Obtained Book","damage_taken":16,"max_hp_gain":0,"max_hp_loss":0,"event_name":"Cursed Tome","floor":30,"gold_loss":0},{"damage_healed":0,"gold_gain":0,"player_choice":"1 cards matched","damage_taken":0,"max_hp_gain":0,"max_hp_loss":0,"event_name":"Match and Keep!","floor":39,"gold_loss":0,"cards_obtained":["Bullet Time"]},{"damage_healed":0,"gold_gain":0,"player_choice":"Gave Potion","damage_taken":0,"relics_obtained":["Gremlin Horn"],"max_hp_gain":0,"max_hp_loss":0,"event_name":"WeMeetAgain","floor":42,"gold_loss":0},{"damage_healed":0,"gold_gain":100,"player_choice":"Pray","damage_taken":0,"max_hp_gain":0,"max_hp_loss":0,"event_name":"Golden Shrine","floor":46,"gold_loss":0}],"is_beta":false,"boss_relics":[{"not_picked":["Orrery","Calling Bell"],"picked":"Black Star"},{"not_picked":["Runic Pyramid","Runic Dome"],"picked":"Astrolabe"}],"items_purged_floors":[38,45],"is_endless":false,"potions_floor_spawned":[2,11,18,28,33,35,41,48],"ascension_level":10}