{"gold_per_floor":[359,373,35,53,69,104,130,156,156,169,182,196,210,241,241,241],"floor_reached":16,"playtime":658,"items_purged":[],"score":183,"play_id":"89a80515-fbd4-489f-80bf-b990f4d99033","local_time":"20181009213755","is_ascension_mode":true,"campfire_choices":[{"floor":15,"key":"REST"}],"neow_cost":"TEN_PERCENT_HP_LOSS","seed_source_timestamp":83619856988600,"circlet_count":0,"master_deck":["Defend_G","Defend_G","Defend_G","Defend_G","Defend_G","Strike_G","Strike_G","Strike_G","Strike_G","Strike_G","Survivor","Neutralize","Backstab","Cloak And Dagger","Panache","Die Die Die","Outmaneuver","Dagger Throw","Malaise","Prepared","Distraction","Prepared","Adrenaline","Escape Plan"],"relics":["Ring of the Snake","Anchor","Odd Mushroom","Bottled Lightning","Tingsha","Du-Vu Doll"],"potions_floor_usage":[8,14],"damage_taken":[{"damage":2,"enemies":"Jaw Worm","floor":1,"turns":5},{"damage":1,"enemies":"Small Slimes","floor":2,"turns":3},{"damage":0,"enemies":"2 Louse","floor":4,"turns":3},{"damage":0,"enemies":"Looter","floor":5,"turns":3},{"damage":5,"enemies":"3 Sentries","floor":6,"turns":4},{"damage":4,"enemies":"The Mushroom Lair","floor":7,"turns":3},{"damage":16,"enemies":"Gremlin Nob","floor":8,"turns":3},{"damage":9,"enemies":"Exordium Thugs","floor":10,"turns":5},{"damage":0,"enemies":"Red Slaver","floor":11,"turns":5},{"damage":1,"enemies":"Looter","floor":12,"turns":2},{"damage":5,"enemies":"Gremlin Gang","floor":13,"turns":4},{"damage":10,"enemies":"3 Sentries","floor":14,"turns":4},{"damage":42,"enemies":"Slime Boss","floor":16,"turns":8}],"seed_played":"-3730705929833883534","potions_obtained":[{"floor":1,"key":"Dexterity Potion"},{"floor":2,"key":"Dexterity Potion"},{"floor":4,"key":"FearPotion"},{"floor":10,"key":"Strength Potion"}],"is_trial":false,"path_per_floor":["M","M","$","M","M","E","?","E","T","M","M","M","M","E","R"],"character_chosen":"THE_SILENT","items_purchased":["Panache","Die Die Die"],"campfire_rested":1,"item_purchase_floors":[3,3],"current_hp_per_floor":[61,60,60,60,60,55,51,35,35,26,26,25,20,10,28,0],"gold":241,"neow_bonus":"TWO_FIFTY_GOLD","is_prod":false,"is_daily":false,"chose_seed":false,"campfire_upgraded":0,"win_rate":0,"timestamp":1539146275,"path_taken":["M","M","$","M","M","E","?","E","T","M","M","M","M","E","R","BOSS"],"build_version":"2018-10-08","purchased_purges":0,"victory":false,"max_hp_per_floor":[63,63,63,63,63,63,63,63,63,63,63,63,63,63,63,63],"card_choices":[{"not_picked":["Well Laid Plans","Sucker Punch"],"picked":"Backstab","floor":1},{"not_picked":["Blade Dance","Predator"],"picked":"Cloak And Dagger","floor":2},{"not_picked":["Quick Slash","PiercingWail"],"picked":"Outmaneuver","floor":4},{"not_picked":["Caltrops","Skewer"],"picked":"Dagger Throw","floor":5},{"not_picked":["Deadly Poison","Quick Slash"],"picked":"Malaise","floor":6},{"not_picked":["Reflex","Eviscerate"],"picked":"Prepared","floor":7},{"not_picked":["Skewer","Expertise"],"picked":"Distraction","floor":8},{"not_picked":["Acrobatics","Poisoned Stab","Well Laid Plans"],"picked":"SKIP","floor":10},{"not_picked":["Bouncing Flask","Tactician","Sucker Punch"],"picked":"SKIP","floor":11},{"not_picked":["Underhanded Strike","Acrobatics"],"picked":"Prepared","floor":12},{"not_picked":["Dagger Throw","Bane"],"picked":"Adrenaline","floor":13},{"not_picked":["Slice","Masterful Stab"],"picked":"Escape Plan","floor":14}],"player_experience":361667,"relics_obtained":[{"floor":6,"key":"Anchor"},{"floor":7,"key":"Odd Mushroom"},{"floor":8,"key":"Bottled Lightning"},{"floor":9,"key":"Tingsha"},{"floor":14,"key":"Du-Vu Doll"}],"event_choices":[{"event_name":"Mushrooms","player_choice":"Fought Mushrooms","floor":7,"damage_taken":0}],"is_beta":true,"boss_relics":[],"items_purged_floors":[],"is_endless":false,"potions_floor_spawned":[1,2,4,10,12,13],"killed_by":"Slime Boss","ascension_level":9}