{"gold_per_floor":[113,130,130,148,298,298,309,309,309,209,236,251,270,288,288,288],"floor_reached":16,"playtime":353,"items_purged":["Doubt"],"score":208,"play_id":"8ad6987b-c011-445a-846e-c72a83c6e190","local_time":"20190402232240","is_ascension_mode":true,"campfire_choices":[{"data":"Immolate","floor":6,"key":"SMITH"},{"data":"Bash","floor":8,"key":"SMITH"},{"data":"Inflame","floor":15,"key":"SMITH"}],"neow_cost":"PERCENT_DAMAGE","seed_source_timestamp":1116546521349800,"circlet_count":0,"master_deck":["AscendersBane","Strike_R","Strike_R","Strike_R","Strike_R","Strike_R","Defend_R","Defend_R","Defend_R","Defend_R","Bash+1","Immolate+1","Heavy Blade","Sword Boomerang","Twin Strike","Inflame+1","Shrug It Off"],"relics":["Burning Blood","Gremlin Horn","Strawberry"],"potions_floor_usage":[12,16],"damage_taken":[{"damage":0,"enemies":"Cultist","floor":1,"turns":2},{"damage":0,"enemies":"2 Louse","floor":2,"turns":1},{"damage":14,"enemies":"Jaw Worm","floor":4,"turns":6},{"damage":3,"enemies":"Exordium Wildlife","floor":7,"turns":2},{"damage":37,"enemies":"Gremlin Nob","floor":11,"turns":4},{"damage":3,"enemies":"Large Slime","floor":12,"turns":5},{"damage":8,"enemies":"Blue Slaver","floor":13,"turns":3},{"damage":7,"enemies":"Looter","floor":14,"turns":3},{"damage":35,"enemies":"The Guardian","floor":16,"turns":7}],"seed_played":"1440857586356524745","potions_obtained":[{"floor":1,"key":"Swift Potion"},{"floor":4,"key":"SkillPotion"},{"floor":12,"key":"Fire Potion"}],"is_trial":false,"path_per_floor":["M","M","T","M","?","R","M","R","T","$","E","M","M","M","R","B"],"character_chosen":"IRONCLAD","items_purchased":["Twin Strike"],"campfire_rested":0,"item_purchase_floors":[10],"current_hp_per_floor":[56,62,62,54,54,54,57,57,57,57,33,36,34,33,33,0],"gold":288,"neow_bonus":"THREE_RARE_CARDS","is_prod":false,"is_daily":false,"chose_seed":false,"campfire_upgraded":3,"win_rate":0,"timestamp":1554240160,"path_taken":["M","M","?","?","?","R","M","R","T","$","E","M","M","M","R","BOSS"],"build_version":"2019-03-15","purchased_purges":1,"victory":false,"max_hp_per_floor":[75,75,75,75,75,75,75,75,75,75,82,82,82,82,82,82],"card_choices":[{"not_picked":["Exhume","Dark Embrace"],"picked":"Immolate","floor":0},{"not_picked":["Power Through","Warcry","Battle Trance"],"picked":"SKIP","floor":1},{"not_picked":["Havoc","Headbutt","Armaments"],"picked":"SKIP","floor":2},{"not_picked":["Flame Barrier","Armaments"],"picked":"Heavy Blade","floor":4},{"not_picked":["Cleave","Power Through"],"picked":"Sword Boomerang","floor":7},{"not_picked":["Thunderclap","Havoc"],"picked":"Inflame","floor":11},{"not_picked":["Rupture","Wild Strike"],"picked":"Shrug It Off","floor":12},{"not_picked":["Pommel Strike","Warcry","Corruption"],"picked":"SKIP","floor":13},{"not_picked":["Infernal Blade","Rage","Exhume"],"picked":"SKIP","floor":14}],"player_experience":1324535,"relics_obtained":[{"floor":3,"key":"Gremlin Horn"},{"floor":11,"key":"Strawberry"}],"event_choices":[{"damage_healed":0,"gold_gain":150,"player_choice":"AGREE","damage_taken":0,"max_hp_gain":0,"max_hp_loss":0,"event_name":"Liars Game","floor":5,"gold_loss":0,"cards_obtained":["Doubt"]}],"is_beta":true,"boss_relics":[],"items_purged_floors":[10],"is_endless":false,"potions_floor_spawned":[1,4,11,12],"killed_by":"The Guardian","ascension_level":20}