{"gold_per_floor":[110,90,90,114,135,135,153,153,153,178,203,203,242,60,60,180,180,203,226,239,239],"floor_reached":21,"playtime":724,"items_purged":["Strike_G"],"score":226,"play_id":"7234a0e5-0769-4dfb-9f5c-c9cc5032de90","local_time":"20180804123152","is_ascension_mode":true,"campfire_choices":[{"data":"Neutralize","floor":6,"key":"SMITH"},{"data":"Backflip","floor":12,"key":"SMITH"},{"data":"Blade Dance","floor":15,"key":"SMITH"}],"neow_cost":"NONE","seed_source_timestamp":126334789389200,"circlet_count":0,"master_deck":["Defend_G","Defend_G","Defend_G","Defend_G","Defend_G","Strike_G","Strike_G","Strike_G","Strike_G","Survivor","Neutralize+1","Dagger Spray","Crippling Poison","Sucker Punch","Riddle With Holes","Blur","Backflip+1","Unload","Accuracy","Blade Dance+1","Burst","Cloak And Dagger"],"relics":["Coffee Dripper","Golden Idol","Mummified Hand","Singing Bowl","WristBlade","Regal Pillow"],"potions_floor_usage":[13,16,21],"damage_taken":[{"damage":8,"enemies":"Small Slimes","floor":1,"turns":4},{"damage":0,"enemies":"Cultist","floor":4,"turns":3},{"damage":0,"enemies":"2 Louse","floor":5,"turns":2},{"damage":0,"enemies":"Red Slaver","floor":7,"turns":5},{"damage":5,"enemies":"Blue Slaver","floor":10,"turns":3},{"damage":6,"enemies":"Exordium Wildlife","floor":11,"turns":4},{"damage":1,"enemies":"Gremlin Nob","floor":13,"turns":5},{"damage":20,"enemies":"Hexaghost","floor":16,"turns":12},{"damage":12,"enemies":"Chosen","floor":18,"turns":5},{"damage":8,"enemies":"Shell Parasite","floor":20,"turns":5},{"damage":44,"enemies":"Snake Plant","floor":21,"turns":4}],"seed_played":"-2556249099986335780","potions_obtained":[{"floor":1,"key":"Energy Potion"},{"floor":2,"key":"GhostInAJar"},{"floor":7,"key":"FearPotion"},{"floor":10,"key":"Block Potion"},{"floor":20,"key":"GamblersBrew"}],"is_trial":false,"path_per_floor":["M","?","?","M","M","R","M","?","T","M","M","R","E","$","R","B",null,"M","T","M"],"character_chosen":"THE_SILENT","items_purchased":["Accuracy","Blade Dance"],"campfire_rested":0,"item_purchase_floors":[14,14],"current_hp_per_floor":[62,62,62,62,62,62,62,67,67,62,56,56,55,55,55,35,61,51,51,43,0],"gold":239,"neow_bonus":"BOSS_RELIC","is_prod":false,"is_daily":false,"chose_seed":false,"campfire_upgraded":3,"win_rate":0,"timestamp":1533411112,"path_taken":["M","?","?","M","M","R","?","?","T","M","?","R","E","$","R","BOSS","M","?","M","?"],"build_version":"2018-08-01","purchased_purges":1,"victory":false,"max_hp_per_floor":[70,70,65,65,65,65,65,70,70,70,70,70,70,70,70,70,70,72,72,72,72],"card_choices":[{"not_picked":["Endless Agony","Acrobatics"],"picked":"Dagger Spray","floor":1},{"not_picked":["Concentrate","Outmaneuver"],"picked":"Crippling Poison","floor":4},{"not_picked":["Underhanded Strike","Finisher"],"picked":"Sucker Punch","floor":5},{"not_picked":["Terror","Expertise"],"picked":"Riddle With Holes","floor":7},{"not_picked":["PiercingWail","Blade Dance"],"picked":"Blur","floor":10},{"not_picked":["Poisoned Stab","Cloak And Dagger"],"picked":"Backflip","floor":11},{"not_picked":["Terror","Slice"],"picked":"Unload","floor":13},{"not_picked":["Adrenaline","Corpse Explosion"],"picked":"Burst","floor":16},{"not_picked":["Poisoned Stab","Sucker Punch+1","Quick Slash"],"picked":"Singing Bowl","floor":18},{"not_picked":["Expertise+1","Backstab"],"picked":"Cloak And Dagger","floor":20}],"player_experience":205840,"relics_obtained":[{"floor":9,"key":"Mummified Hand"},{"floor":13,"key":"Singing Bowl"},{"floor":19,"key":"Regal Pillow"}],"event_choices":[{"event_name":"The Woman in Blue","player_choice":"Bought 1 Potion","floor":2,"damage_taken":0},{"event_name":"Golden Idol","player_choice":"Lose Max HP","floor":3,"damage_taken":0},{"event_name":"Big Fish","player_choice":"Donut","floor":8,"damage_taken":0}],"is_beta":true,"boss_relics":[{"not_picked":["Busted Crown","Lizard Tail"],"picked":"WristBlade"}],"items_purged_floors":[14],"is_endless":false,"potions_floor_spawned":[1,7,10,20],"killed_by":"Snake Plant","ascension_level":5}