{"gold_per_floor":[111,124,124,124,144,159,159,186,232,232,249,266,294,326,338,350],"floor_reached":16,"playtime":409,"items_purged":[],"score":114,"play_id":"456b89ad-226a-496f-a607-d28f429c015c","local_time":"20190215235230","is_ascension_mode":false,"campfire_choices":[{"data":"Uppercut","floor":7,"key":"SMITH"},{"data":"Bash","floor":10,"key":"SMITH"},{"floor":15,"key":"REST"}],"neow_cost":"NONE","seed_source_timestamp":250358039267000,"circlet_count":0,"master_deck":["Strike_R","Strike_R","Strike_R","Strike_R","Strike_R","Defend_R","Defend_R","Bash+1","Uppercut+1","Armaments","Heavy Blade","Battle Trance","Double Tap","Pommel Strike"],"relics":["Burning Blood","NeowsBlessing","Ornamental Fan","Oddly Smooth Stone","MawBank"],"potions_floor_usage":[8,13,13],"damage_taken":[{"damage":0,"enemies":"Jaw Worm","floor":1,"turns":1},{"damage":0,"enemies":"2 Louse","floor":2,"turns":1},{"damage":0,"enemies":"Cultist","floor":5,"turns":1},{"damage":8,"enemies":"2 Fungi Beasts","floor":6,"turns":4},{"damage":26,"enemies":"Lagavulin","floor":8,"turns":5},{"damage":25,"enemies":"Exordium Wildlife","floor":11,"turns":4},{"damage":9,"enemies":"Red Slaver","floor":12,"turns":3},{"damage":20,"enemies":"3 Sentries","floor":13,"turns":7},{"damage":3,"enemies":"Blue Slaver","floor":14,"turns":4},{"damage":53,"enemies":"Hexaghost","floor":16,"turns":10}],"seed_played":"-2096381027484672553","potions_obtained":[{"floor":5,"key":"Poison Potion"},{"floor":8,"key":"AttackPotion"},{"floor":11,"key":"Ancient Potion"},{"floor":12,"key":"SteroidPotion"}],"is_trial":false,"path_per_floor":["M","M","?","?","M","M","R","E","T","R","M","M","E","M","R","B"],"character_chosen":"IRONCLAD","items_purchased":[],"campfire_rested":1,"item_purchase_floors":[],"current_hp_per_floor":[80,80,73,73,79,77,77,57,57,57,38,35,21,24,48,0],"gold":350,"neow_bonus":"THREE_ENEMY_KILL","is_prod":false,"is_daily":false,"chose_seed":false,"campfire_upgraded":2,"win_rate":0,"timestamp":1550271150,"path_taken":["M","M","?","?","?","M","R","E","T","R","M","M","E","M","R","BOSS"],"build_version":"2019-02-06","purchased_purges":0,"victory":false,"max_hp_per_floor":[80,80,80,80,80,80,80,80,80,80,80,80,80,80,80,80],"card_choices":[{"not_picked":["Warcry","Anger"],"picked":"Uppercut","floor":1},{"not_picked":["Blood for Blood","Infernal Blade","Fire Breathing"],"picked":"SKIP","floor":2},{"not_picked":["Body Slam","Flex"],"picked":"Armaments","floor":5},{"not_picked":["Rampage","True Grit","Combust"],"picked":"SKIP","floor":6},{"not_picked":["Thunderclap","Brutality"],"picked":"Heavy Blade","floor":8},{"not_picked":["Clothesline","True Grit","Armaments"],"picked":"SKIP","floor":11},{"not_picked":["Clothesline","Rage"],"picked":"Battle Trance","floor":12},{"not_picked":["Bloodletting","Dual Wield"],"picked":"Double Tap","floor":13},{"not_picked":["Headbutt","Iron Wave"],"picked":"Pommel Strike","floor":14}],"player_experience":1148080,"relics_obtained":[{"floor":8,"key":"Ornamental Fan"},{"floor":9,"key":"Oddly Smooth Stone"},{"floor":13,"key":"MawBank"}],"event_choices":[{"cards_removed":["Defend_R"],"damage_healed":0,"gold_gain":0,"player_choice":"Card Removal","damage_taken":7,"max_hp_gain":0,"max_hp_loss":0,"event_name":"Golden Wing","floor":3,"gold_loss":0},{"cards_removed":["Defend_R"],"damage_healed":0,"gold_gain":0,"player_choice":"Card Removal","damage_taken":0,"max_hp_gain":0,"max_hp_loss":0,"event_name":"Wheel of Change","floor":4,"gold_loss":0}],"is_beta":true,"boss_relics":[],"items_purged_floors":[],"is_endless":false,"potions_floor_spawned":[5,8,11,12],"killed_by":"Hexaghost","ascension_level":0}