{"path_per_floor":["M","?","?","?","?","E","R","M","T","M","E","R","M","M","R","B",null,"M","$","M","M","?","E","M","E","T","R","$","M","E","M","R"],"character_chosen":"IRONCLAD","items_purchased":["Metallicize","Whetstone"],"gold_per_floor":[111,111,111,111,111,144,144,168,168,183,219,219,240,264,264,395,395,414,109,133,156,156,192,217,260,284,284,184,207,246,262,262,262],"floor_reached":33,"campfire_rested":1,"playtime":1020,"current_hp_per_floor":[80,80,60,80,80,67,67,73,73,79,57,57,63,66,66,40,80,65,65,71,60,60,52,55,27,27,27,27,15,28,24,48,0],"items_purged":["Strike_R","Strike_R"],"gold":262,"score":317,"play_id":"05899897-09ac-4b32-9acb-a9df9866708d","local_time":"20180513200429","is_prod":false,"is_daily":false,"chose_seed":false,"is_ascension_mode":false,"campfire_upgraded":4,"timestamp":1526267069,"path_taken":["M","?","?","?","?","E","R","?","T","M","E","R","M","M","R","BOSS","M","$","M","M","?","E","M","E","T","R","$","M","E","M","R","BOSS"],"build_version":"2018-05-12v2","seed_source_timestamp":342681662366843,"purchased_purges":2,"victory":false,"master_deck":["Strike_R","Strike_R","Strike_R+1","Defend_R","Defend_R","Defend_R","Defend_R","Bash+1","Iron Wave+1","Thunderclap+1","Inflame+1","Pommel Strike","Shrug It Off","Body Slam+1","Bludgeon+1","Shrug It Off","Metallicize+1","Body Slam","Ghostly Armor","Shockwave","Iron Wave+1"],"max_hp_per_floor":[80,80,80,80,80,80,80,80,80,80,80,80,80,80,80,80,80,80,80,80,80,80,80,80,80,80,80,80,80,80,80,80,80],"relics":["Burning Blood","Golden Idol","Mercury Hourglass","Kunai","Paper Frog","Philosopher\u0027s Stone","Whetstone","Question Card","Self Forming Clay","Bag of Marbles","Mummified Hand"],"card_choices":[{"not_picked":["Clothesline","Anger"],"picked":"Iron Wave","floor":1},{"not_picked":["Brutality","Sever Soul"],"picked":"Thunderclap","floor":6},{"not_picked":["Clothesline","Body Slam"],"picked":"Inflame","floor":8},{"not_picked":["Headbutt","Blood for Blood","Thunderclap"],"picked":"SKIP","floor":10},{"not_picked":["Perfected Strike","Pummel"],"picked":"Pommel Strike","floor":11},{"not_picked":["Entrench","Anger"],"picked":"Shrug It Off","floor":13},{"not_picked":["Flex","Heavy Blade"],"picked":"Body Slam","floor":14},{"not_picked":["Fiend Fire","Berserk"],"picked":"Bludgeon","floor":16},{"not_picked":["Thunderclap","Perfected Strike"],"picked":"Shrug It Off","floor":18},{"not_picked":["Heavy Blade+1","Iron Wave"],"picked":"Body Slam","floor":20},{"not_picked":["Shrug It Off","Sword Boomerang+1"],"picked":"Ghostly Armor","floor":21},{"not_picked":["Clash","Intimidate","Dual Wield"],"picked":"SKIP","floor":23},{"not_picked":["Combust","Heavy Blade","Dark Embrace","Anger"],"picked":"SKIP","floor":24},{"not_picked":["Armaments+1","Seeing Red","Power Through"],"picked":"Shockwave","floor":25},{"not_picked":["Warcry","Cleave","Carnage+1","Pummel+1"],"picked":"SKIP","floor":29},{"not_picked":["Fire Breathing","Headbutt+1","Dual Wield","Warcry"],"picked":"SKIP","floor":30},{"not_picked":["Thunderclap","Intimidate","Clash+1"],"picked":"Iron Wave+1","floor":31}],"player_experience":72719,"potions_floor_usage":[21,23,25,30,30,30],"damage_taken":[{"damage":1,"enemies":"Jaw Worm","floor":1,"turns":3},{"damage":19,"enemies":"3 Sentries","floor":6,"turns":10},{"damage":0,"enemies":"Cultist","floor":8,"turns":3},{"damage":0,"enemies":"Small Slimes","floor":10,"turns":2},{"damage":28,"enemies":"Gremlin Nob","floor":11,"turns":4},{"damage":0,"enemies":"2 Fungi Beasts","floor":13,"turns":2},{"damage":3,"enemies":"Looter","floor":14,"turns":2},{"damage":32,"enemies":"Hexaghost","floor":16,"turns":7},{"damage":21,"enemies":"Shell Parasite","floor":18,"turns":3},{"damage":0,"enemies":"Chosen","floor":20,"turns":2},{"damage":17,"enemies":"Centurion and Healer","floor":21,"turns":4},{"damage":23,"enemies":"Slavers","floor":23,"turns":4},{"damage":3,"enemies":"3 Cultists","floor":24,"turns":4},{"damage":34,"enemies":"Book of Stabbing","floor":25,"turns":5},{"damage":18,"enemies":"Snake Plant","floor":29,"turns":4},{"damage":2,"enemies":"Slavers","floor":30,"turns":4},{"damage":10,"enemies":"Centurion and Healer","floor":31,"turns":3},{"damage":49,"enemies":"Collector","floor":33,"turns":3}],"event_choices":[{"event_name":"Liars Game","player_choice":"disagreed","floor":2,"damage_taken":0},{"event_name":"Golden Idol","player_choice":"Take Damage","floor":3,"damage_taken":0},{"event_name":"Big Fish","player_choice":"Banana","floor":4,"damage_taken":0},{"event_name":"Living Wall","player_choice":"Grow","floor":5,"damage_taken":0},{"event_name":"Beggar","player_choice":"Ignored","floor":22,"damage_taken":0}],"boss_relics":[{"not_picked":["Runic Cube","White Beast Statue"],"picked":"Philosopher\u0027s Stone"}],"potions_floor_spawned":[8,14,16,21,23,24,29],"seed_played":"2675772512679878546","killed_by":"Collector","ascension_level":0,"is_trial":false}