{"gold_per_floor":[110,124,136,136,61,92,112,128,128,128],"floor_reached":10,"playtime":496,"items_purged":[],"score":102,"play_id":"cfcdac8c-44dc-448c-9224-5496b6e43827","local_time":"20190412170309","is_ascension_mode":true,"campfire_choices":[],"neow_cost":"NONE","seed_source_timestamp":975026547813015,"circlet_count":0,"master_deck":["Defend_G","Defend_G","Defend_G","Defend_G","Defend_G","Strike_G","Strike_G","Strike_G","Strike_G","Strike_G","Survivor","Neutralize","Flying Knee","Underhanded Strike","PiercingWail","Noxious Fumes","Dagger Throw","Escape Plan","Calculated Gamble"],"relics":["Ring of the Snake","NeowsBlessing","Gambling Chip","Turnip"],"potions_floor_usage":[6,8,8],"damage_taken":[{"damage":0,"enemies":"Small Slimes","floor":1,"turns":1},{"damage":0,"enemies":"Cultist","floor":2,"turns":1},{"damage":0,"enemies":"2 Louse","floor":3,"turns":1},{"damage":33,"enemies":"Gremlin Nob","floor":6,"turns":5},{"damage":9,"enemies":"Looter","floor":7,"turns":4},{"damage":12,"enemies":"Exordium Thugs","floor":8,"turns":6},{"damage":12,"enemies":"3 Sentries","floor":10,"turns":2}],"seed_played":"3025390677028573950","potions_obtained":[{"floor":1,"key":"Fire Potion"},{"floor":3,"key":"GhostInAJar"},{"floor":4,"key":"LiquidBronze"},{"floor":6,"key":"PowerPotion"}],"is_trial":false,"path_per_floor":["M","M","M","?","$","E","M","M","T","E"],"character_chosen":"THE_SILENT","items_purchased":["Noxious Fumes"],"campfire_rested":0,"item_purchase_floors":[5],"current_hp_per_floor":[63,63,63,63,63,30,21,9,9,0],"gold":128,"neow_bonus":"THREE_ENEMY_KILL","is_prod":false,"is_daily":false,"chose_seed":false,"campfire_upgraded":0,"win_rate":0,"timestamp":1555066989,"path_taken":["M","M","M","?","$","E","M","M","T","E"],"build_version":"2019-01-23","purchased_purges":0,"victory":false,"max_hp_per_floor":[70,70,70,70,70,70,70,70,70,70],"card_choices":[{"not_picked":["Flechettes","Dodge and Roll"],"picked":"Flying Knee","floor":1},{"not_picked":["Tactician","Dagger Throw"],"picked":"Underhanded Strike","floor":2},{"not_picked":["Outmaneuver","Bane"],"picked":"PiercingWail","floor":3},{"not_picked":["Tactician","Slice"],"picked":"Dagger Throw","floor":6},{"not_picked":["Dagger Spray","Infinite Blades"],"picked":"Escape Plan","floor":7},{"not_picked":["Outmaneuver","Well Laid Plans"],"picked":"Calculated Gamble","floor":8}],"player_experience":1136805,"relics_obtained":[{"floor":6,"key":"Gambling Chip"},{"floor":9,"key":"Turnip"}],"event_choices":[{"damage_healed":0,"gold_gain":0,"player_choice":"Got Potions","damage_taken":0,"max_hp_gain":0,"max_hp_loss":0,"event_name":"Lab","floor":4,"gold_loss":0}],"is_beta":false,"boss_relics":[],"items_purged_floors":[],"is_endless":false,"potions_floor_spawned":[1,3,6,7],"killed_by":"3 Sentries","ascension_level":9}