{"gold_per_floor":[13,88,88,99,118,118,147,147,193,258,271,271,284,317,317,419,419,430,450,450,462,462,462,489,588,588,335,363,6,24,24,24,127,127,143,1142,1161,667,722,748,763,798,798,102,116,116,169,184,184,184],"floor_reached":51,"playtime":2305,"items_purged":["Strike_G","Normality","Normality"],"score":1159,"play_id":"916a40cb-9b07-4d2b-b1be-934f222edb37","local_time":"20181013163050","is_ascension_mode":true,"campfire_choices":[{"data":"Survivor","floor":6.0,"key":"SMITH"},{"floor":8.0,"key":"REST"},{"floor":12.0,"key":"REST"},{"data":"Blur","floor":15.0,"key":"SMITH"},{"floor":23.0,"key":"REST"},{"data":"Apotheosis","floor":32.0,"key":"SMITH"},{"floor":49.0,"key":"REST"}],"neow_cost":"NO_GOLD","seed_source_timestamp":0,"circlet_count":0,"master_deck":["Defend_G","Defend_G","Defend_G","Defend_G","Strike_G","Strike_G","Strike_G","Survivor+1","Neutralize","Adrenaline","Poisoned Stab","Bane","Backflip","Blur","Blur+1","Terror+1","Dagger Throw","Malaise","Bouncing Flask","Dagger Spray","Apotheosis+1","Dash+1","Envenom","Bandage Up","Prepared+1","Metamorphosis","Leg Sweep","Flash of Steel"],"special_seed":0,"relics":["Ring of the Snake","Orichalcum","Pen Nib","Tiny Chest","Bag of Marbles","Empty Cage","Nilry\u0027s Codex","Dodecahedron","Pear","Dream Catcher","Boot","Lee\u0027s Waffle","Happy Flower","Fusion Hammer","Blood Vial","PreservedInsect","Ginger","Sundial","Snake Skull","Juzu Bracelet","War Paint","Centennial Puzzle","Anchor"],"potions_floor_usage":[50,50,50],"damage_taken":[{"damage":0.0,"enemies":"2 Louse","floor":1.0,"turns":3.0},{"damage":0.0,"enemies":"Jaw Worm","floor":4.0,"turns":3.0},{"damage":1.0,"enemies":"Cultist","floor":5.0,"turns":3.0},{"damage":37.0,"enemies":"Lagavulin","floor":7.0,"turns":7.0},{"damage":23.0,"enemies":"Gremlin Nob","floor":10.0,"turns":5.0},{"damage":1.0,"enemies":"Looter","floor":11.0,"turns":4.0},{"damage":0.0,"enemies":"3 Louse","floor":13.0,"turns":5.0},{"damage":4.0,"enemies":"Lagavulin","floor":14.0,"turns":6.0},{"damage":14.0,"enemies":"The Guardian","floor":16.0,"turns":12.0},{"damage":0.0,"enemies":"Shell Parasite","floor":18.0,"turns":6.0},{"damage":11.0,"enemies":"Spheric Guardian","floor":19.0,"turns":4.0},{"damage":14.0,"enemies":"Cultist and Chosen","floor":21.0,"turns":8.0},{"damage":14.0,"enemies":"Gremlin Leader","floor":24.0,"turns":7.0},{"damage":24.0,"enemies":"Slavers","floor":28.0,"turns":6.0},{"damage":8.0,"enemies":"Snake Plant","floor":30.0,"turns":3.0},{"damage":59.0,"enemies":"Automaton","floor":33.0,"turns":13.0},{"damage":4.0,"enemies":"3 Shapes","floor":35.0,"turns":4.0},{"damage":7.0,"enemies":"Orb Walker","floor":37.0,"turns":5.0},{"damage":23.0,"enemies":"Mysterious Sphere","floor":39.0,"turns":8.0},{"damage":24.0,"enemies":"Nemesis","floor":40.0,"turns":5.0},{"damage":18.0,"enemies":"Jaw Worm Horde","floor":41.0,"turns":5.0},{"damage":8.0,"enemies":"2 Orb Walkers","floor":42.0,"turns":5.0},{"damage":0.0,"enemies":"Maw","floor":45.0,"turns":6.0},{"damage":8.0,"enemies":"Sphere and 2 Shapes","floor":48.0,"turns":6.0},{"damage":58,"enemies":"Donu and Deca","floor":50,"turns":9}],"seed_played":"-5470607537990327928","potions_obtained":[{"floor":10.0,"key":"Explosive Potion"},{"floor":11.0,"key":"Explosive Potion"},{"floor":13.0,"key":"Strength Potion"},{"floor":16.0,"key":"Fruit Juice"},{"floor":18.0,"key":"SteroidPotion"},{"floor":33.0,"key":"Weak Potion"},{"floor":39.0,"key":"Swift Potion"},{"floor":40.0,"key":"SkillPotion"},{"floor":42.0,"key":"SteroidPotion"},{"floor":45.0,"key":"Weak Potion"},{"floor":48.0,"key":"Strength Potion"}],"is_trial":false,"path_per_floor":["M","?","?","M","M","R","E","R","T","E","M","R","M","E","R","B",null,"M","M","?","M","T","R","E","?","T","$","E","$","M","?","R","B",null,"M","?","M","$","?","E","M","E","T","$","M","?","T","M","R","B"],"character_chosen":"THE_SILENT","items_purchased":["Apotheosis","Lee\u0027s Waffle","Happy Flower","Blood Vial","PreservedInsect","Bandage Up","War Paint","Metamorphosis","Centennial Puzzle","Leg Sweep"],"campfire_rested":4,"item_purchase_floors":[27,29,29,38,38,38,44,44,44,44],"current_hp_per_floor":[63,52,57,57,56,56,19,41,41,18,17,39,39,35,35,21,62,67,56,40,26,26,50,46,46,46,46,22,97,89,89,89,30,80,76,76,69,69,54,38,28,28,28,28,34,34,34,32,61,9],"gold":184,"neow_bonus":"THREE_RARE_CARDS","is_prod":false,"is_daily":false,"chose_seed":false,"campfire_upgraded":3,"win_rate":0,"timestamp":1539473450,"path_taken":["M","?","?","?","M","R","E","R","T","E","M","R","M","E","R","BOSS","M","M","?","M","?","R","E","?","T","$","E","$","?","?","R","BOSS","M","?","?","$","?","E","M","E","T","$","M","?","?","M","R","BOSS"],"build_version":"2018-10-11","purchased_purges":3,"victory":true,"max_hp_per_floor":[70,70,75,75,75,75,75,75,75,75,75,75,75,75,75,75,75,80,80,80,80,80,80,90,90,90,90,90,97,97,97,97,97,97,97,97,97,97,97,97,97,97,97,97,97,97,97,97,97,97],"card_choices":[{"not_picked":["A Thousand Cuts","Night Terror"],"picked":"Adrenaline","floor":0.0},{"not_picked":["Quick Slash","Underhanded Strike"],"picked":"Poisoned Stab","floor":1.0},{"not_picked":["Setup","Predator"],"picked":"Bane","floor":4.0},{"not_picked":["Flying Knee","Heel Hook","PiercingWail"],"picked":"SKIP","floor":5.0},{"not_picked":["Dodge and Roll","Bullet Time"],"picked":"Backflip","floor":7.0},{"not_picked":["All Out Attack","Acrobatics"],"picked":"Blur","floor":10.0},{"not_picked":["Bouncing Flask","Deflect"],"picked":"Blur","floor":11.0},{"not_picked":["Backflip","Poisoned Stab"],"picked":"Terror","floor":13.0},{"not_picked":["Slice","Cloak And Dagger"],"picked":"Dagger Throw","floor":14.0},{"not_picked":["Phantasmal Killer","Glass Knife"],"picked":"Malaise","floor":16.0},{"not_picked":["Sucker Punch","PiercingWail"],"picked":"Bouncing Flask","floor":18.0},{"not_picked":["Blade Dance","Setup","Expertise"],"picked":"SKIP","floor":19.0},{"not_picked":["Deflect","Terror"],"picked":"Dagger Spray","floor":21.0},{"not_picked":["Caltrops","Prepared+1","Predator"],"picked":"SKIP","floor":24.0},{"not_picked":["PiercingWail","Deflect+1"],"picked":"Dash+1","floor":28.0},{"not_picked":["Masterful Stab","Riddle With Holes","PiercingWail"],"picked":"SKIP","floor":30.0},{"not_picked":["Malaise","Doppelganger"],"picked":"Envenom","floor":33.0},{"not_picked":["Concentrate","Calculated Gamble+1","Underhanded Strike+1"],"picked":"SKIP","floor":35.0},{"not_picked":["Calculated Gamble+1","Slice+1","Cloak And Dagger"],"picked":"SKIP","floor":37.0},{"not_picked":["Outmaneuver+1","Blur+1","Backflip"],"picked":"SKIP","floor":40.0},{"not_picked":["Deflect+1","Finisher","PiercingWail+1"],"picked":"SKIP","floor":41.0},{"not_picked":["Caltrops+1","Tools of the Trade"],"picked":"Prepared","floor":42.0},{"not_picked":["Deflect","Underhanded Strike","Bane"],"picked":"SKIP","floor":45.0},{"not_picked":["Blade Dance+1","Endless Agony+1","Expertise+1"],"picked":"SKIP","floor":48.0}],"player_experience":367858,"relics_obtained":[{"floor":7.0,"key":"Orichalcum"},{"floor":9.0,"key":"Pen Nib"},{"floor":10.0,"key":"Tiny Chest"},{"floor":14.0,"key":"Bag of Marbles"},{"floor":20.0,"key":"Nilry\u0027s Codex"},{"floor":22.0,"key":"Dodecahedron"},{"floor":24.0,"key":"Pear"},{"floor":26.0,"key":"Dream Catcher"},{"floor":28.0,"key":"Boot"},{"floor":39.0,"key":"Ginger"},{"floor":40.0,"key":"Sundial"},{"floor":42.0,"key":"Snake Skull"},{"floor":43.0,"key":"Juzu Bracelet"},{"floor":47.0,"key":"Anchor"}],"event_choices":[{"event_name":"World of Goop","player_choice":"Gather Gold","floor":2.0,"damage_taken":0.0},{"event_name":"Big Fish","player_choice":"Donut","floor":3.0,"damage_taken":0.0},{"event_name":"Cursed Tome","player_choice":"Obtained Book","floor":20.0,"damage_taken":0.0},{"event_name":"Nest","player_choice":"Stole From Cult","floor":25.0,"damage_taken":0.0},{"event_name":"Ghosts","player_choice":"Ignored","floor":31.0,"damage_taken":0.0},{"event_name":"MindBloom","player_choice":"Gold","floor":36.0,"damage_taken":0.0},{"event_name":"Mysterious Sphere","player_choice":"Fight","floor":39.0,"damage_taken":0.0},{"event_name":"Match and Keep!","player_choice":"1 cards matched","floor":46.0,"damage_taken":0.0}],"is_beta":true,"boss_relics":[{"not_picked":["Coffee Dripper","Runic Pyramid"],"picked":"Empty Cage"},{"not_picked":["Pandora\u0027s Box","Black Star"],"picked":"Fusion Hammer"}],"items_purged_floors":[27,38,44],"is_endless":false,"potions_floor_spawned":[10,11,13,16,18,19,33,39,40,42,45,48],"ascension_level":9}