{"gold_per_floor":[114,39,39,55,55,86,98,132,157,169,200,212,234,256,268,280],"floor_reached":16,"playtime":449,"items_purged":[],"score":274,"play_id":"b5b921c8-fa28-4dc0-acea-dae9a92d0749","local_time":"20190402000705","is_ascension_mode":true,"campfire_choices":[{"floor":12,"key":"REST"},{"floor":15,"key":"REST"}],"neow_cost":"NONE","seed_source_timestamp":1032704506810300,"circlet_count":0,"master_deck":["AscendersBane","Strike_R","Strike_R","Strike_R","Strike_R","Strike_R","Defend_R","Defend_R","Defend_R","Bash","Regret","Flame Barrier","Heavy Blade","Twin Strike"],"relics":["Burning Blood","NeowsBlessing","Blood Vial","Vajra","Calipers","MawBank"],"potions_floor_usage":[11,11,16],"damage_taken":[{"damage":0,"enemies":"2 Louse","floor":1,"turns":2},{"damage":0,"enemies":"Small Slimes","floor":4,"turns":1},{"damage":2,"enemies":"Lagavulin","floor":6,"turns":2},{"damage":3,"enemies":"Cultist","floor":7,"turns":4},{"damage":66,"enemies":"3 Sentries","floor":8,"turns":13},{"damage":9,"enemies":"Blue Slaver","floor":11,"turns":5},{"damage":9,"enemies":"Exordium Thugs","floor":13,"turns":4},{"damage":14,"enemies":"Looter","floor":14,"turns":3},{"damage":55,"enemies":"Hexaghost","floor":16,"turns":8}],"seed_played":"1888095498727948075","potions_obtained":[{"floor":1,"key":"EntropicBrew"},{"floor":6,"key":"Dexterity Potion"}],"is_trial":false,"path_per_floor":["M","?","$","M","?","E","M","E","T","?","M","R","M","M","R","B"],"character_chosen":"IRONCLAD","items_purchased":[],"campfire_rested":2,"item_purchase_floors":[],"current_hp_per_floor":[74,74,74,75,75,75,75,15,15,15,14,36,35,29,51,0],"gold":280,"neow_bonus":"THREE_ENEMY_KILL","is_prod":false,"is_daily":false,"chose_seed":false,"campfire_upgraded":0,"win_rate":0,"timestamp":1554156425,"path_taken":["M","?","$","M","?","E","M","E","T","?","M","R","M","M","R","BOSS"],"build_version":"2019-03-15","purchased_purges":0,"victory":false,"max_hp_per_floor":[75,75,75,75,75,75,75,75,75,75,75,75,75,75,75,75],"card_choices":[{"not_picked":["Disarm","Iron Wave","Wild Strike"],"picked":"SKIP","floor":1},{"not_picked":["Warcry","Body Slam","Perfected Strike"],"picked":"SKIP","floor":4},{"not_picked":["Carnage","Combust"],"picked":"Flame Barrier","floor":6},{"not_picked":["Clash","Iron Wave","Burning Pact"],"picked":"SKIP","floor":7},{"not_picked":["Anger","Berserk"],"picked":"Heavy Blade","floor":8},{"not_picked":["Wild Strike","Bloodletting","True Grit"],"picked":"SKIP","floor":11},{"not_picked":["Warcry","Pommel Strike","Dropkick"],"picked":"SKIP","floor":13},{"not_picked":["Twin Strike","Hemokinesis","Headbutt"],"picked":"SKIP","floor":14},{"not_picked":["Hemokinesis","Headbutt"],"picked":"Twin Strike","floor":14}],"player_experience":1321271,"relics_obtained":[{"floor":6,"key":"Vajra"},{"floor":8,"key":"Calipers"},{"floor":9,"key":"MawBank"}],"event_choices":[{"cards_removed":["Defend_R"],"damage_healed":0,"gold_gain":0,"player_choice":"Card Removal","damage_taken":0,"max_hp_gain":0,"max_hp_loss":0,"event_name":"The Cleric","floor":2,"gold_loss":75},{"damage_healed":0,"gold_gain":0,"player_choice":"Box","damage_taken":0,"relics_obtained":["Blood Vial"],"max_hp_gain":0,"max_hp_loss":0,"event_name":"Big Fish","floor":5,"gold_loss":0,"cards_obtained":["Regret"]},{"damage_healed":0,"gold_gain":0,"player_choice":"Searched \u00270\u0027 times","damage_taken":0,"max_hp_gain":0,"max_hp_loss":0,"event_name":"Dead Adventurer","floor":10,"gold_loss":0}],"is_beta":true,"boss_relics":[],"items_purged_floors":[],"is_endless":false,"potions_floor_spawned":[1,6,11,14],"killed_by":"Hexaghost","ascension_level":20}