{"gold_per_floor":[114,114,114,126,142,177,127,159,159,37,37],"floor_reached":11,"playtime":761,"items_purged":["Strike_R"],"score":122,"play_id":"f875d5e7-dfcc-4cb2-b304-fc43144d355d","local_time":"20190501144530","is_ascension_mode":true,"campfire_choices":[],"neow_cost":"NONE","seed_source_timestamp":283031130627493,"circlet_count":0,"master_deck":["AscendersBane","Strike_R","Strike_R","Defend_R","Defend_R","Defend_R","Defend_R","Bash","True Grit+1","Pommel Strike","Seeing Red","Armaments","Havoc","Body Slam","Uppercut"],"relics":["Burning Blood","The Courier","Blue Candle","Kunai"],"potions_floor_usage":[6,8],"damage_taken":[{"damage":11,"enemies":"2 Louse","floor":1,"turns":3},{"damage":2,"enemies":"Jaw Worm","floor":4,"turns":3},{"damage":5,"enemies":"Cultist","floor":5,"turns":4},{"damage":30,"enemies":"Gremlin Nob","floor":6,"turns":5},{"damage":21,"enemies":"Lagavulin","floor":8,"turns":10},{"damage":29,"enemies":"Gremlin Nob","floor":11,"turns":5}],"seed_played":"-7158785559802877762","potions_obtained":[{"floor":4,"key":"SteroidPotion"},{"floor":6,"key":"LiquidBronze"}],"is_trial":false,"path_per_floor":["M","?","?","M","M","E","?","E","T","$","E"],"character_chosen":"IRONCLAD","items_purchased":["Uppercut"],"campfire_rested":0,"item_purchase_floors":[10],"current_hp_per_floor":[67,72,72,76,77,53,53,38,38,38,9],"gold":37,"neow_bonus":"TRANSFORM_CARD","is_prod":false,"is_daily":false,"chose_seed":false,"campfire_upgraded":0,"win_rate":0,"timestamp":1556757930,"path_taken":["M","?","?","?","M","E","?","E","T","$","E"],"build_version":"2019-01-23","purchased_purges":1,"victory":false,"max_hp_per_floor":[80,85,85,85,85,85,85,85,85,85,85],"card_choices":[{"not_picked":["Warcry","Wild Strike"],"picked":"Pommel Strike","floor":1},{"not_picked":["Rage","Thunderclap"],"picked":"Seeing Red","floor":4},{"not_picked":["Combust","Wild Strike"],"picked":"Armaments","floor":5},{"not_picked":["Warcry","Reckless Charge"],"picked":"Havoc","floor":6},{"not_picked":["Perfected Strike","Dual Wield"],"picked":"Body Slam","floor":8}],"player_experience":361782,"relics_obtained":[{"floor":6,"key":"The Courier"},{"floor":8,"key":"Blue Candle"},{"floor":9,"key":"Kunai"}],"event_choices":[{"damage_healed":0,"gold_gain":0,"player_choice":"Donut","damage_taken":0,"max_hp_gain":5,"max_hp_loss":0,"event_name":"Big Fish","floor":2,"gold_loss":0},{"damage_healed":0,"gold_gain":0,"player_choice":"Forge","damage_taken":0,"max_hp_gain":0,"max_hp_loss":0,"event_name":"Accursed Blacksmith","floor":3,"gold_loss":0,"cards_upgraded":["True Grit"]},{"cards_removed":["Strike_R"],"damage_healed":0,"gold_gain":0,"player_choice":"Card Removal","damage_taken":0,"max_hp_gain":0,"max_hp_loss":0,"event_name":"The Cleric","floor":7,"gold_loss":50}],"is_beta":false,"boss_relics":[],"items_purged_floors":[10],"is_endless":false,"potions_floor_spawned":[4,6],"killed_by":"Gremlin Nob","ascension_level":10}