{"gold_per_floor":[118,118,132,132,149,149,45,61,61,91,91,61,61,81,81,154,154,173,173,185,185,209,209],"floor_reached":23,"playtime":700,"items_purged":[],"score":378,"play_id":"b1e25996-1e3a-45b2-9f5a-a5280065213e","local_time":"20190330200505","is_ascension_mode":true,"campfire_choices":[{"data":"Bash","floor":6,"key":"SMITH"},{"floor":11,"key":"REST"},{"data":"Heavy Blade","floor":13,"key":"SMITH"},{"floor":15,"key":"REST"}],"neow_cost":"TEN_PERCENT_HP_LOSS","seed_source_timestamp":848724718028600,"circlet_count":0,"master_deck":["AscendersBane","Strike_R","Strike_R","Strike_R","Strike_R","Strike_R","Defend_R","Defend_R","Defend_R","Defend_R","Bash+1","Heavy Blade+1","Feed+1"],"relics":["Burning Blood","Thread and Needle","Dodecahedron","Molten Egg 2","Bag of Marbles","Lizard Tail","Regal Pillow"],"potions_floor_usage":[8,10,10,16,20,21],"damage_taken":[{"damage":2,"enemies":"Cultist","floor":1,"turns":4},{"damage":6,"enemies":"2 Louse","floor":3,"turns":3},{"damage":12,"enemies":"Jaw Worm","floor":5,"turns":7},{"damage":14,"enemies":"Red Slaver","floor":8,"turns":5},{"damage":44,"enemies":"3 Sentries","floor":10,"turns":17},{"damage":2,"enemies":"Looter","floor":14,"turns":3},{"damage":60,"enemies":"Slime Boss","floor":16,"turns":9},{"damage":22,"enemies":"Chosen","floor":18,"turns":5},{"damage":58,"enemies":"Spheric Guardian","floor":20,"turns":6},{"damage":37,"enemies":"Colosseum Slavers","floor":21,"turns":6},{"damage":25,"enemies":"Slavers","floor":23,"turns":1}],"seed_played":"-912870708914808947","potions_obtained":[{"floor":5,"key":"EssenceOfSteel"},{"floor":8,"key":"GamblersBrew"},{"floor":12,"key":"SteroidPotion"},{"floor":12,"key":"Energy Potion"},{"floor":18,"key":"Weak Potion"},{"floor":20,"key":"BloodPotion"}],"is_trial":false,"path_per_floor":["M","?","M","?","M","R","$","M","T","E","R","?","R","M","R","B",null,"M","?","M","?","T","E"],"character_chosen":"IRONCLAD","items_purchased":["Heavy Blade","Regen Potion"],"campfire_rested":2,"item_purchase_floors":[7,7],"current_hp_per_floor":[68,68,68,63,57,57,57,63,63,25,45,45,45,49,68,14,55,43,57,42,22,22,0],"gold":209,"neow_bonus":"ONE_RARE_RELIC","is_prod":false,"is_daily":false,"chose_seed":false,"campfire_upgraded":2,"win_rate":0,"timestamp":1553972705,"path_taken":["M","?","?","?","M","R","?","?","T","E","R","?","R","M","R","BOSS","M","?","M","?","?","E"],"build_version":"2019-03-15","purchased_purges":0,"victory":false,"max_hp_per_floor":[68,68,68,68,68,68,68,68,68,68,68,68,68,68,68,68,68,72,72,72,76,76,76],"card_choices":[{"not_picked":["Clash","Armaments","Perfected Strike"],"picked":"SKIP","floor":1},{"not_picked":["Headbutt","Shockwave","Havoc"],"picked":"SKIP","floor":3},{"not_picked":["Pommel Strike","Headbutt","Entrench"],"picked":"SKIP","floor":5},{"not_picked":["True Grit","Power Through","Clothesline"],"picked":"SKIP","floor":8},{"not_picked":["Power Through","Feel No Pain","Pommel Strike+1"],"picked":"SKIP","floor":10},{"not_picked":["Cleave+1","Thunderclap+1","Ghostly Armor"],"picked":"SKIP","floor":14},{"not_picked":["Offering","Brutality"],"picked":"Feed+1","floor":16},{"not_picked":["Spot Weakness","True Grit","Perfected Strike+1"],"picked":"SKIP","floor":18},{"not_picked":["Headbutt+1","True Grit+1","Warcry"],"picked":"SKIP","floor":20}],"player_experience":1309865,"relics_obtained":[{"floor":9,"key":"Molten Egg 2"},{"floor":10,"key":"Bag of Marbles"},{"floor":22,"key":"Regal Pillow"}],"event_choices":[{"damage_healed":0,"gold_gain":0,"player_choice":"0 cards matched","damage_taken":0,"max_hp_gain":0,"max_hp_loss":0,"event_name":"Match and Keep!","floor":2,"gold_loss":0,"cards_obtained":[]},{"damage_healed":0,"gold_gain":0,"player_choice":"Success","damage_taken":5,"relics_obtained":["Dodecahedron"],"max_hp_gain":0,"max_hp_loss":0,"event_name":"Scrap Ooze","floor":4,"gold_loss":0},{"damage_healed":0,"gold_gain":0,"player_choice":"Bought 2 Potions","damage_taken":0,"max_hp_gain":0,"max_hp_loss":0,"event_name":"The Woman in Blue","floor":12,"gold_loss":0},{"damage_healed":14,"gold_gain":0,"player_choice":"Heal","damage_taken":0,"max_hp_gain":0,"max_hp_loss":0,"event_name":"The Library","floor":19,"gold_loss":0},{"damage_healed":0,"gold_gain":0,"player_choice":"Fight","damage_taken":0,"max_hp_gain":0,"max_hp_loss":0,"event_name":"Colosseum","floor":21,"gold_loss":0},{"damage_healed":0,"gold_gain":0,"player_choice":"Fled From Nobs","damage_taken":0,"max_hp_gain":0,"max_hp_loss":0,"event_name":"Colosseum","floor":21,"gold_loss":0}],"is_beta":true,"boss_relics":[{"not_picked":["Tiny House","Ectoplasm"],"picked":"Lizard Tail"}],"items_purged_floors":[],"is_endless":false,"potions_floor_spawned":[5,8,14,18,20],"killed_by":"Slavers","ascension_level":20}