{"gold_per_floor":[128,140,227,255,267,279,291,333,418,447,459,471,496,103,103,103],"floor_reached":16,"playtime":416,"items_purged":["Regret"],"score":196,"play_id":"1a7060c1-f2af-431b-80f9-959b94137c12","local_time":"20190127213410","is_ascension_mode":true,"campfire_choices":[{"floor":6,"key":"REST"},{"floor":11,"key":"REST"},{"data":"Bouncing Flask","floor":15,"key":"SMITH"}],"neow_cost":"NONE","seed_source_timestamp":723548185543800,"circlet_count":0,"master_deck":["AscendersBane","Defend_G","Defend_G","Defend_G","Defend_G+1","Defend_G","Strike_G","Strike_G","Strike_G","Strike_G+1","Strike_G","Survivor","Neutralize","Bouncing Flask+1","Poisoned Stab","Blur","Dash","Catalyst"],"relics":["Ring of the Snake","MawBank","Gremlin Horn","StoneCalendar","Pantograph","Boot","Omamori","Bag of Marbles"],"potions_floor_usage":[8],"damage_taken":[{"damage":8,"enemies":"Cultist","floor":1,"turns":5},{"damage":1,"enemies":"Small Slimes","floor":4,"turns":4},{"damage":29,"enemies":"Lagavulin","floor":8,"turns":6},{"damage":7,"enemies":"Jaw Worm","floor":10,"turns":5},{"damage":2,"enemies":"Blue Slaver","floor":13,"turns":4},{"damage":44,"enemies":"Slime Boss","floor":16,"turns":5}],"seed_played":"2263682059821757763","potions_obtained":[{"floor":1,"key":"Explosive Potion"},{"floor":4,"key":"EssenceOfSteel"}],"is_trial":false,"path_per_floor":["M","T","?","M","?","R","?","E","T","M","R","?","M","$","R","B"],"character_chosen":"THE_SILENT","items_purchased":["Omamori","Bag of Marbles"],"campfire_rested":2,"item_purchase_floors":[14,14],"current_hp_per_floor":[51,51,40,39,19,38,38,9,9,2,21,21,19,19,19,0],"gold":103,"neow_bonus":"RANDOM_COMMON_RELIC","is_prod":false,"is_daily":false,"chose_seed":false,"campfire_upgraded":1,"win_rate":0,"timestamp":1548621250,"path_taken":["M","?","?","M","?","R","?","E","T","M","R","?","M","$","R","BOSS"],"build_version":"2019-01-23","purchased_purges":1,"victory":false,"max_hp_per_floor":[66,66,66,66,66,66,66,66,66,66,66,66,66,66,66,66],"card_choices":[{"not_picked":["Dodge and Roll","Predator"],"picked":"Bouncing Flask","floor":1},{"not_picked":["PiercingWail","Blade Dance"],"picked":"Poisoned Stab","floor":4},{"not_picked":["Riddle With Holes","Bouncing Flask"],"picked":"Blur","floor":8},{"not_picked":["Deadly Poison","All Out Attack"],"picked":"Dash","floor":10},{"not_picked":["PiercingWail","Caltrops"],"picked":"Catalyst","floor":13}],"player_experience":1091823,"relics_obtained":[{"floor":2,"key":"Gremlin Horn"},{"floor":8,"key":"StoneCalendar"},{"floor":9,"key":"Pantograph"}],"event_choices":[{"damage_healed":0,"gold_gain":75,"player_choice":"Gather Gold","damage_taken":11,"max_hp_gain":0,"max_hp_loss":0,"event_name":"World of Goop","floor":3,"gold_loss":0},{"damage_healed":0,"gold_gain":0,"player_choice":"Entered Light","damage_taken":20,"max_hp_gain":0,"max_hp_loss":0,"event_name":"Shining Light","floor":5,"gold_loss":0,"cards_upgraded":["Defend_G","Strike_G"]},{"damage_healed":0,"gold_gain":0,"player_choice":"Searched \u00270\u0027 times","damage_taken":0,"max_hp_gain":0,"max_hp_loss":0,"event_name":"Dead Adventurer","floor":7,"gold_loss":0},{"damage_healed":0,"gold_gain":0,"player_choice":"Box","damage_taken":0,"relics_obtained":["Boot"],"max_hp_gain":0,"max_hp_loss":0,"event_name":"Big Fish","floor":12,"gold_loss":0,"cards_obtained":["Regret"]}],"is_beta":true,"boss_relics":[],"items_purged_floors":[14],"is_endless":false,"potions_floor_spawned":[1,4],"killed_by":"Slime Boss","ascension_level":20}