{"gold_per_floor":[364,51,63,28,28,28,59,59,139,156,126,126,158,169,169,274,274,292,292,309,309,322,322,355,355,382,393,406,406,406,406,406,504,504,523,426,426,445,26,57,57,57,80,106,121,121,221,240,240,240],"floor_reached":51,"playtime":6721,"items_purged":["Demon Form","Inflame"],"score":1315,"play_id":"15eeb47c-eed5-4539-a38b-427639fd8c49","local_time":"20190415145842","is_ascension_mode":true,"campfire_choices":[{"data":"Corruption","floor":6,"key":"SMITH"},{"data":"Feel No Pain","floor":8,"key":"SMITH"},{"data":"Evolve","floor":12,"key":"SMITH"},{"data":"Pommel Strike","floor":15,"key":"SMITH"},{"data":"Brutality","floor":23,"key":"SMITH"},{"floor":25,"key":"REST"},{"floor":29,"key":"REST"},{"data":"Fiend Fire","floor":32,"key":"SMITH"},{"floor":41,"key":"REST"},{"floor":46,"key":"REST"},{"floor":49,"key":"REST"}],"neow_cost":"PERCENT_DAMAGE","seed_source_timestamp":1220526673283442,"circlet_count":0,"master_deck":["AscendersBane","Bash","Corruption+1","Feel No Pain+1","Pommel Strike+1","Evolve+1","Rampage","Fiend Fire+1","Headbutt","Brutality+1","Carnage","Seeing Red","Brutality","Barricade","Ghostly Armor","Shrug It Off","Wild Strike","Ghostly Armor","Seeing Red+1","Havoc+1","Demon Form","Offering","Anger","Shrug It Off","Burning Pact","Wild Strike","Flame Barrier","Doubt","Burning Pact","Entrench"],"relics":["Burning Blood","Question Card","Vajra","Sundial","Centennial Puzzle","Pandora\u0027s Box","Bottled Tornado","PreservedInsect","Smiling Mask","Cursed Key","Dead Branch","Paper Frog","Happy Flower","Self Forming Clay","Charon\u0027s Ashes"],"potions_floor_usage":[7,7,22,24,33,35,40,45,50],"damage_taken":[{"damage":11,"enemies":"Cultist","floor":1,"turns":4},{"damage":8,"enemies":"Small Slimes","floor":3,"turns":5},{"damage":0,"enemies":"Lagavulin","floor":7,"turns":6},{"damage":12,"enemies":"Jaw Worm","floor":10,"turns":4},{"damage":7,"enemies":"Looter","floor":11,"turns":4},{"damage":15,"enemies":"3 Sentries","floor":13,"turns":6},{"damage":4,"enemies":"Red Slaver","floor":14,"turns":4},{"damage":20,"enemies":"Slime Boss","floor":16,"turns":6},{"damage":2,"enemies":"Spheric Guardian","floor":18,"turns":3},{"damage":3,"enemies":"Shell Parasite","floor":20,"turns":3},{"damage":15,"enemies":"Snake Plant","floor":22,"turns":2},{"damage":66,"enemies":"Gremlin Leader","floor":24,"turns":5},{"damage":2,"enemies":"Snecko","floor":27,"turns":3},{"damage":6,"enemies":"Chosen and Byrds","floor":28,"turns":5},{"damage":58,"enemies":"Champ","floor":33,"turns":9},{"damage":11,"enemies":"Orb Walker","floor":35,"turns":4},{"damage":11,"enemies":"3 Darklings","floor":38,"turns":4},{"damage":18,"enemies":"Reptomancer","floor":40,"turns":2},{"damage":25,"enemies":"Nemesis","floor":44,"turns":5},{"damage":44,"enemies":"Transient","floor":45,"turns":5},{"damage":6,"enemies":"Mind Bloom Boss Battle","floor":47,"turns":3},{"damage":7,"enemies":"4 Shapes","floor":48,"turns":2},{"damage":11,"enemies":"Time Eater","floor":50,"turns":8}],"seed_played":"7876383987452884645","potions_obtained":[{"floor":1,"key":"EssenceOfSteel"},{"floor":3,"key":"AttackPotion"},{"floor":10,"key":"FearPotion"},{"floor":18,"key":"PowerPotion"},{"floor":20,"key":"FearPotion"},{"floor":24,"key":"Energy Potion"},{"floor":33,"key":"Block Potion"},{"floor":35,"key":"Dexterity Potion"},{"floor":38,"key":"EssenceOfSteel"},{"floor":40,"key":"LiquidBronze"}],"is_trial":false,"path_per_floor":["M","$","M","?","$","R","E","R","T","M","M","R","E","M","R","B",null,"M","?","M","?","M","R","E","R","T","M","M","R","?","?","R","B",null,"M","$","?","M","$","E","R","?","T","E","M","R","?","M","R","B",null],"character_chosen":"IRONCLAD","items_purchased":["Feel No Pain","Question Card","Anger","Dead Branch","Burning Pact","Wild Strike"],"campfire_rested":5,"item_purchase_floors":[2,2,36,39,39,39],"current_hp_per_floor":[46,46,44,64,64,64,70,70,70,64,63,63,54,56,56,42,71,75,75,78,78,69,69,9,33,33,37,37,61,61,61,61,9,62,57,57,57,52,52,40,64,64,64,45,7,31,31,30,54,49],"gold":240,"neow_bonus":"TWO_FIFTY_GOLD","is_prod":false,"is_daily":false,"chose_seed":false,"campfire_upgraded":6,"win_rate":0,"timestamp":1555318722,"path_taken":["M","?","M","?","$","R","E","R","T","M","M","R","E","M","R","BOSS","M","?","M","?","M","R","E","R","T","?","M","R","?","?","R","BOSS","M","$","?","M","$","E","R","?","T","E","M","R","?","M","R","BOSS"],"build_version":"2019-01-23","purchased_purges":2,"victory":true,"max_hp_per_floor":[80,80,80,80,80,80,80,80,80,80,80,80,80,80,80,80,80,80,80,80,80,80,80,80,80,80,80,80,80,80,80,80,80,80,80,80,80,80,80,80,80,80,80,80,80,80,80,80,80,80],"card_choices":[{"not_picked":["Inflame","Heavy Blade"],"picked":"Corruption","floor":1},{"not_picked":["Fire Breathing","Iron Wave","Armaments"],"picked":"Inflame","floor":3},{"not_picked":["Heavy Blade","Blood for Blood","Infernal Blade"],"picked":"Pommel Strike","floor":7},{"not_picked":["Heavy Blade","Dual Wield","Shrug It Off"],"picked":"Evolve","floor":10},{"not_picked":["Shrug It Off","Blood for Blood","Pommel Strike"],"picked":"Rampage","floor":11},{"not_picked":["Havoc","Twin Strike","Ghostly Armor"],"picked":"Fiend Fire","floor":13},{"not_picked":["Body Slam","Pummel","Dropkick"],"picked":"Headbutt","floor":14},{"not_picked":["Bludgeon","Dark Embrace","Double Tap"],"picked":"Brutality","floor":16},{"not_picked":["Thunderclap","Wild Strike","Clothesline","Rampage"],"picked":"SKIP","floor":18},{"not_picked":["Thunderclap","Clothesline","Rampage"],"picked":"Wild Strike","floor":18},{"not_picked":["Rage","Perfected Strike","Pommel Strike"],"picked":"Ghostly Armor","floor":20},{"not_picked":["Flex","Rampage+1","Havoc","Anger"],"picked":"SKIP","floor":22},{"not_picked":["Evolve","Perfected Strike","Flex"],"picked":"Seeing Red+1","floor":24},{"not_picked":["Headbutt","Metallicize","Sever Soul+1","Cleave+1"],"picked":"SKIP","floor":27},{"not_picked":["True Grit","Carnage","Flex"],"picked":"Havoc+1","floor":28},{"not_picked":["Feed","Fiend Fire","Berserk"],"picked":"Dark Embrace","floor":33},{"not_picked":["Flex","Sword Boomerang","Thunderclap"],"picked":"Offering","floor":35},{"not_picked":["Thunderclap","Warcry","Heavy Blade"],"picked":"Shrug It Off","floor":38},{"not_picked":["Metallicize+1","Havoc","Berserk"],"picked":"Flame Barrier","floor":40},{"not_picked":["Metallicize","Battle Trance","Combust"],"picked":"Burning Pact","floor":44},{"not_picked":["Armaments","Shrug It Off+1","Pommel Strike"],"picked":"Entrench","floor":45},{"not_picked":["Havoc","Heavy Blade","Uppercut","Whirlwind"],"picked":"SKIP","floor":48}],"player_experience":1140350,"relics_obtained":[{"floor":7,"key":"Vajra"},{"floor":9,"key":"Sundial"},{"floor":13,"key":"Centennial Puzzle"},{"floor":24,"key":"Bottled Tornado"},{"floor":26,"key":"PreservedInsect"},{"floor":40,"key":"Paper Frog"},{"floor":43,"key":"Happy Flower"},{"floor":44,"key":"Self Forming Clay"},{"floor":47,"key":"Charon\u0027s Ashes"}],"event_choices":[{"damage_healed":20,"gold_gain":0,"player_choice":"Healed","damage_taken":0,"max_hp_gain":0,"max_hp_loss":0,"event_name":"The Cleric","floor":4,"gold_loss":35},{"cards_removed":["Corruption"],"damage_healed":0,"gold_gain":0,"player_choice":"Elegance","damage_taken":0,"max_hp_gain":0,"max_hp_loss":0,"event_name":"Back to Basics","floor":19,"gold_loss":0},{"damage_healed":0,"gold_gain":0,"player_choice":"0 cards matched","damage_taken":0,"max_hp_gain":0,"max_hp_loss":0,"event_name":"Match and Keep!","floor":21,"gold_loss":0,"cards_obtained":[]},{"damage_healed":0,"gold_gain":0,"player_choice":"0 cards matched","damage_taken":0,"max_hp_gain":0,"max_hp_loss":0,"event_name":"Match and Keep!","floor":21,"gold_loss":0,"cards_obtained":[]},{"damage_healed":0,"gold_gain":0,"player_choice":"Opened","damage_taken":0,"relics_obtained":["Smiling Mask"],"max_hp_gain":0,"max_hp_loss":0,"event_name":"The Mausoleum","floor":30,"gold_loss":0},{"damage_healed":0,"gold_gain":0,"cards_transformed":["Cleave"],"player_choice":"Transformed","damage_taken":0,"max_hp_gain":0,"max_hp_loss":0,"event_name":"Transmorgrifier","floor":31,"gold_loss":0,"cards_obtained":["Demon Form"]},{"damage_healed":0,"gold_gain":0,"player_choice":"Ignored","damage_taken":0,"max_hp_gain":0,"max_hp_loss":0,"event_name":"Tomb of Lord Red Mask","floor":37,"gold_loss":0},{"cards_removed":["Dark Embrace"],"damage_healed":0,"gold_gain":0,"player_choice":"Removed Power","damage_taken":0,"max_hp_gain":0,"max_hp_loss":0,"event_name":"Falling","floor":42,"gold_loss":0},{"damage_healed":0,"gold_gain":0,"player_choice":"Fight","damage_taken":0,"max_hp_gain":0,"max_hp_loss":0,"event_name":"MindBloom","floor":47,"gold_loss":0}],"is_beta":false,"boss_relics":[{"not_picked":["Orrery","Lizard Tail"],"picked":"Pandora\u0027s Box"},{"not_picked":["Sozu","Black Blood"],"picked":"Cursed Key"}],"items_purged_floors":[36,39],"is_endless":false,"potions_floor_spawned":[1,3,10,18,20,24,33,35,38,40],"ascension_level":12}