{"gold_per_floor":[114,114,128,40,40,52,93,124,211,223,253,265,296,324,336,421,483,467,479,491,503,430,442,504,516,576,588,613,644,656,685,697,709],"floor_reached":33,"playtime":884,"items_purged":[],"score":640,"play_id":"cb06e284-e7ba-4033-a94e-afb136283e05","local_time":"20190127235907","is_ascension_mode":true,"campfire_choices":[{"floor":6,"key":"REST"},{"data":"Deadly Poison","floor":12,"key":"SMITH"},{"data":"Neutralize","floor":15,"key":"SMITH"},{"data":"Envenom","floor":23,"key":"SMITH"},{"data":"Noxious Fumes","floor":25,"key":"SMITH"},{"data":"Poisoned Stab","floor":27,"key":"SMITH"},{"floor":30,"key":"REST"},{"floor":32,"key":"REST"}],"neow_cost":"NONE","seed_source_timestamp":731774739286500,"circlet_count":0,"master_deck":["AscendersBane","Defend_G","Defend_G","Defend_G+1","Defend_G","Defend_G","Strike_G","Strike_G","Strike_G","Strike_G","Strike_G","Survivor","Neutralize+1","Flying Knee","Doppelganger+1","Footwork+1","Deadly Poison+1","Poisoned Stab+1","Blur+1","Noxious Fumes+1","Envenom+1","Writhe","Backflip+1"],"relics":["Ring of the Snake","NeowsBlessing","MawBank","Mercury Hourglass","Bottled Lightning","Tiny House","War Paint","Toxic Egg 2","Dead Branch","Strawberry"],"potions_floor_usage":[13,13,16,18,18,31,31],"damage_taken":[{"damage":0,"enemies":"Small Slimes","floor":1,"turns":1},{"damage":0,"enemies":"Cultist","floor":3,"turns":1},{"damage":0,"enemies":"3 Sentries","floor":7,"turns":1},{"damage":0,"enemies":"Jaw Worm","floor":8,"turns":3},{"damage":6,"enemies":"Blue Slaver","floor":11,"turns":4},{"damage":1,"enemies":"Exordium Wildlife","floor":13,"turns":4},{"damage":0,"enemies":"Large Slime","floor":14,"turns":5},{"damage":0,"enemies":"The Guardian","floor":16,"turns":9},{"damage":25,"enemies":"2 Thieves","floor":18,"turns":4},{"damage":32,"enemies":"3 Byrds","floor":28,"turns":4},{"damage":5,"enemies":"Centurion and Healer","floor":29,"turns":8},{"damage":30,"enemies":"Shelled Parasite and Fungi","floor":31,"turns":4},{"damage":68,"enemies":"Automaton","floor":33,"turns":6}],"seed_played":"8881962833305115859","potions_obtained":[{"floor":3,"key":"Explosive Potion"},{"floor":7,"key":"Swift Potion"},{"floor":13,"key":"Regen Potion"},{"floor":14,"key":"PowerPotion"},{"floor":17,"key":"FearPotion"},{"floor":18,"key":"SpeedPotion"},{"floor":29,"key":"Poison Potion"}],"is_trial":false,"path_per_floor":["M","$","M","$","?","R","E","M","T","?","M","R","M","M","R","B",null,"M","T","$","?","?","R","?","R","T","R","M","M","R","M","R","B"],"character_chosen":"THE_SILENT","items_purchased":["Footwork"],"campfire_rested":3,"item_purchase_floors":[4],"current_hp_per_floor":[59,59,59,59,14,33,33,33,33,33,27,27,26,26,26,26,61,50,50,50,50,50,50,50,50,57,57,25,20,43,13,36,0],"gold":709,"neow_bonus":"THREE_ENEMY_KILL","is_prod":false,"is_daily":false,"chose_seed":false,"campfire_upgraded":5,"win_rate":0,"timestamp":1548629947,"path_taken":["M","$","M","$","?","R","E","M","T","?","M","R","M","M","R","BOSS","M","?","$","?","?","R","?","R","T","R","M","?","R","M","R","BOSS"],"build_version":"2019-01-23","purchased_purges":0,"victory":false,"max_hp_per_floor":[66,66,66,66,66,66,66,66,66,66,66,66,66,66,66,66,71,71,71,71,71,71,71,71,71,78,78,78,78,78,78,78,78],"card_choices":[{"not_picked":["Deflect","Prepared"],"picked":"Flying Knee","floor":1},{"not_picked":["Heel Hook","Tactician"],"picked":"Doppelganger","floor":3},{"not_picked":["Bane","Eviscerate"],"picked":"Deadly Poison","floor":7},{"not_picked":["Blade Dance","Calculated Gamble"],"picked":"Poisoned Stab","floor":8},{"not_picked":["Deadly Poison","Predator"],"picked":"Blur","floor":11},{"not_picked":["Accuracy","Flechettes"],"picked":"Noxious Fumes","floor":13},{"not_picked":["Terror","Acrobatics","Bane"],"picked":"SKIP","floor":14},{"not_picked":["Malaise","Wraith Form v2"],"picked":"Envenom","floor":16},{"not_picked":["Crippling Poison","Tactician","Deadly Poison"],"picked":"SKIP","floor":18},{"not_picked":["Riddle With Holes+1","Sucker Punch"],"picked":"Backflip+1","floor":28},{"not_picked":["Prepared+1","Sucker Punch","Setup+1"],"picked":"SKIP","floor":29},{"not_picked":["All Out Attack","Terror+1","Dagger Spray"],"picked":"SKIP","floor":31}],"player_experience":1094180,"relics_obtained":[{"floor":7,"key":"Mercury Hourglass"},{"floor":9,"key":"Bottled Lightning"},{"floor":19,"key":"War Paint"},{"floor":26,"key":"Strawberry"}],"event_choices":[{"damage_healed":0,"gold_gain":0,"player_choice":"Success","damage_taken":45,"relics_obtained":["MawBank"],"max_hp_gain":0,"max_hp_loss":0,"event_name":"Scrap Ooze","floor":5,"gold_loss":0},{"damage_healed":0,"gold_gain":0,"player_choice":"Upgraded","damage_taken":0,"max_hp_gain":0,"max_hp_loss":0,"event_name":"Upgrade Shrine","floor":10,"gold_loss":0,"cards_upgraded":["Footwork"]},{"damage_healed":0,"gold_gain":0,"player_choice":"Opened","damage_taken":0,"relics_obtained":["Toxic Egg 2"],"max_hp_gain":0,"max_hp_loss":0,"event_name":"The Mausoleum","floor":21,"gold_loss":0,"cards_obtained":["Writhe"]},{"damage_healed":0,"gold_gain":0,"player_choice":"Obtained Relic","damage_taken":0,"relics_obtained":["Dead Branch"],"max_hp_gain":0,"max_hp_loss":0,"event_name":"Addict","floor":22,"gold_loss":85},{"damage_healed":0,"gold_gain":50,"player_choice":"Stole From Cult","damage_taken":0,"max_hp_gain":0,"max_hp_loss":0,"event_name":"Nest","floor":24,"gold_loss":0}],"is_beta":true,"boss_relics":[{"not_picked":["Runic Dome","Busted Crown"],"picked":"Tiny House"}],"items_purged_floors":[],"is_endless":false,"potions_floor_spawned":[3,7,13,14,18,29],"killed_by":"Automaton","ascension_level":20}