{"gold_per_floor":[364,314,314,11,11,11,39,51,119,119,47,47,58,72,72,175,175,193,193,211,211,211,211,72,90,90,108,108,139,139,152,152,254,254,272,272,272,284,25,25,25,50,62,87,126,149,178,190,202,214],"floor_reached":50,"playtime":3633,"items_purged":["Strike_G","Strike_G"],"score":757,"play_id":"417f8f38-5d60-40e6-96dc-53fa339d5c20","local_time":"20190501194218","is_ascension_mode":true,"campfire_choices":[{"data":"Neutralize","floor":6,"key":"SMITH"},{"floor":10,"key":"REST"},{"data":"Flechettes","floor":15,"key":"SMITH"},{"data":"Footwork","floor":23,"key":"SMITH"},{"data":"A Thousand Cuts","floor":30,"key":"SMITH"},{"data":"Blade Dance","floor":32,"key":"SMITH"},{"data":"Burst","floor":40,"key":"SMITH"},{"data":"The Bomb","floor":49,"key":"SMITH"}],"neow_cost":"TEN_PERCENT_HP_LOSS","seed_source_timestamp":297963821248148,"circlet_count":0,"master_deck":["AscendersBane","Defend_G","Defend_G","Defend_G","Defend_G","Strike_G+1","Survivor","Neutralize+1","Caltrops","Flechettes+1","Cloak And Dagger+1","Escape Plan","PiercingWail","A Thousand Cuts+1","Blade Dance+1","Predator+1","Footwork+1","Accuracy","Footwork+1","Dodge and Roll","Dodge and Roll+1","Burst+1","Cloak And Dagger","The Bomb+1","Blur","Blade Dance+1","Wraith Form v2+1","Terror"],"relics":["Ring of the Serpent","Gremlin Horn","Lantern","Letter Opener","Shuriken","Frozen Egg 2","Sundial","Whetstone","Snecko Eye","Mummified Hand","MawBank","Meat on the Bone","Ginger"],"potions_floor_usage":[7,16,18,29,29,33,44,46,50],"damage_taken":[{"damage":7,"enemies":"Small Slimes","floor":1,"turns":3},{"damage":36,"enemies":"Lagavulin","floor":7,"turns":10},{"damage":6,"enemies":"2 Louse","floor":8,"turns":2},{"damage":0,"enemies":"Jaw Worm","floor":13,"turns":3},{"damage":0,"enemies":"Looter","floor":14,"turns":2},{"damage":11,"enemies":"Hexaghost","floor":16,"turns":10},{"damage":0,"enemies":"Spheric Guardian","floor":18,"turns":4},{"damage":3,"enemies":"2 Thieves","floor":20,"turns":4},{"damage":9,"enemies":"Centurion and Healer","floor":25,"turns":5},{"damage":5,"enemies":"3 Cultists","floor":27,"turns":5},{"damage":5,"enemies":"Slavers","floor":29,"turns":4},{"damage":5,"enemies":"Shelled Parasite and Fungi","floor":31,"turns":6},{"damage":3,"enemies":"Collector","floor":33,"turns":8},{"damage":3,"enemies":"Orb Walker","floor":35,"turns":3},{"damage":5,"enemies":"3 Darklings","floor":38,"turns":4},{"damage":25,"enemies":"Transient","floor":44,"turns":5},{"damage":1,"enemies":"Giant Head","floor":45,"turns":8},{"damage":6,"enemies":"Jaw Worm Horde","floor":46,"turns":3},{"damage":1,"enemies":"Maw","floor":47,"turns":6},{"damage":42,"enemies":"Time Eater","floor":50,"turns":8}],"seed_played":"-4115301350579686190","potions_obtained":[{"floor":13,"key":"GhostInAJar"},{"floor":14,"key":"Dexterity Potion"},{"floor":16,"key":"Explosive Potion"},{"floor":20,"key":"PowerPotion"},{"floor":33,"key":"SkillPotion"},{"floor":44,"key":"EssenceOfSteel"},{"floor":47,"key":"Explosive Potion"}],"is_trial":false,"path_per_floor":["M","?","?","$","?","R","E","M","T","R","$","?","M","M","R","B",null,"M","?","M","?","?","R","$","M","T","M","T","E","R","M","R","B",null,"M","?","?","M","$","R","$","T","T","M","E","M","M","?","R","B"],"character_chosen":"THE_SILENT","items_purchased":["Lantern","GhostInAJar","Regen Potion","Accuracy","Mummified Hand"],"campfire_rested":1,"item_purchase_floors":[4,4,11,24,39],"current_hp_per_floor":[56,56,44,44,44,44,8,2,2,20,20,20,20,20,20,24,53,53,53,50,50,50,50,50,41,41,36,36,31,31,26,26,23,53,50,50,50,45,45,45,45,45,45,32,31,37,36,36,36,0],"gold":214,"neow_bonus":"TWO_FIFTY_GOLD","is_prod":false,"is_daily":false,"chose_seed":false,"campfire_upgraded":7,"win_rate":0,"timestamp":1556775738,"path_taken":["M","?","?","$","?","R","E","M","T","R","$","?","M","M","R","BOSS","M","?","?","?","?","R","$","M","T","?","?","E","R","M","R","BOSS","M","?","?","M","$","R","?","?","T","?","E","M","M","?","R","BOSS"],"build_version":"2019-01-23","purchased_purges":2,"victory":false,"max_hp_per_floor":[63,63,63,63,63,63,63,63,63,63,63,63,63,63,63,63,63,63,63,63,63,63,63,63,63,63,63,63,63,63,63,63,63,63,63,60,60,60,60,60,60,60,60,60,60,60,60,60,60,60],"card_choices":[{"not_picked":["Deflect","Accuracy"],"picked":"Caltrops","floor":1},{"not_picked":["Phantasmal Killer","Dodge and Roll"],"picked":"Escape Plan","floor":7},{"not_picked":["Quick Slash","Underhanded Strike"],"picked":"Cloak And Dagger","floor":8},{"not_picked":["Quick Slash","Riddle With Holes"],"picked":"Escape Plan","floor":13},{"not_picked":["Poisoned Stab","Dagger Throw"],"picked":"PiercingWail","floor":14},{"not_picked":["Die Die Die","Bullet Time"],"picked":"A Thousand Cuts","floor":16},{"not_picked":["Setup","Backflip"],"picked":"Blade Dance","floor":18},{"not_picked":["Slice","Outmaneuver"],"picked":"Predator","floor":20},{"not_picked":["Infinite Blades","Bouncing Flask"],"picked":"Footwork+1","floor":25},{"not_picked":["Prepared","Choke+1","Dagger Spray"],"picked":"SKIP","floor":27},{"not_picked":["Sucker Punch","Dagger Throw"],"picked":"Dodge and Roll","floor":29},{"not_picked":["Setup","Backstab+1"],"picked":"Dodge and Roll+1","floor":31},{"not_picked":["Malaise","Corpse Explosion"],"picked":"Burst","floor":33},{"not_picked":["Eviscerate","Dagger Throw+1"],"picked":"Cloak And Dagger","floor":35},{"not_picked":["Dark Shackles","Mind Blast"],"picked":"The Bomb","floor":37},{"not_picked":["Dagger Throw","Masterful Stab+1"],"picked":"Blur","floor":38},{"not_picked":["Prepared+1","Cloak And Dagger"],"picked":"Blade Dance+1","floor":44},{"not_picked":["Distraction","Setup"],"picked":"Wraith Form v2+1","floor":45},{"not_picked":["Acrobatics","Riddle With Holes","Dagger Throw+1"],"picked":"SKIP","floor":46},{"not_picked":["Bane","Prepared+1"],"picked":"Terror","floor":47}],"player_experience":376561,"relics_obtained":[{"floor":7,"key":"Letter Opener"},{"floor":9,"key":"Shuriken"},{"floor":26,"key":"Frozen Egg 2"},{"floor":28,"key":"Sundial"},{"floor":29,"key":"Whetstone"},{"floor":42,"key":"MawBank"},{"floor":43,"key":"Meat on the Bone"},{"floor":45,"key":"Ginger"}],"event_choices":[{"cards_removed":["Strike_G"],"damage_healed":0,"gold_gain":0,"player_choice":"Card Removal","damage_taken":0,"max_hp_gain":0,"max_hp_loss":0,"event_name":"The Cleric","floor":2,"gold_loss":50},{"damage_healed":0,"gold_gain":0,"player_choice":"Success","damage_taken":12,"relics_obtained":["Gremlin Horn"],"max_hp_gain":0,"max_hp_loss":0,"event_name":"Scrap Ooze","floor":3,"gold_loss":0},{"damage_healed":0,"gold_gain":0,"cards_transformed":["Defend_G"],"player_choice":"Change","damage_taken":0,"max_hp_gain":0,"max_hp_loss":0,"event_name":"Living Wall","floor":5,"gold_loss":0,"cards_obtained":["Flechettes"]},{"damage_healed":0,"gold_gain":0,"player_choice":"Forge","damage_taken":0,"max_hp_gain":0,"max_hp_loss":0,"event_name":"Accursed Blacksmith","floor":12,"gold_loss":0,"cards_upgraded":["Cloak And Dagger"]},{"damage_healed":0,"gold_gain":0,"player_choice":"Bought 0 Potions","damage_taken":0,"max_hp_gain":0,"max_hp_loss":0,"event_name":"The Woman in Blue","floor":19,"gold_loss":0},{"damage_healed":0,"gold_gain":0,"player_choice":"Read","damage_taken":0,"max_hp_gain":0,"max_hp_loss":0,"event_name":"The Library","floor":21,"gold_loss":0,"cards_obtained":["Footwork"]},{"cards_removed":["Strike_G"],"damage_healed":0,"gold_gain":0,"player_choice":"Purged","damage_taken":0,"max_hp_gain":0,"max_hp_loss":0,"event_name":"Purifier","floor":22,"gold_loss":0},{"damage_healed":0,"gold_gain":0,"player_choice":"Max HP","damage_taken":0,"max_hp_gain":0,"max_hp_loss":3,"event_name":"Winding Halls","floor":36,"gold_loss":0},{"damage_healed":0,"gold_gain":0,"player_choice":"Memory 1","damage_taken":0,"max_hp_gain":0,"max_hp_loss":0,"event_name":"SensoryStone","floor":37,"gold_loss":0},{"cards_removed":["Escape Plan"],"damage_healed":0,"gold_gain":0,"player_choice":"Removed Skill","damage_taken":0,"max_hp_gain":0,"max_hp_loss":0,"event_name":"Falling","floor":48,"gold_loss":0}],"is_beta":false,"boss_relics":[{"not_picked":["Lizard Tail","Runic Pyramid"],"picked":"Ring of the Serpent"},{"not_picked":["Fusion Hammer","Calling Bell"],"picked":"Snecko Eye"}],"items_purged_floors":[4,24],"is_endless":false,"potions_floor_spawned":[13,14,16,20,33,44,47],"killed_by":"Time Eater","ascension_level":10}