{"gold_per_floor":[118,193,343,343,9,41,41,54,54,73,73,73,38,54,54,129,129,144,144,59,59,59,75,94,105,105,105,105,122,139,139],"floor_reached":31,"playtime":732,"items_purged":["Doubt"],"score":520,"play_id":"5753032e-58c5-407a-8ae7-2983efe9d9d3","local_time":"20190121220200","is_ascension_mode":true,"campfire_choices":[{"data":"Noxious Fumes","floor":7,"key":"SMITH"},{"data":"Neutralize","floor":12,"key":"SMITH"},{"data":"Deadly Poison","floor":15,"key":"SMITH"},{"floor":27,"key":"REST"}],"neow_cost":"NONE","seed_source_timestamp":206472410854000,"circlet_count":0,"master_deck":["AscendersBane","Defend_G","Defend_G+1","Defend_G","Defend_G","Strike_G","Strike_G","Strike_G","Strike_G","Strike_G+1","Survivor","Neutralize+1","Backflip","Noxious Fumes+1","Poisoned Stab","Deadly Poison+1","Bullet Time","Writhe","Blur","Dash","Clumsy","Burst","Footwork+1"],"relics":["Ring of the Snake","NeowsBlessing","Oddly Smooth Stone","Bottled Tornado","Kunai","Cursed Key","MutagenicStrength","Pocketwatch","Shuriken","The Specimen"],"potions_floor_usage":[24,25,30],"damage_taken":[{"damage":0,"enemies":"2 Louse","floor":1,"turns":1},{"damage":0,"enemies":"Lagavulin","floor":6,"turns":1},{"damage":0,"enemies":"Small Slimes","floor":8,"turns":1},{"damage":0,"enemies":"Jaw Worm","floor":10,"turns":5},{"damage":5,"enemies":"Large Slime","floor":14,"turns":5},{"damage":29,"enemies":"The Guardian","floor":16,"turns":9},{"damage":8,"enemies":"Spheric Guardian","floor":18,"turns":4},{"damage":14,"enemies":"Shell Parasite","floor":23,"turns":5},{"damage":18,"enemies":"Sentry and Sphere","floor":24,"turns":6},{"damage":9,"enemies":"Snake Plant","floor":25,"turns":4},{"damage":8,"enemies":"3 Cultists","floor":29,"turns":5},{"damage":0,"enemies":"Cultist and Chosen","floor":30,"turns":6},{"damage":15,"enemies":"Snake Plant","floor":31,"turns":2}],"seed_played":"1883443419867468328","potions_obtained":[{"floor":10,"key":"LiquidBronze"},{"floor":23,"key":"GamblersBrew"},{"floor":25,"key":"Strength Potion"},{"floor":29,"key":"Block Potion"}],"is_trial":false,"path_per_floor":["?","?","?","?","?","?","$","?","M","?"],"character_chosen":"THE_SILENT","items_purchased":["Oddly Smooth Stone","Noxious Fumes","Poisoned Stab"],"campfire_rested":1,"item_purchase_floors":[5,5,5],"current_hp_per_floor":[59,48,48,28,28,28,28,28,28,28,28,28,44,39,39,10,52,44,44,44,44,44,30,12,3,3,22,22,14,14,0],"gold":139,"neow_bonus":"THREE_ENEMY_KILL","is_prod":false,"is_daily":false,"chose_seed":false,"campfire_upgraded":3,"win_rate":0,"timestamp":1548104520,"path_taken":["M","?","?","?","$","E","R","M","T","M","$","R","?","M","R","BOSS","M","?","?","?","?","M","M","?","T","R","?","M","M","M"],"build_version":"2019-01-20","purchased_purges":1,"victory":false,"max_hp_per_floor":[66,66,66,66,66,66,66,66,66,66,66,66,66,66,66,66,66,66,66,66,66,66,66,66,66,66,66,66,66,66,66],"card_choices":[{"not_picked":["Acrobatics","Deflect"],"picked":"Backflip","floor":1},{"not_picked":["Flechettes","Reflex","Quick Slash"],"picked":"SKIP","floor":6},{"not_picked":["Bane","Cloak And Dagger"],"picked":"Deadly Poison","floor":8},{"not_picked":["Infinite Blades","Sucker Punch","Reflex"],"picked":"SKIP","floor":10},{"not_picked":["Reflex","Flying Knee","Backflip"],"picked":"SKIP","floor":14},{"not_picked":["Grand Finale","Phantasmal Killer"],"picked":"Bullet Time","floor":16},{"not_picked":["Accuracy","Concentrate","Prepared"],"picked":"SKIP","floor":18},{"not_picked":["Tactician","Dodge and Roll"],"picked":"Blur","floor":23},{"not_picked":["Outmaneuver","Underhanded Strike"],"picked":"Dash","floor":24},{"not_picked":["Prepared","Blur","Unload"],"picked":"SKIP","floor":25},{"not_picked":["Flying Knee","Backflip","Choke"],"picked":"SKIP","floor":29},{"not_picked":["Dagger Spray+1","Bane"],"picked":"Footwork+1","floor":30}],"player_experience":1072668,"relics_obtained":[{"floor":6,"key":"Bottled Tornado"},{"floor":9,"key":"Kunai"},{"floor":26,"key":"The Specimen"}],"event_choices":[{"damage_healed":0,"gold_gain":75,"player_choice":"Gather Gold","damage_taken":11,"max_hp_gain":0,"max_hp_loss":0,"event_name":"World of Goop","floor":2,"gold_loss":0},{"damage_healed":0,"gold_gain":150,"player_choice":"AGREE","damage_taken":0,"max_hp_gain":0,"max_hp_loss":0,"event_name":"Liars Game","floor":3,"gold_loss":0,"cards_obtained":["Doubt"]},{"damage_healed":0,"gold_gain":0,"player_choice":"Entered Light","damage_taken":20,"max_hp_gain":0,"max_hp_loss":0,"event_name":"Shining Light","floor":4,"gold_loss":0,"cards_upgraded":["Strike_G","Defend_G"]},{"damage_healed":16,"gold_gain":0,"player_choice":"Healed","damage_taken":0,"max_hp_gain":0,"max_hp_loss":0,"event_name":"The Cleric","floor":13,"gold_loss":35},{"damage_healed":0,"gold_gain":0,"player_choice":"Inject Mutagens","damage_taken":0,"relics_obtained":["MutagenicStrength"],"max_hp_gain":0,"max_hp_loss":0,"event_name":"Drug Dealer","floor":19,"gold_loss":0},{"damage_healed":0,"gold_gain":0,"player_choice":"Obtained Relic","damage_taken":0,"relics_obtained":["Pocketwatch"],"max_hp_gain":0,"max_hp_loss":0,"event_name":"Addict","floor":20,"gold_loss":85},{"damage_healed":0,"gold_gain":0,"player_choice":"Opened","damage_taken":0,"relics_obtained":["Shuriken"],"max_hp_gain":0,"max_hp_loss":0,"event_name":"The Mausoleum","floor":22,"gold_loss":0,"cards_obtained":["Writhe"]},{"damage_healed":0,"gold_gain":0,"cards_transformed":["Defend_G"],"player_choice":"Transformed","damage_taken":0,"max_hp_gain":0,"max_hp_loss":0,"event_name":"Transmorgrifier","floor":28,"gold_loss":0,"cards_obtained":["Burst"]}],"is_beta":true,"boss_relics":[{"not_picked":["Empty Cage","White Beast Statue"],"picked":"Cursed Key"}],"items_purged_floors":[5],"is_endless":false,"potions_floor_spawned":[10,23,25,29],"killed_by":"Snake Plant","ascension_level":20}