{"gold_per_floor":[110,285,90,107,107,151,151,185,185,35,49,49,92,42,42,138,138,163,163,182,182,207,207,241,265,265,265,303,326,71,71,71,71],"floor_reached":33,"playtime":1060,"items_purged":["Doubt","Strike_R"],"score":563,"play_id":"babcfcc9-fd6d-4fc1-8292-ede18737f85c","local_time":"20181228192212","is_ascension_mode":true,"campfire_choices":[{"data":"Armaments","floor":7,"key":"SMITH"},{"data":"Whirlwind","floor":12,"key":"SMITH"},{"data":"Anger","floor":15,"key":"SMITH"},{"floor":23,"key":"RECALL"},{"data":"Shrug It Off","floor":27,"key":"SMITH"},{"data":"Shrug It Off","floor":32,"key":"SMITH"}],"neow_cost":"NONE","seed_source_timestamp":166803375771300,"circlet_count":0,"master_deck":["AscendersBane","Strike_R","Strike_R","Strike_R","Strike_R","Defend_R","Defend_R","Defend_R","Defend_R","Battle Trance","Whirlwind+1","Armaments+1","Uppercut","Anger+1","Headbutt","Shrug It Off+1","Immolate","Shrug It Off","Writhe","Shrug It Off+1","Thunderclap","Iron Wave+1","Shrug It Off+1","Dropkick+1"],"relics":["Burning Blood","NeowsBlessing","Bloody Idol","Shuriken","Oddly Smooth Stone","Happy Flower","Coffee Dripper","The Courier","Self Forming Clay","Letter Opener","Molten Egg 2","Kunai","Sundial"],"potions_floor_usage":[8,24,28,33],"damage_taken":[{"damage":0,"enemies":"Cultist","floor":1,"turns":1},{"damage":0,"enemies":"Jaw Worm","floor":4,"turns":1},{"damage":0,"enemies":"3 Sentries","floor":6,"turns":1},{"damage":28,"enemies":"Gremlin Nob","floor":8,"turns":4},{"damage":0,"enemies":"Small Slimes","floor":11,"turns":2},{"damage":20,"enemies":"Lagavulin","floor":13,"turns":6},{"damage":26,"enemies":"Hexaghost","floor":16,"turns":8},{"damage":11,"enemies":"3 Byrds","floor":18,"turns":4},{"damage":12,"enemies":"2 Thieves","floor":20,"turns":3},{"damage":5,"enemies":"Shelled Parasite and Fungi","floor":22,"turns":6},{"damage":28,"enemies":"Slavers","floor":24,"turns":4},{"damage":0,"enemies":"Centurion and Healer","floor":25,"turns":7},{"damage":25,"enemies":"Book of Stabbing","floor":28,"turns":5},{"damage":11,"enemies":"Snecko","floor":29,"turns":6},{"damage":39,"enemies":"Champ","floor":33,"turns":10}],"seed_played":"-5548564452943630124","potions_obtained":[{"floor":1,"key":"Regen Potion"},{"floor":6,"key":"GamblersBrew"},{"floor":11,"key":"Strength Potion"},{"floor":13,"key":"EssenceOfSteel"},{"floor":16,"key":"Regen Potion"},{"floor":29,"key":"SteroidPotion"}],"is_trial":false,"path_per_floor":["M","?","$","M","?","E","R","E","T","$","M","R","E","?","R","B",null,"M","?","M","T","M","R","E","M","T","R","E","M","$","?","R","B"],"character_chosen":"IRONCLAD","items_purchased":["Whirlwind","Armaments","Shrug It Off","Dropkick+1","Sundial"],"campfire_rested":0,"item_purchase_floors":[3,3,10,30,30],"current_hp_per_floor":[78,78,78,80,60,66,66,56,56,56,62,62,48,48,48,28,67,62,62,56,56,57,57,47,53,53,53,34,29,29,29,29,0],"gold":71,"neow_bonus":"THREE_ENEMY_KILL","is_prod":false,"is_daily":false,"chose_seed":false,"campfire_upgraded":5,"win_rate":0,"timestamp":1546053732,"path_taken":["M","?","$","M","?","E","R","E","T","?","M","R","E","?","R","BOSS","M","?","M","?","M","R","E","?","T","R","E","?","$","?","R","BOSS"],"build_version":"2018-12-25","purchased_purges":2,"victory":false,"max_hp_per_floor":[80,80,80,80,80,80,80,80,80,80,80,80,80,80,80,80,80,80,80,80,80,80,80,80,80,80,80,80,80,80,80,80,80],"card_choices":[{"not_picked":["Rampage","Rupture"],"picked":"Battle Trance","floor":1},{"not_picked":["Carnage","Sentinel"],"picked":"Uppercut","floor":4},{"not_picked":["Iron Wave","Sentinel"],"picked":"Anger","floor":6},{"not_picked":["Flex","Burning Pact"],"picked":"Headbutt","floor":8},{"not_picked":["Intimidate","Cleave","Havoc"],"picked":"SKIP","floor":11},{"not_picked":["Headbutt","Heavy Blade","Power Through"],"picked":"SKIP","floor":13},{"not_picked":["Berserk","Reaper"],"picked":"Immolate","floor":16},{"not_picked":["Reckless Charge","Havoc"],"picked":"Shrug It Off","floor":18},{"not_picked":["Seeing Red","Wild Strike"],"picked":"Shrug It Off","floor":20},{"not_picked":["Heavy Blade","Searing Blow"],"picked":"Thunderclap","floor":22},{"not_picked":["Sword Boomerang","Battle Trance","Bloodletting"],"picked":"SKIP","floor":24},{"not_picked":["Havoc","Sword Boomerang","Feel No Pain"],"picked":"SKIP","floor":25},{"not_picked":["Power Through","Berserk"],"picked":"Iron Wave+1","floor":28},{"not_picked":["Seeing Red","Havoc"],"picked":"Shrug It Off+1","floor":29}],"player_experience":516102,"relics_obtained":[{"floor":6,"key":"Shuriken"},{"floor":8,"key":"Oddly Smooth Stone"},{"floor":13,"key":"Happy Flower"},{"floor":21,"key":"Self Forming Clay"},{"floor":24,"key":"Letter Opener"},{"floor":26,"key":"Molten Egg 2"},{"floor":28,"key":"Kunai"}],"event_choices":[{"damage_healed":0,"gold_gain":175,"player_choice":"AGREE","damage_taken":0,"max_hp_gain":0,"max_hp_loss":0,"event_name":"Liars Game","floor":2,"gold_loss":0,"cards_obtained":["Doubt"]},{"damage_healed":0,"gold_gain":0,"player_choice":"Take Damage","damage_taken":20,"relics_obtained":["Golden Idol"],"max_hp_gain":0,"max_hp_loss":0,"event_name":"Golden Idol","floor":5,"gold_loss":0},{"cards_removed":["Bash"],"damage_healed":0,"gold_gain":0,"player_choice":"Card Removal","damage_taken":0,"max_hp_gain":0,"max_hp_loss":0,"event_name":"The Cleric","floor":14,"gold_loss":50},{"damage_healed":0,"gold_gain":0,"player_choice":"Opened","damage_taken":0,"relics_obtained":["The Courier"],"max_hp_gain":0,"max_hp_loss":0,"event_name":"The Mausoleum","floor":19,"gold_loss":0,"cards_obtained":["Writhe"]},{"damage_healed":0,"gold_gain":0,"player_choice":"Gave Idol","damage_taken":0,"relics_obtained":["Bloody Idol"],"max_hp_gain":0,"max_hp_loss":0,"event_name":"Forgotten Altar","floor":31,"relics_lost":["Golden Idol"],"gold_loss":0}],"is_beta":true,"boss_relics":[{"not_picked":["Black Blood","Calling Bell"],"picked":"Coffee Dripper"}],"items_purged_floors":[3,10],"is_endless":false,"potions_floor_spawned":[1,6,11,13,16,22,29],"killed_by":"Champ","ascension_level":13}