{"gold_per_floor":[113,113,35,110,80,80,97,97,97,97,108,125,125,159,159,237,237,250,250,262,262,280,314,314,348,394,69,69,101,121,121,121,195,195,215,215,215,225,225,225,250,250,250,111,130,160,210,237,237,237,237,237,237,51,79,79],"floor_reached":56,"playtime":5531,"items_purged":["Writhe","Shame"],"score":2074,"play_id":"9dab1514-9800-4cee-965c-32bbcdebd953","local_time":"20190417195031","is_ascension_mode":true,"campfire_choices":[{"data":"Neutralize","floor":6,"key":"SMITH"},{"data":"Quick Slash","floor":8,"key":"SMITH"},{"data":"Well Laid Plans","floor":10,"key":"SMITH"},{"data":"Dagger Throw","floor":13,"key":"SMITH"},{"data":"Deadly Poison","floor":15,"key":"SMITH"},{"floor":24,"key":"REST"},{"data":"Footwork","floor":28,"key":"SMITH"},{"data":"Cloak And Dagger","floor":32,"key":"SMITH"},{"data":"Corpse Explosion","floor":40,"key":"SMITH"},{"floor":42,"key":"REST"},{"floor":49,"key":"RECALL"},{"floor":53,"key":"REST"}],"neow_cost":"PERCENT_DAMAGE","seed_source_timestamp":573099180256790,"circlet_count":0,"master_deck":["AscendersBane","Defend_G+1","Defend_G+1","Defend_G+1","Defend_G+1","Defend_G+1","Strike_G+1","Survivor","Neutralize+1","Footwork+1","Well Laid Plans+1","Quick Slash+1","Dagger Throw+1","Blur+1","Deadly Poison+1","Corpse Explosion+1","Dodge and Roll","Cloak And Dagger+1","PiercingWail+1","Backflip","Corpse Explosion+1","Outmaneuver+1","Envenom","Leg Sweep","Dodge and Roll","Crippling Poison","Blur","Poisoned Stab+1","Bouncing Flask"],"special_seed":0,"relics":["Ring of the Snake","Incense Burner","Pantograph","Art of War","Cursed Key","StoneCalendar","Ancient Tea Set","War Paint","PreservedInsect","Strawberry","Empty Cage","Anchor","Bag of Preparation","Molten Egg 2","Bottled Lightning"],"potions_floor_usage":[18,23,25,41,56,56],"damage_taken":[{"damage":1.0,"enemies":"Small Slimes","floor":1.0,"turns":5.0},{"damage":1,"enemies":"Cultist","floor":7,"turns":4},{"damage":0,"enemies":"2 Louse","floor":11,"turns":2},{"damage":1,"enemies":"Looter","floor":12,"turns":3},{"damage":14,"enemies":"Lagavulin","floor":14,"turns":9},{"damage":0,"enemies":"The Guardian","floor":16,"turns":9},{"damage":17,"enemies":"3 Byrds","floor":18,"turns":3},{"damage":5,"enemies":"Shell Parasite","floor":20,"turns":5},{"damage":0,"enemies":"Cultist and Chosen","floor":22,"turns":5},{"damage":6,"enemies":"Book of Stabbing","floor":23,"turns":7},{"damage":9,"enemies":"Slavers","floor":25,"turns":4},{"damage":2,"enemies":"Gremlin Leader","floor":29,"turns":7},{"damage":0,"enemies":"Centurion and Healer","floor":30,"turns":4},{"damage":43,"enemies":"Automaton","floor":33,"turns":13},{"damage":0,"enemies":"3 Shapes","floor":35,"turns":5},{"damage":0,"enemies":"Orb Walker","floor":38,"turns":6},{"damage":9,"enemies":"Giant Head","floor":41,"turns":9},{"damage":0,"enemies":"Maw","floor":45,"turns":7},{"damage":19,"enemies":"Reptomancer","floor":46,"turns":7},{"damage":4,"enemies":"Giant Head","floor":48,"turns":9},{"damage":29,"enemies":"Donu and Deca","floor":50,"turns":8},{"damage":61,"enemies":"Awakened One","floor":51,"turns":25},{"damage":47,"enemies":"Shield and Spear","floor":55,"turns":7},{"damage":51,"enemies":"The Heart","floor":56,"turns":12}],"seed_played":"-683424708156195324","potions_obtained":[{"floor":1.0,"key":"Weak Potion"},{"floor":5,"key":"SkillPotion"},{"floor":18,"key":"SpeedPotion"},{"floor":23,"key":"SkillPotion"},{"floor":46,"key":"Strength Potion"}],"is_trial":false,"path_per_floor":["M","?","$","?","?","R","M","R","T","R","M","M","R","E","R","B",null,"M","?","M","?","M","E","R","E","T","$","R","E","M","?","R","B",null,"M","?","?","M","$","R","E","R","T","$","M","E","?","E","R","B","B",null,"R","$","E","B"],"character_chosen":"THE_SILENT","items_purchased":["Well Laid Plans","PreservedInsect","GhostInAJar","Leg Sweep","Blur","Dexterity Potion","Poisoned Stab+1"],"campfire_rested":3,"item_purchase_floors":[3,27,27,44,54,54,54],"current_hp_per_floor":[43,43,43,32,32,32,31,31,31,31,31,30,30,16,16,41,60,43,43,38,38,38,32,51,42,42,42,42,47,47,47,47,29,62,62,62,62,62,62,62,53,73,73,73,73,54,54,50,50,44,8,57,73,73,26,0],"gold":79,"neow_bonus":"ONE_RARE_RELIC","is_prod":false,"is_daily":false,"chose_seed":false,"campfire_upgraded":8,"win_rate":0,"timestamp":1555552231,"path_taken":["M","?","?","?","?","R","M","R","T","R","?","M","R","E","R","BOSS","M","?","M","?","M","E","R","E","T","?","R","E","?","?","R","BOSS","M","?","?","M","?","R","E","R","T","$","M","E","?","E","R","BOSS","BOSS","R","$","E","BOSS"],"build_version":"2019-04-04","purchased_purges":2,"victory":false,"max_hp_per_floor":[66,66,66,66,66,66,66,66,66,66,66,66,66,66,66,66,66,66,66,66,66,66,66,66,66,66,66,66,73,73,73,73,73,73,73,73,73,73,73,73,73,73,73,73,73,73,73,73,73,73,73,73,73,73,73,73],"card_choices":[{"not_picked":["Prepared","Slice"],"picked":"Footwork","floor":1.0},{"not_picked":["Sucker Punch","Catalyst"],"picked":"Quick Slash","floor":7},{"not_picked":["Tactician","PiercingWail"],"picked":"Dagger Throw","floor":11},{"not_picked":["Catalyst","Accuracy"],"picked":"Blur","floor":12},{"not_picked":["Doppelganger","Setup"],"picked":"Deadly Poison","floor":14},{"not_picked":["Tools of the Trade","Wraith Form v2"],"picked":"Corpse Explosion","floor":16},{"not_picked":["Underhanded Strike+1","Blade Dance"],"picked":"Dodge and Roll","floor":18},{"not_picked":["Bane","Tactician"],"picked":"Cloak And Dagger","floor":20},{"not_picked":["Accuracy","Acrobatics","Eviscerate"],"picked":"SKIP","floor":22},{"not_picked":["Acrobatics","Dash+1"],"picked":"PiercingWail+1","floor":23},{"not_picked":["Prepared","Predator+1","Poisoned Stab"],"picked":"SKIP","floor":25},{"not_picked":["Underhanded Strike","Storm of Steel"],"picked":"Backflip","floor":29},{"not_picked":["Eviscerate","Bane","Deflect"],"picked":"SKIP","floor":30},{"not_picked":["Phantasmal Killer","Storm of Steel"],"picked":"Corpse Explosion","floor":33},{"not_picked":["Poisoned Stab","Outmaneuver","Dodge and Roll"],"picked":"SKIP","floor":35},{"not_picked":["Flying Knee+1","Concentrate"],"picked":"Outmaneuver+1","floor":38},{"not_picked":["Underhanded Strike","Bane+1"],"picked":"Envenom","floor":41},{"not_picked":["Finisher","Dodge and Roll","Flying Knee"],"picked":"SKIP","floor":45},{"not_picked":["Setup","Flying Knee"],"picked":"Dodge and Roll","floor":46},{"not_picked":["Reflex","Masterful Stab+1"],"picked":"Crippling Poison","floor":48},{"not_picked":["Underhanded Strike+1","Quick Slash+1"],"picked":"Bouncing Flask","floor":55}],"player_experience":2912462,"relics_obtained":[{"floor":9,"key":"Pantograph"},{"floor":14,"key":"Art of War"},{"floor":23,"key":"StoneCalendar"},{"floor":25,"key":"Ancient Tea Set"},{"floor":26,"key":"War Paint"},{"floor":29,"key":"Strawberry"},{"floor":41,"key":"Anchor"},{"floor":46,"key":"Bag of Preparation"},{"floor":48,"key":"Molten Egg 2"},{"floor":55,"key":"Bottled Lightning"}],"event_choices":[{"cards_removed":["Strike_G"],"damage_healed":0.0,"max_hp_gain":0.0,"max_hp_loss":0.0,"gold_gain":0.0,"event_name":"Purifier","player_choice":"Purged","floor":2.0,"gold_loss":0.0,"damage_taken":0.0},{"damage_healed":0,"gold_gain":75,"player_choice":"Gather Gold","damage_taken":11,"max_hp_gain":0,"max_hp_loss":0,"event_name":"World of Goop","floor":4,"gold_loss":0},{"damage_healed":0,"gold_gain":0,"player_choice":"Bought 2 Potions","damage_taken":0,"max_hp_gain":0,"max_hp_loss":0,"event_name":"The Woman in Blue","floor":5,"gold_loss":0},{"damage_healed":0,"gold_gain":0,"player_choice":"Ignored","damage_taken":0,"max_hp_gain":0,"max_hp_loss":0,"event_name":"Ghosts","floor":19,"gold_loss":0},{"damage_healed":0,"gold_gain":0,"player_choice":"Simplicity","damage_taken":0,"max_hp_gain":0,"max_hp_loss":0,"event_name":"Back to Basics","floor":21,"gold_loss":0,"cards_upgraded":["Defend_G","Defend_G","Defend_G","Defend_G","Defend_G","Strike_G","Strike_G","Strike_G","Strike_G"]},{"damage_healed":0,"gold_gain":0,"player_choice":"Ignored","damage_taken":0,"max_hp_gain":0,"max_hp_loss":0,"event_name":"The Mausoleum","floor":31,"gold_loss":0},{"cards_removed":["Strike_G"],"damage_healed":0,"gold_gain":0,"player_choice":"Removed Attack","damage_taken":0,"max_hp_gain":0,"max_hp_loss":0,"event_name":"Falling","floor":36,"gold_loss":0},{"damage_healed":0,"gold_gain":0,"player_choice":"Ignored","damage_taken":0,"max_hp_gain":0,"max_hp_loss":0,"event_name":"Tomb of Lord Red Mask","floor":37,"gold_loss":0},{"damage_healed":0,"gold_gain":50,"player_choice":"Pray","damage_taken":0,"max_hp_gain":0,"max_hp_loss":0,"event_name":"Golden Shrine","floor":47,"gold_loss":0}],"is_beta":true,"boss_relics":[{"not_picked":["HoveringKite","Lizard Tail"],"picked":"Cursed Key"},{"not_picked":["Tiny House","Runic Dome"],"picked":"Empty Cage"}],"items_purged_floors":[27,44],"is_endless":false,"potions_floor_spawned":[1,16,18,23,30,38,46],"killed_by":"The Heart","ascension_level":20}