{"gold_per_floor":[114,20,20,20,35,68,93,93,93,107,138,138],"floor_reached":12,"playtime":393,"items_purged":[],"score":145,"play_id":"ac78241b-2ba6-466d-bdad-fb512bb5c2ae","local_time":"20181204223618","is_ascension_mode":true,"campfire_choices":[{"data":"Armaments","floor":8,"key":"SMITH"}],"neow_cost":"NONE","seed_source_timestamp":0,"circlet_count":0,"master_deck":["AscendersBane","Strike_R","Strike_R","Strike_R","Strike_R","Strike_R","Defend_R","Defend_R","Defend_R","Defend_R","Bash","Cleave","Armaments+1","Uppercut","Flex","Pommel Strike","Offering"],"special_seed":0,"relics":["Burning Blood","Golden Idol","Champion Belt","Blood Vial"],"potions_floor_usage":[6,6],"damage_taken":[{"damage":1,"enemies":"Cultist","floor":1,"turns":3},{"damage":7,"enemies":"Jaw Worm","floor":5,"turns":3},{"damage":30,"enemies":"3 Sentries","floor":6,"turns":8},{"damage":4,"enemies":"2 Louse","floor":7,"turns":3},{"damage":5,"enemies":"2 Fungi Beasts","floor":10,"turns":3},{"damage":52,"enemies":"Lagavulin","floor":11,"turns":8}],"seed_played":"2500107352452555053","potions_obtained":[{"floor":1,"key":"Regen Potion"},{"floor":5,"key":"BloodPotion"}],"is_trial":false,"path_per_floor":["M","$","?","$","M","E","M","R","T","M","E","?"],"character_chosen":"IRONCLAD","items_purchased":["Cleave","Armaments"],"campfire_rested":0,"item_purchase_floors":[2,2],"current_hp_per_floor":[77,77,57,57,56,55,57,57,57,58,12,0],"gold":138,"neow_bonus":"THREE_CARDS","is_prod":false,"is_daily":false,"chose_seed":false,"campfire_upgraded":1,"win_rate":0,"timestamp":1543991778,"path_taken":["M","?","?","?","M","E","?","R","T","M","E","?"],"build_version":"2018-12-4","purchased_purges":0,"victory":false,"max_hp_per_floor":[80,80,80,80,80,80,80,80,80,80,80,80],"card_choices":[{"not_picked":["Sever Soul","Second Wind"],"picked":"Thunderclap","floor":0.0},{"not_picked":["Sentinel","Power Through","Rupture"],"picked":"SKIP","floor":1},{"not_picked":["Perfected Strike","Reckless Charge"],"picked":"Uppercut","floor":5},{"not_picked":["Twin Strike","Anger"],"picked":"Flex","floor":6},{"not_picked":["Dual Wield","Havoc"],"picked":"Pommel Strike","floor":7},{"not_picked":["Headbutt","True Grit","Sever Soul"],"picked":"SKIP","floor":10},{"not_picked":["Wild Strike","Whirlwind"],"picked":"Offering","floor":11}],"player_experience":441418,"relics_obtained":[{"floor":6,"key":"Champion Belt"},{"floor":11,"key":"Blood Vial"}],"event_choices":[{"damage_healed":0,"gold_gain":0,"player_choice":"Take Damage","damage_taken":20,"relics_obtained":["Golden Idol"],"max_hp_gain":0,"max_hp_loss":0,"event_name":"Golden Idol","floor":3,"gold_loss":0}],"is_beta":true,"boss_relics":[],"items_purged_floors":[],"is_endless":false,"potions_floor_spawned":[1,5],"ascension_level":13}