{"gold_per_floor":[117,117,117,117,10,10,46,60,60,60,60,85,119,142,142,240,240,255,170,188,188,204,204,217,217,268,304,58,94,114,127,127,217,217,237,251,266,166,181,181,161,161,234,254,254,292,317,192,192,192,192],"floor_reached":51,"playtime":1728,"items_purged":["Heavy Blade","Strike_R","Strike_R"],"score":1479,"play_id":"f7955a20-5ae1-46f3-9c56-97949dcfb9ab","local_time":"20190418005939","is_ascension_mode":true,"campfire_choices":[{"data":"Sword Boomerang","floor":6,"key":"SMITH"},{"floor":11,"key":"REST"},{"data":"Twin Strike","floor":15,"key":"SMITH"},{"data":"Heavy Blade","floor":23,"key":"SMITH"},{"data":"Sword Boomerang","floor":25,"key":"SMITH"},{"floor":32,"key":"REST"},{"data":"Double Tap","floor":40,"key":"SMITH"},{"data":"Pummel","floor":42,"key":"SMITH"},{"floor":45,"key":"REST"},{"floor":49,"key":"RECALL"}],"neow_cost":"NONE","seed_source_timestamp":645583948042000,"circlet_count":0,"master_deck":["AscendersBane","Defend_R","Defend_R","Bash+1","Heavy Blade+1","Sword Boomerang+1","Shrug It Off","Twin Strike+1","Impervious","Flex+1","Clothesline+1","Fiend Fire+1","Sword Boomerang+1","Pummel+1","Double Tap+1","Immolate","Shrug It Off"],"relics":["Burning Blood","NeowsBlessing","Golden Idol","Pocketwatch","Singing Bowl","Dodecahedron","Astrolabe","Omamori","Red Skull","Bag of Preparation","Vajra","Calipers","Cursed Key","Magic Flower"],"potions_floor_usage":[13,24,27,27,33,33,39,50,51],"damage_taken":[{"damage":0,"enemies":"Jaw Worm","floor":1,"turns":1},{"damage":0,"enemies":"3 Sentries","floor":7,"turns":1},{"damage":0,"enemies":"2 Louse","floor":8,"turns":1},{"damage":0,"enemies":"Small Slimes","floor":12,"turns":3},{"damage":10,"enemies":"Lagavulin","floor":13,"turns":4},{"damage":0,"enemies":"Blue Slaver","floor":14,"turns":5},{"damage":54,"enemies":"The Guardian","floor":16,"turns":10},{"damage":0,"enemies":"Spheric Guardian","floor":18,"turns":3},{"damage":21,"enemies":"Shell Parasite","floor":20,"turns":2},{"damage":0,"enemies":"Centurion and Healer","floor":22,"turns":3},{"damage":27,"enemies":"Shelled Parasite and Fungi","floor":24,"turns":3},{"damage":35,"enemies":"Book of Stabbing","floor":27,"turns":4},{"damage":20,"enemies":"Slavers","floor":29,"turns":3},{"damage":0,"enemies":"Snake Plant","floor":30,"turns":1},{"damage":0,"enemies":"Chosen and Byrds","floor":31,"turns":3},{"damage":45,"enemies":"Champ","floor":33,"turns":7},{"damage":37,"enemies":"3 Shapes","floor":35,"turns":7},{"damage":3,"enemies":"Orb Walker","floor":36,"turns":2},{"damage":0,"enemies":"Spire Growth","floor":37,"turns":2},{"damage":5,"enemies":"3 Darklings","floor":39,"turns":2},{"damage":0,"enemies":"Sphere and 2 Shapes","floor":44,"turns":2},{"damage":0,"enemies":"Giant Head","floor":46,"turns":5},{"damage":0,"enemies":"4 Shapes","floor":47,"turns":5},{"damage":92,"enemies":"Time Eater","floor":50,"turns":8},{"damage":24,"enemies":"Awakened One","floor":51,"turns":2}],"seed_played":"-6125686064767576963","potions_obtained":[{"floor":1,"key":"BloodPotion"},{"floor":12,"key":"AttackPotion"},{"floor":16,"key":"BloodPotion"},{"floor":24,"key":"Regen Potion"},{"floor":27,"key":"Dexterity Potion"},{"floor":29,"key":"SteroidPotion"},{"floor":33,"key":"Dexterity Potion"},{"floor":37,"key":"Energy Potion"},{"floor":39,"key":"PowerPotion"}],"is_trial":false,"path_per_floor":["M","?","?","?","$","R","E","M","T","?","R","M","E","M","R","B",null,"M","?","M","?","M","R","M","R","T","E","$","E","M","M","R","B",null,"M","M","M","$","M","R","?","R","T","M","R","E","M","$","R","B","B"],"character_chosen":"IRONCLAD","items_purchased":["Sword Boomerang","Shrug It Off","Vajra"],"campfire_rested":3,"item_purchase_floors":[5,5,28],"current_hp_per_floor":[74,48,41,41,41,41,47,53,53,53,75,77,73,79,79,31,67,73,73,58,58,66,66,55,55,55,48,48,34,40,48,74,35,74,45,50,58,58,61,61,61,61,61,69,97,97,99,99,99,16,0],"gold":192,"neow_bonus":"THREE_ENEMY_KILL","is_prod":false,"is_daily":false,"chose_seed":false,"campfire_upgraded":6,"win_rate":0,"timestamp":1555541979,"path_taken":["M","?","?","?","?","R","E","M","T","?","R","M","E","M","R","BOSS","M","?","M","?","M","R","M","R","T","E","$","E","M","M","R","BOSS","M","M","M","$","M","R","?","R","T","?","R","E","M","$","R","BOSS","BOSS"],"build_version":"2019-04-04","purchased_purges":3,"victory":false,"max_hp_per_floor":[75,75,75,75,75,75,75,75,75,75,75,77,77,79,79,79,79,79,79,79,79,81,81,83,83,83,85,85,85,85,87,87,87,87,89,91,93,93,95,95,95,95,95,97,97,97,99,99,99,99,99],"card_choices":[{"not_picked":["Battle Trance","Pommel Strike"],"picked":"Heavy Blade","floor":1},{"not_picked":["Blood for Blood","Disarm","Uppercut"],"picked":"SKIP","floor":7},{"not_picked":["Anger","Wild Strike","Clash"],"picked":"SKIP","floor":8},{"not_picked":["Shockwave","Carnage","Warcry"],"picked":"Singing Bowl","floor":12},{"not_picked":["Heavy Blade","Clash"],"picked":"Twin Strike","floor":13},{"not_picked":["Armaments","Rage","Cleave"],"picked":"Singing Bowl","floor":14},{"not_picked":["Brutality","Offering"],"picked":"Impervious","floor":16},{"not_picked":["Burning Pact","Twin Strike"],"picked":"Heavy Blade","floor":18},{"not_picked":["Sentinel+1","Wild Strike"],"picked":"Sword Boomerang","floor":20},{"not_picked":["Armaments","Reckless Charge","Flex"],"picked":"Singing Bowl","floor":22},{"not_picked":["Pommel Strike+1","Flex+1","Infernal Blade"],"picked":"Singing Bowl","floor":24},{"not_picked":["Bloodletting","Combust","Thunderclap"],"picked":"Singing Bowl","floor":27},{"not_picked":["Disarm","Shockwave"],"picked":"Pummel","floor":29},{"not_picked":["Rupture","Warcry"],"picked":"Double Tap","floor":30},{"not_picked":["Uppercut","Clothesline","Pommel Strike"],"picked":"Singing Bowl","floor":31},{"not_picked":["Dark Embrace","Bludgeon"],"picked":"Immolate","floor":33},{"not_picked":["Rage","Seeing Red","Flex+1"],"picked":"Singing Bowl","floor":35},{"not_picked":["Dropkick+1","Fire Breathing","Headbutt"],"picked":"Singing Bowl","floor":36},{"not_picked":["Rampage+1","Iron Wave","Flex"],"picked":"Singing Bowl","floor":37},{"not_picked":["Body Slam+1","Anger+1","Wild Strike+1"],"picked":"Singing Bowl","floor":39},{"not_picked":["Warcry","Entrench","Body Slam"],"picked":"Singing Bowl","floor":44},{"not_picked":["Thunderclap+1","Warcry"],"picked":"Shrug It Off","floor":46},{"not_picked":["Clothesline","Dual Wield+1","Reckless Charge"],"picked":"Singing Bowl","floor":47}],"player_experience":1398388,"relics_obtained":[{"floor":7,"key":"Pocketwatch"},{"floor":9,"key":"Singing Bowl"},{"floor":13,"key":"Dodecahedron"},{"floor":26,"key":"Red Skull"},{"floor":27,"key":"Bag of Preparation"},{"floor":29,"key":"Calipers"},{"floor":46,"key":"Magic Flower"}],"event_choices":[{"damage_healed":0,"gold_gain":0,"player_choice":"Take Damage","damage_taken":26,"relics_obtained":["Golden Idol"],"max_hp_gain":0,"max_hp_loss":0,"event_name":"Golden Idol","floor":2,"gold_loss":0},{"cards_removed":["Strike_R"],"damage_healed":0,"gold_gain":0,"player_choice":"Card Removal","damage_taken":7,"max_hp_gain":0,"max_hp_loss":0,"event_name":"Golden Wing","floor":3,"gold_loss":0},{"damage_healed":0,"gold_gain":0,"player_choice":"Grow","damage_taken":0,"max_hp_gain":0,"max_hp_loss":0,"event_name":"Living Wall","floor":4,"gold_loss":0,"cards_upgraded":["Bash"]},{"cards_removed":["Defend_R"],"damage_healed":0,"gold_gain":0,"player_choice":"Card Removal","damage_taken":0,"max_hp_gain":0,"max_hp_loss":0,"event_name":"Wheel of Change","floor":10,"gold_loss":0},{"damage_healed":0,"gold_gain":0,"player_choice":"Obtained Relic","damage_taken":0,"relics_obtained":["Omamori"],"max_hp_gain":0,"max_hp_loss":0,"event_name":"Addict","floor":19,"gold_loss":85},{"damage_healed":0,"gold_gain":0,"player_choice":"Ignored","damage_taken":0,"max_hp_gain":0,"max_hp_loss":0,"event_name":"Vampires","floor":21,"gold_loss":0},{"damage_healed":0,"gold_gain":0,"player_choice":"Bought 1 Potion","damage_taken":0,"max_hp_gain":0,"max_hp_loss":0,"event_name":"The Woman in Blue","floor":41,"gold_loss":0}],"is_beta":true,"boss_relics":[{"not_picked":["Runic Pyramid","Black Blood"],"picked":"Astrolabe"},{"not_picked":["Velvet Choker","Tiny House"],"picked":"Cursed Key"}],"items_purged_floors":[28,38,48],"is_endless":false,"potions_floor_spawned":[1,12,16,24,27,29,33,37,39,46,47],"killed_by":"Awakened One","ascension_level":20}