{"gold_per_floor":[114,125,125,50,50,50,78,95,95,95,170,170,170,197,197,271,271,251,251],"floor_reached":19,"playtime":402,"items_purged":["Regret"],"score":396,"play_id":"721d8ddd-be64-4b04-b91c-3b1d1328524d","local_time":"20190429211356","is_ascension_mode":true,"campfire_choices":[{"data":"Bash","floor":6,"key":"SMITH"},{"data":"Strike_R","floor":10,"key":"SMITH"},{"data":"Shrug It Off","floor":12,"key":"SMITH"},{"data":"Shrug It Off","floor":15,"key":"SMITH"}],"neow_cost":"NONE","seed_source_timestamp":1670248929782400,"circlet_count":0,"master_deck":["AscendersBane","Strike_R","Strike_R+1","Strike_R","Strike_R","Strike_R+1","Defend_R","Defend_R","Defend_R","Defend_R+1","Bash+1","Shrug It Off+1","Shrug It Off+1","Double Tap","Writhe","Normality","Pain"],"relics":["Burning Blood","NeowsBlessing","Pen Nib","Strawberry","Pear","PreservedInsect","Vajra","Calling Bell","Boot","Frozen Egg 2","Thread and Needle"],"potions_floor_usage":[14,16],"damage_taken":[{"damage":0,"enemies":"Cultist","floor":1,"turns":1},{"damage":0,"enemies":"Jaw Worm","floor":2,"turns":1},{"damage":0,"enemies":"Lagavulin","floor":7,"turns":1},{"damage":0,"enemies":"Small Slimes","floor":8,"turns":4},{"damage":15,"enemies":"3 Sentries","floor":14,"turns":5},{"damage":28,"enemies":"The Guardian","floor":16,"turns":14},{"damage":20,"enemies":"2 Thieves","floor":18,"turns":4},{"damage":0,"enemies":"3 Byrds","floor":19,"turns":1}],"seed_played":"2816707859479330285","potions_obtained":[{"floor":2,"key":"Explosive Potion"},{"floor":8,"key":"Energy Potion"}],"is_trial":false,"path_per_floor":["M","M","?","$","?","R","E","M","T","R","?","R","?","E","R","B",null,"M","M"],"character_chosen":"IRONCLAD","items_purchased":[],"campfire_rested":0,"item_purchase_floors":[],"current_hp_per_floor":[74,75,75,75,52,52,65,71,81,81,70,70,44,35,35,13,72,58,58],"gold":251,"neow_bonus":"THREE_ENEMY_KILL","is_prod":false,"is_daily":false,"chose_seed":false,"campfire_upgraded":4,"win_rate":0,"timestamp":1556565236,"path_taken":["M","?","?","?","?","R","E","M","T","R","?","R","?","E","R","BOSS","M","M"],"build_version":"2019-04-23","purchased_purges":1,"victory":false,"max_hp_per_floor":[75,75,75,75,75,75,82,82,92,92,92,92,92,92,92,92,92,92,92],"card_choices":[{"not_picked":["Body Slam","Spot Weakness","Headbutt"],"picked":"SKIP","floor":1},{"not_picked":["Anger","Cleave","Bloodletting"],"picked":"SKIP","floor":2},{"not_picked":["Cleave","Havoc"],"picked":"Shrug It Off","floor":7},{"not_picked":["Wild Strike","Iron Wave","True Grit"],"picked":"SKIP","floor":8},{"not_picked":["Havoc","Feel No Pain"],"picked":"Shrug It Off","floor":14},{"not_picked":["Impervious","Bludgeon"],"picked":"Double Tap","floor":16},{"not_picked":["Pommel Strike+1","Warcry","Barricade+1"],"picked":"SKIP","floor":18}],"player_experience":1424007,"relics_obtained":[{"floor":7,"key":"Strawberry"},{"floor":9,"key":"Pear"},{"floor":14,"key":"Vajra"},{"floor":17,"key":"Boot"},{"floor":17,"key":"Frozen Egg 2"},{"floor":17,"key":"Thread and Needle"}],"event_choices":[{"damage_healed":0,"gold_gain":0,"player_choice":"Box","damage_taken":0,"relics_obtained":["Pen Nib"],"max_hp_gain":0,"max_hp_loss":0,"event_name":"Big Fish","floor":3,"gold_loss":0,"cards_obtained":["Regret"]},{"damage_healed":0,"gold_gain":0,"player_choice":"Entered Light","damage_taken":23,"max_hp_gain":0,"max_hp_loss":0,"event_name":"Shining Light","floor":5,"gold_loss":0,"cards_upgraded":["Defend_R","Strike_R"]},{"damage_healed":0,"gold_gain":75,"player_choice":"Gather Gold","damage_taken":11,"max_hp_gain":0,"max_hp_loss":0,"event_name":"World of Goop","floor":11,"gold_loss":0},{"damage_healed":0,"gold_gain":0,"player_choice":"Success","damage_taken":26,"relics_obtained":["PreservedInsect"],"max_hp_gain":0,"max_hp_loss":0,"event_name":"Scrap Ooze","floor":13,"gold_loss":0}],"is_beta":true,"boss_relics":[{"not_picked":["Empty Cage","Runic Pyramid"],"picked":"Calling Bell"}],"items_purged_floors":[4],"is_endless":false,"potions_floor_spawned":[2,8],"killed_by":"3 Byrds","ascension_level":20}