{"gold_per_floor":[114,124,124,139,150,150,150,150,176,176,176,207,220,239,239,239],"floor_reached":16,"playtime":496,"items_purged":[],"score":204,"play_id":"e189b964-cb3d-45ed-b834-06533fdfdd07","local_time":"20190120185634","is_ascension_mode":true,"campfire_choices":[{"floor":6,"key":"DIG"},{"floor":8,"key":"DIG"},{"floor":10,"key":"REST"},{"floor":15,"key":"REST"}],"neow_cost":"PERCENT_DAMAGE","seed_source_timestamp":109180396036600,"circlet_count":0,"master_deck":["AscendersBane","Defend_G","Defend_G","Defend_G","Defend_G","Strike_G","Strike_G","Strike_G","Strike_G","Strike_G","Survivor","Neutralize+1","Deadly Poison","Backflip","Leg Sweep","Dagger Spray","Flying Knee","Dodge and Roll"],"relics":["Ring of the Snake","Shovel","Blood Vial","Juzu Bracelet","Potion Belt","Nunchaku"],"potions_floor_usage":[12,14,16],"damage_taken":[{"damage":1,"enemies":"Cultist","floor":1,"turns":4},{"damage":2,"enemies":"Jaw Worm","floor":2,"turns":5},{"damage":0,"enemies":"2 Louse","floor":4,"turns":3},{"damage":25,"enemies":"Exordium Thugs","floor":5,"turns":10},{"damage":22,"enemies":"Lagavulin","floor":12,"turns":7},{"damage":1,"enemies":"2 Fungi Beasts","floor":13,"turns":3},{"damage":10,"enemies":"Large Slime","floor":14,"turns":5},{"damage":29,"enemies":"The Guardian","floor":16,"turns":8}],"seed_played":"3273521780162289698","potions_obtained":[{"floor":4,"key":"GhostInAJar"},{"floor":5,"key":"Poison Potion"},{"floor":12,"key":"SpeedPotion"}],"is_trial":false,"path_per_floor":["M","M","?","M","M","R","?","R","T","R","$","E","M","M","R","B"],"character_chosen":"THE_SILENT","items_purchased":[],"campfire_rested":2,"item_purchase_floors":[],"current_hp_per_floor":[43,41,41,41,16,16,16,16,16,35,35,15,16,8,27,0],"gold":239,"neow_bonus":"ONE_RARE_RELIC","is_prod":false,"is_daily":false,"chose_seed":false,"campfire_upgraded":0,"win_rate":0,"timestamp":1548006994,"path_taken":["M","?","?","M","?","R","?","R","T","R","$","E","M","M","R","BOSS"],"build_version":"2019-01-19","purchased_purges":0,"victory":false,"max_hp_per_floor":[66,66,66,66,66,66,66,66,66,66,66,66,66,66,66,66],"card_choices":[{"not_picked":["Outmaneuver","Calculated Gamble"],"picked":"Deadly Poison","floor":1},{"not_picked":["Backstab","Cloak And Dagger"],"picked":"Backflip","floor":2},{"not_picked":["Underhanded Strike","Backflip"],"picked":"Leg Sweep","floor":4},{"not_picked":["Wraith Form v2","Tactician","Blade Dance"],"picked":"SKIP","floor":5},{"not_picked":["Reflex","Concentrate"],"picked":"Dagger Spray","floor":12},{"not_picked":["Cloak And Dagger","Acrobatics"],"picked":"Flying Knee","floor":13},{"not_picked":["Noxious Fumes","Cloak And Dagger"],"picked":"Dodge and Roll","floor":14}],"player_experience":1058193,"relics_obtained":[{"floor":6,"key":"Blood Vial"},{"floor":8,"key":"Juzu Bracelet"},{"floor":9,"key":"Potion Belt"},{"floor":12,"key":"Nunchaku"}],"event_choices":[{"cards_removed":["Defend_G"],"damage_healed":0,"gold_gain":0,"player_choice":"Purged","damage_taken":0,"max_hp_gain":0,"max_hp_loss":0,"event_name":"Purifier","floor":3,"gold_loss":0},{"damage_healed":0,"gold_gain":0,"player_choice":"Grow","damage_taken":0,"max_hp_gain":0,"max_hp_loss":0,"event_name":"Living Wall","floor":7,"gold_loss":0,"cards_upgraded":["Neutralize"]}],"is_beta":true,"boss_relics":[],"items_purged_floors":[],"is_endless":false,"potions_floor_spawned":[4,5,12],"killed_by":"The Guardian","ascension_level":20}