{"gold_per_floor":[110,120,120,45,45,79,104,104,130,130,151,189,283,309,321,422,434,469,481,493,480,508,520,556,568],"floor_reached":25,"playtime":849,"items_purged":["Injury"],"score":562,"play_id":"c61e8594-6a10-42b8-a7fc-784292a657c4","local_time":"20181019182033","is_ascension_mode":true,"campfire_choices":[{"data":"Uppercut","floor":8.0,"key":"SMITH"},{"floor":15.0,"key":"REST"},{"floor":23,"key":"REST"}],"neow_cost":"NONE","seed_source_timestamp":0,"circlet_count":0,"master_deck":["Strike_R","Strike_R","Strike_R","Strike_R","Strike_R","Defend_R","Defend_R","Bash","AscendersBane","Uppercut+1","Battle Trance","Shrug It Off","Shrug It Off","Shockwave","Fiend Fire","Feed","Spot Weakness","Armaments+1","Flame Barrier","Sword Boomerang"],"special_seed":0,"relics":["Burning Blood","NeowsBlessing","Golden Idol","Anchor","Oddly Smooth Stone","Lantern","MawBank","Tiny Chest","Empty Cage"],"potions_floor_usage":[16,20,22,25],"damage_taken":[{"damage":0.0,"enemies":"Jaw Worm","floor":1.0,"turns":1.0},{"damage":0.0,"enemies":"Small Slimes","floor":2.0,"turns":1.0},{"damage":0.0,"enemies":"3 Sentries","floor":6.0,"turns":2.0},{"damage":0.0,"enemies":"Cultist","floor":7.0,"turns":4.0},{"damage":0.0,"enemies":"Blue Slaver","floor":11.0,"turns":3.0},{"damage":6.0,"enemies":"Gremlin Nob","floor":12.0,"turns":3.0},{"damage":31.0,"enemies":"Exordium Thugs","floor":14.0,"turns":7.0},{"damage":0,"enemies":"Slime Boss","floor":16,"turns":5},{"damage":36,"enemies":"Spheric Guardian","floor":18,"turns":6},{"damage":21,"enemies":"Colosseum Slavers","floor":20,"turns":3},{"damage":11,"enemies":"2 Thieves","floor":21,"turns":4},{"damage":30,"enemies":"Centurion and Healer","floor":22,"turns":7},{"damage":9,"enemies":"Snecko","floor":24,"turns":6},{"damage":70,"enemies":"Chosen and Byrds","floor":25,"turns":8}],"seed_played":"-5683187896579623828","potions_obtained":[{"floor":2.0,"key":"Swift Potion"},{"floor":6.0,"key":"Energy Potion"},{"floor":11.0,"key":"PowerPotion"},{"floor":14.0,"key":"SpeedPotion"},{"floor":16,"key":"PowerPotion"},{"floor":21,"key":"Regen Potion"},{"floor":22,"key":"Poison Potion"}],"is_trial":false,"path_per_floor":["M","M","?","$","?","E","M","R","T","?","M","E","T","M","R","B",null,"M","$","?","M","M","R","M"],"character_chosen":"IRONCLAD","items_purchased":[],"campfire_rested":2,"item_purchase_floors":[],"current_hp_per_floor":[74,75,75,75,40,46,52,52,52,57,63,63,63,38,62,68,77,50,50,35,33,27,53,50,0],"gold":568,"neow_bonus":"THREE_ENEMY_KILL","is_prod":false,"is_daily":false,"chose_seed":false,"campfire_upgraded":1,"win_rate":0,"timestamp":1539966033,"path_taken":["M","M","?","$","?","E","M","R","T","?","M","E","?","M","R","BOSS","M","$","?","M","M","R","M","M"],"build_version":"2018-10-18","purchased_purges":1,"victory":false,"max_hp_per_floor":[75,75,75,75,75,75,75,75,75,80,80,80,80,80,80,80,80,83,83,83,86,89,89,89,92],"card_choices":[{"not_picked":["Perfected Strike","Corruption"],"picked":"Uppercut","floor":1.0},{"not_picked":["Thunderclap","Armaments"],"picked":"Battle Trance","floor":2.0},{"not_picked":["Rage","Blood for Blood"],"picked":"Shrug It Off","floor":6.0},{"not_picked":["Armaments","Hemokinesis"],"picked":"Shrug It Off","floor":7.0},{"not_picked":["Combust","Hemokinesis"],"picked":"Shockwave","floor":11.0},{"not_picked":["Body Slam","Combust","Flex"],"picked":"SKIP","floor":12.0},{"not_picked":["Wild Strike","Cleave"],"picked":"Fiend Fire","floor":14.0},{"not_picked":["Juggernaut","Reaper"],"picked":"Feed","floor":16},{"not_picked":["Pommel Strike","Headbutt"],"picked":"Spot Weakness","floor":18},{"not_picked":["Evolve","Shrug It Off"],"picked":"Armaments+1","floor":21},{"not_picked":["Heavy Blade","Sword Boomerang"],"picked":"Flame Barrier","floor":22},{"not_picked":["Warcry","Perfected Strike"],"picked":"Sword Boomerang","floor":24}],"player_experience":839481,"relics_obtained":[{"floor":6.0,"key":"Oddly Smooth Stone"},{"floor":9.0,"key":"Lantern"},{"floor":12.0,"key":"MawBank"},{"floor":13.0,"key":"Tiny Chest"}],"event_choices":[{"damage_healed":0.0,"max_hp_gain":0.0,"max_hp_loss":0.0,"gold_gain":0.0,"event_name":"Golden Idol","player_choice":"Take Wound","floor":3.0,"gold_loss":0.0,"damage_taken":0.0,"relics_obtained":["Golden Idol"],"cards_obtained":["Injury"]},{"damage_healed":0.0,"max_hp_gain":0.0,"max_hp_loss":0.0,"gold_gain":0.0,"event_name":"Scrap Ooze","player_choice":"Success","floor":5.0,"gold_loss":0.0,"damage_taken":35.0,"relics_obtained":["Anchor"]},{"damage_healed":0.0,"max_hp_gain":5.0,"max_hp_loss":0.0,"gold_gain":0.0,"event_name":"Big Fish","player_choice":"Donut","floor":10.0,"gold_loss":0.0,"damage_taken":0.0},{"damage_healed":0,"gold_gain":0,"player_choice":"Fight","damage_taken":0,"max_hp_gain":0,"max_hp_loss":0,"event_name":"Colosseum","floor":20,"gold_loss":0},{"damage_healed":0,"gold_gain":0,"player_choice":"Fled From Nobs","damage_taken":0,"max_hp_gain":0,"max_hp_loss":0,"event_name":"Colosseum","floor":20,"gold_loss":0}],"is_beta":true,"boss_relics":[{"not_picked":["Black Star","Tiny House"],"picked":"Empty Cage"}],"items_purged_floors":[4],"is_endless":false,"potions_floor_spawned":[2,6,11,14,16,21,22],"killed_by":"Chosen and Byrds","ascension_level":19}