{"gold_per_floor":[111,111,111,129,144,171,182,182,182,508,473,473,489,63,63,160,160,178,100,100,116,127,153,153,173,221,221,221,221,239,270,270,372,372,392,51,51,70,80,114,114,114,160,160,160,177,203,257,257,257],"floor_reached":51,"playtime":1435,"items_purged":["Strike_R"],"score":828,"play_id":"63a26be3-e896-46e6-8a87-b28367affcae","local_time":"20190227205628","is_ascension_mode":false,"campfire_choices":[{"data":"Uppercut","floor":8,"key":"SMITH"},{"data":"Heavy Blade","floor":15,"key":"SMITH"},{"floor":24,"key":"REST"},{"floor":27,"key":"REST"},{"data":"Limit Break","floor":29,"key":"SMITH"},{"data":"Bash","floor":32,"key":"SMITH"},{"data":"Double Tap","floor":41,"key":"SMITH"},{"data":"Immolate","floor":45,"key":"SMITH"},{"floor":49,"key":"REST"}],"neow_cost":"PERCENT_DAMAGE","seed_source_timestamp":679127550787800,"circlet_count":0,"master_deck":["Defend_R","Defend_R","Defend_R","Bash+1","Uppercut+1","Heavy Blade+1","Immolate+1","Limit Break+1","Dropkick","Bite","Bite","Bite+1","Bite","Bite+1","Double Tap+1","Shrug It Off+1"],"relics":["Burning Blood","Omamori","Frozen Egg 2","Old Coin","Brimstone","Vajra","Black Star","Kunai","Bronze Scales","Singing Bowl","Centennial Puzzle","Pear","Self Forming Clay","Philosopher\u0027s Stone","Whetstone","HandDrill","Orichalcum","Letter Opener","Red Skull","Dodecahedron","Regal Pillow","Torii"],"potions_floor_usage":[10,18,18,23,30,33,50,50],"damage_taken":[{"damage":5,"enemies":"2 Louse","floor":1,"turns":4},{"damage":6,"enemies":"Cultist","floor":4,"turns":3},{"damage":3,"enemies":"Small Slimes","floor":5,"turns":3},{"damage":53,"enemies":"3 Sentries","floor":6,"turns":9},{"damage":9,"enemies":"Looter","floor":7,"turns":4},{"damage":19,"enemies":"Gremlin Nob","floor":10,"turns":4},{"damage":13,"enemies":"Blue Slaver","floor":13,"turns":4},{"damage":33,"enemies":"Hexaghost","floor":16,"turns":5},{"damage":20,"enemies":"3 Byrds","floor":18,"turns":3},{"damage":24,"enemies":"2 Thieves","floor":21,"turns":3},{"damage":0,"enemies":"Snake Plant","floor":22,"turns":2},{"damage":31,"enemies":"Book of Stabbing","floor":23,"turns":4},{"damage":12,"enemies":"Cultist and Chosen","floor":25,"turns":3},{"damage":7,"enemies":"Snecko","floor":30,"turns":3},{"damage":21,"enemies":"Gremlin Leader","floor":31,"turns":3},{"damage":28,"enemies":"Collector","floor":33,"turns":5},{"damage":20,"enemies":"3 Shapes","floor":35,"turns":5},{"damage":7,"enemies":"3 Darklings","floor":38,"turns":2},{"damage":19,"enemies":"4 Shapes","floor":39,"turns":6},{"damage":27,"enemies":"Giant Head","floor":40,"turns":5},{"damage":20,"enemies":"Jaw Worm Horde","floor":46,"turns":3},{"damage":34,"enemies":"Reptomancer","floor":47,"turns":4},{"damage":42,"enemies":"2 Orb Walkers","floor":48,"turns":4},{"damage":54,"enemies":"Donu and Deca","floor":50,"turns":5}],"seed_played":"-3811749782787979506","potions_obtained":[{"floor":6,"key":"Fire Potion"},{"floor":7,"key":"PowerPotion"},{"floor":10,"key":"EssenceOfSteel"},{"floor":16,"key":"Strength Potion"},{"floor":18,"key":"SteroidPotion"},{"floor":22,"key":"PowerPotion"},{"floor":23,"key":"Dexterity Potion"},{"floor":31,"key":"Fire Potion"},{"floor":38,"key":"EssenceOfSteel"},{"floor":47,"key":"Energy Potion"}],"is_trial":false,"path_per_floor":["M","?","$","M","M","E","M","R","T","E","?","?","M","$","R","B",null,"M","$","?","M","M","E","R","M","T","R","?","R","M","E","R","B",null,"M","$","?","M","M","E","R","?","T","$","R","M","E","?","R","B",null],"character_chosen":"IRONCLAD","items_purchased":["Brimstone","Vajra","Dropkick","Whetstone","HandDrill"],"campfire_rested":3,"item_purchase_floors":[14,14,19,36,36],"current_hp_per_floor":[57,90,90,90,90,43,40,40,40,27,49,42,35,35,35,8,90,76,76,76,58,64,41,68,64,64,92,65,65,66,64,64,44,79,73,73,81,82,85,86,86,88,88,88,88,82,64,47,89,64],"gold":257,"neow_bonus":"THREE_RARE_CARDS","is_prod":false,"is_daily":false,"chose_seed":false,"campfire_upgraded":6,"win_rate":0,"timestamp":1551297388,"path_taken":["M","?","?","M","M","E","M","R","T","E","?","?","M","$","R","BOSS","M","$","?","M","M","E","R","M","T","R","?","R","M","E","R","BOSS","M","$","?","M","M","E","R","?","T","?","R","M","E","?","R","BOSS"],"build_version":"2019-02-06","purchased_purges":1,"victory":true,"max_hp_per_floor":[80,90,90,90,90,90,90,90,90,90,90,90,90,90,90,90,90,90,90,90,90,90,92,92,94,94,94,65,65,67,79,79,79,79,81,81,81,83,85,87,87,89,89,89,89,91,91,93,93,93],"card_choices":[{"not_picked":["Juggernaut","Barricade"],"picked":"Berserk","floor":0},{"not_picked":["Sword Boomerang","Reckless Charge","Sever Soul"],"picked":"SKIP","floor":1},{"not_picked":["Infernal Blade","Thunderclap","Twin Strike"],"picked":"SKIP","floor":4},{"not_picked":["Feel No Pain","Inflame"],"picked":"Uppercut","floor":5},{"not_picked":["Flex","Dual Wield","Perfected Strike"],"picked":"SKIP","floor":6},{"not_picked":["Seeing Red","Body Slam"],"picked":"Heavy Blade","floor":7},{"not_picked":["Fire Breathing+1","Shockwave"],"picked":"Immolate","floor":10},{"not_picked":["Warcry","Blood for Blood","Clash"],"picked":"SKIP","floor":13},{"not_picked":["Exhume","Feed"],"picked":"Limit Break","floor":16},{"not_picked":["Havoc","Cleave","Headbutt"],"picked":"SKIP","floor":18},{"not_picked":["Sentinel","Combust+1","Evolve+1"],"picked":"SKIP","floor":21},{"not_picked":["Flame Barrier","Havoc","Evolve+1"],"picked":"SKIP","floor":22},{"not_picked":["Power Through","Heavy Blade","Carnage"],"picked":"Singing Bowl","floor":23},{"not_picked":["Heavy Blade","Flex","Reckless Charge"],"picked":"Singing Bowl","floor":25},{"not_picked":["True Grit","Clothesline","Dual Wield+1"],"picked":"Singing Bowl","floor":30},{"not_picked":["Rampage","Flex","Armaments"],"picked":"Singing Bowl","floor":31},{"not_picked":["Immolate","Impervious"],"picked":"Double Tap","floor":33},{"not_picked":["Metallicize+1","Feel No Pain+1","Pommel Strike+1"],"picked":"Singing Bowl","floor":35},{"not_picked":["Headbutt","Clash","Twin Strike+1"],"picked":"Singing Bowl","floor":38},{"not_picked":["Cleave+1","Wild Strike","Perfected Strike"],"picked":"Singing Bowl","floor":39},{"not_picked":["Pommel Strike+1","Whirlwind","Ghostly Armor+1"],"picked":"Singing Bowl","floor":40},{"not_picked":["Purity","Dark Shackles","Sadistic Nature+1"],"picked":"Singing Bowl","floor":42},{"not_picked":["Pommel Strike+1","Sword Boomerang","Feel No Pain+1"],"picked":"Singing Bowl","floor":46},{"not_picked":["Sever Soul","Pommel Strike"],"picked":"Shrug It Off+1","floor":47},{"not_picked":["Havoc+1","Body Slam+1","Clash"],"picked":"Singing Bowl","floor":48}],"player_experience":1197680,"relics_obtained":[{"floor":6,"key":"Omamori"},{"floor":9,"key":"Frozen Egg 2"},{"floor":10,"key":"Old Coin"},{"floor":23,"key":"Bronze Scales"},{"floor":23,"key":"Singing Bowl"},{"floor":26,"key":"Centennial Puzzle"},{"floor":31,"key":"Pear"},{"floor":31,"key":"Self Forming Clay"},{"floor":40,"key":"Orichalcum"},{"floor":40,"key":"Letter Opener"},{"floor":43,"key":"Red Skull"},{"floor":47,"key":"Dodecahedron"},{"floor":47,"key":"Regal Pillow"},{"floor":48,"key":"Torii"}],"event_choices":[{"cards_removed":["Berserk"],"damage_healed":23,"gold_gain":0,"player_choice":"Offered Rare","damage_taken":0,"max_hp_gain":10,"max_hp_loss":0,"event_name":"Bonfire Elementals","floor":2,"gold_loss":0},{"damage_healed":22,"gold_gain":0,"player_choice":"Healed","damage_taken":0,"max_hp_gain":0,"max_hp_loss":0,"event_name":"The Cleric","floor":11,"gold_loss":35},{"cards_removed":["Defend_R"],"damage_healed":0,"gold_gain":0,"player_choice":"Card Removal","damage_taken":7,"max_hp_gain":0,"max_hp_loss":0,"event_name":"Golden Wing","floor":12,"gold_loss":0},{"damage_healed":0,"gold_gain":0,"player_choice":"Opened","damage_taken":0,"relics_obtained":["Kunai"],"max_hp_gain":0,"max_hp_loss":0,"event_name":"The Mausoleum","floor":20,"gold_loss":0,"cards_obtained":["Writhe"]},{"damage_healed":0,"gold_gain":0,"player_choice":"Became a vampire","damage_taken":0,"max_hp_gain":0,"max_hp_loss":29,"event_name":"Vampires","floor":28,"gold_loss":0,"cards_obtained":["Bite","Bite","Bite","Bite","Bite"]},{"damage_healed":20,"gold_gain":0,"player_choice":"Writhe","damage_taken":0,"max_hp_gain":0,"max_hp_loss":0,"event_name":"Winding Halls","floor":37,"gold_loss":0,"cards_obtained":["Writhe"]},{"damage_healed":0,"gold_gain":0,"player_choice":"Memory 1","damage_taken":0,"max_hp_gain":0,"max_hp_loss":0,"event_name":"SensoryStone","floor":42,"gold_loss":0},{"damage_healed":0,"gold_gain":0,"player_choice":"Fight","damage_taken":0,"max_hp_gain":0,"max_hp_loss":0,"event_name":"Mysterious Sphere","floor":48,"gold_loss":0}],"is_beta":true,"boss_relics":[{"not_picked":["Velvet Choker","Orrery"],"picked":"Black Star"},{"not_picked":["Coffee Dripper","Sozu"],"picked":"Philosopher\u0027s Stone"}],"items_purged_floors":[14],"is_endless":false,"potions_floor_spawned":[6,7,10,16,18,22,23,31,38,47],"ascension_level":0}