{"gold_per_floor":[118,129,129,143,163,163,127,127,153,153,167,177,204,235,247,336,348,372,396,55,55,67,67,67,67,116,128,128],"floor_reached":28,"playtime":982,"items_purged":[],"score":444,"play_id":"ee7c9a19-bef3-4e35-bf03-a85a673e1585","local_time":"20190126215559","is_ascension_mode":true,"campfire_choices":[{"data":"Neutralize","floor":6,"key":"SMITH"},{"data":"Caltrops","floor":8,"key":"SMITH"},{"data":"Poisoned Stab","floor":10,"key":"SMITH"},{"data":"Catalyst","floor":15,"key":"SMITH"},{"floor":23,"key":"REST"},{"floor":25,"key":"REST"}],"neow_cost":"NONE","seed_source_timestamp":637879572100400,"circlet_count":0,"master_deck":["AscendersBane","Defend_G","Defend_G","Defend_G","Strike_G","Strike_G","Strike_G","Survivor","Neutralize+1","Poisoned Stab","Escape Plan","Flechettes","Poisoned Stab+1","Catalyst+1","Caltrops+1","Poisoned Stab","Heel Hook","Adrenaline","Phantasmal Killer+1","Eviscerate+1","Noxious Fumes+1","Backflip","Footwork","Backstab+1","Shame"],"relics":["Ring of the Snake","Anchor","Orichalcum","MawBank","Astrolabe","Ninja Scroll","The Courier","Blood Vial"],"potions_floor_usage":[13,16,16,16,28,28],"damage_taken":[{"damage":1,"enemies":"2 Louse","floor":1,"turns":4},{"damage":1,"enemies":"Cultist","floor":2,"turns":4},{"damage":0,"enemies":"Small Slimes","floor":4,"turns":3},{"damage":0,"enemies":"Gremlin Gang","floor":5,"turns":5},{"damage":0,"enemies":"Exordium Wildlife","floor":11,"turns":2},{"damage":6,"enemies":"Looter","floor":12,"turns":3},{"damage":16,"enemies":"3 Sentries","floor":13,"turns":7},{"damage":14,"enemies":"Exordium Thugs","floor":14,"turns":5},{"damage":12,"enemies":"Hexaghost","floor":16,"turns":9},{"damage":19,"enemies":"2 Thieves","floor":18,"turns":5},{"damage":17,"enemies":"Shell Parasite","floor":19,"turns":4},{"damage":21,"enemies":"Snake Plant","floor":22,"turns":4},{"damage":0,"enemies":"Centurion and Healer","floor":27,"turns":6},{"damage":60,"enemies":"Gremlin Leader","floor":28,"turns":5}],"seed_played":"-9006074275030439439","potions_obtained":[{"floor":5,"key":"PowerPotion"},{"floor":11,"key":"Regen Potion"},{"floor":13,"key":"EssenceOfSteel"},{"floor":16,"key":"Fruit Juice"},{"floor":18,"key":"Poison Potion"},{"floor":22,"key":"Block Potion"}],"is_trial":false,"path_per_floor":["M","M","?","M","M","R","$","R","T","R","M","M","E","M","R","B",null,"M","M","$","?","M","R","?","R","T","M","E"],"character_chosen":"THE_SILENT","items_purchased":["Caltrops","Ninja Scroll","Footwork"],"campfire_rested":2,"item_purchase_floors":[7,20,20],"current_hp_per_floor":[58,57,57,57,57,57,57,57,57,57,57,51,35,21,21,29,61,42,25,25,25,4,25,25,46,46,48,0],"gold":128,"neow_bonus":"RANDOM_COMMON_RELIC","is_prod":false,"is_daily":false,"chose_seed":false,"campfire_upgraded":4,"win_rate":0,"timestamp":1548536159,"path_taken":["M","M","?","?","M","R","?","R","T","R","M","?","E","M","R","BOSS","M","?","$","?","M","R","?","R","T","M","E"],"build_version":"2019-01-23","purchased_purges":0,"victory":false,"max_hp_per_floor":[66,66,66,66,66,66,66,66,66,66,66,66,66,66,66,71,71,71,71,71,71,71,71,71,71,71,71,71],"card_choices":[{"not_picked":["Slice","Acrobatics"],"picked":"Poisoned Stab","floor":1},{"not_picked":["Outmaneuver","Flechettes"],"picked":"Escape Plan","floor":2},{"not_picked":["Outmaneuver","Dagger Throw"],"picked":"Poisoned Stab","floor":4},{"not_picked":["Flying Knee","Poisoned Stab"],"picked":"Catalyst","floor":5},{"not_picked":["Dodge and Roll","Deflect","Predator"],"picked":"SKIP","floor":11},{"not_picked":["Terror","Slice"],"picked":"Poisoned Stab","floor":12},{"not_picked":["Quick Slash","Underhanded Strike"],"picked":"Heel Hook","floor":13},{"not_picked":["PiercingWail","A Thousand Cuts","Terror"],"picked":"SKIP","floor":14},{"not_picked":["Burst","Unload"],"picked":"Adrenaline","floor":16},{"not_picked":["Poisoned Stab","Terror"],"picked":"Backflip","floor":18},{"not_picked":["Blade Dance","Acrobatics+1","Dagger Throw"],"picked":"SKIP","floor":19},{"not_picked":["Acrobatics+1","After Image"],"picked":"Backstab+1","floor":22},{"not_picked":["Endless Agony","Backflip","Dagger Throw"],"picked":"SKIP","floor":27},{"not_picked":["Endless Agony","Backflip","Dagger Throw"],"picked":"SKIP","floor":27}],"player_experience":1086489,"relics_obtained":[{"floor":9,"key":"Orichalcum"},{"floor":13,"key":"MawBank"},{"floor":26,"key":"Blood Vial"}],"event_choices":[{"damage_healed":0,"gold_gain":0,"cards_transformed":["Defend_G"],"player_choice":"Transformed","damage_taken":0,"max_hp_gain":0,"max_hp_loss":0,"event_name":"Transmorgrifier","floor":3,"gold_loss":0,"cards_obtained":["Flechettes"]},{"damage_healed":0,"gold_gain":0,"player_choice":"Ignored","damage_taken":0,"max_hp_gain":0,"max_hp_loss":0,"event_name":"Cursed Tome","floor":21,"gold_loss":0},{"damage_healed":0,"gold_gain":0,"player_choice":"Stole Relic","damage_taken":0,"relics_obtained":["The Courier"],"max_hp_gain":0,"max_hp_loss":0,"event_name":"Addict","floor":24,"gold_loss":0,"cards_obtained":["Shame"]}],"is_beta":true,"boss_relics":[{"not_picked":["HoveringKite","Snecko Eye"],"picked":"Astrolabe"}],"items_purged_floors":[],"is_endless":false,"potions_floor_spawned":[5,11,13,16,18,22],"killed_by":"Gremlin Leader","ascension_level":20}