{"gold_per_floor":[111,111,125,125,137,137,156,156,156,175,194,119,119,139,139,240,240],"floor_reached":17,"playtime":353,"items_purged":["Strike_B"],"score":149,"play_id":"b16a3ec1-7272-4b45-afcf-74cc3ba47ebd","local_time":"20190204000806","is_ascension_mode":false,"campfire_choices":[{"data":"Dualcast","floor":6,"key":"SMITH"},{"data":"Reinforced Body","floor":8,"key":"SMITH"},{"data":"Loop","floor":13,"key":"SMITH"},{"data":"Consume","floor":15,"key":"SMITH"}],"neow_cost":"NONE","seed_source_timestamp":1337671092400600,"circlet_count":0,"master_deck":["Strike_B","Strike_B+1","Strike_B+1","Defend_B","Defend_B","Defend_B","Zap","Dualcast+1","Consume+1","Ball Lightning","Reinforced Body+1","Loop+1","Coolheaded","Hyperbeam"],"relics":["Cracked Core","Inserter"],"potions_floor_usage":[11,16,16],"damage_taken":[{"damage":1,"enemies":"Jaw Worm","floor":1,"turns":4},{"damage":0,"enemies":"2 Louse","floor":3,"turns":2},{"damage":1,"enemies":"Cultist","floor":5,"turns":3},{"damage":0,"enemies":"Exordium Wildlife","floor":7,"turns":3},{"damage":2,"enemies":"3 Louse","floor":10,"turns":2},{"damage":0,"enemies":"Gremlin Gang","floor":11,"turns":1},{"damage":5,"enemies":"Looter","floor":14,"turns":3},{"damage":19,"enemies":"Hexaghost","floor":16,"turns":8}],"seed_played":"1693680127225437716","potions_obtained":[{"floor":1,"key":"EssenceOfSteel"},{"floor":3,"key":"AttackPotion"},{"floor":11,"key":"GamblersBrew"}],"is_trial":false,"path_per_floor":["M","?","M","?","M","R","M","R","T","M","M","$","R","M","R","B",null],"character_chosen":"DEFECT","items_purchased":[],"campfire_rested":0,"item_purchase_floors":[],"current_hp_per_floor":[81,65,65,58,57,57,57,57,57,55,55,55,55,50,50,31,82],"gold":240,"neow_bonus":"TEN_PERCENT_HP_BONUS","is_prod":false,"is_daily":false,"chose_seed":false,"campfire_upgraded":4,"win_rate":0,"timestamp":1549235286,"path_taken":["M","?","M","?","M","R","M","R","T","M","M","$","R","M","R","BOSS"],"build_version":"2019-01-23","purchased_purges":1,"victory":false,"max_hp_per_floor":[82,82,82,82,82,82,82,82,82,82,82,82,82,82,82,82,82],"card_choices":[{"not_picked":["Undo","Double Energy"],"picked":"Consume","floor":1},{"not_picked":["Barrage","Hologram"],"picked":"Ball Lightning","floor":3},{"not_picked":["Genetic Algorithm","Hologram"],"picked":"Reinforced Body","floor":5},{"not_picked":["Ball Lightning","Hologram"],"picked":"Loop","floor":7},{"not_picked":["Hello World","Redo","Heatsinks"],"picked":"SKIP","floor":10},{"not_picked":["Gash","Stack","Heatsinks"],"picked":"SKIP","floor":11},{"not_picked":["Ball Lightning","Redo"],"picked":"Coolheaded","floor":14},{"not_picked":["Thunder Strike","Seek"],"picked":"Hyperbeam","floor":16}],"player_experience":1124117,"relics_obtained":[],"event_choices":[{"damage_healed":0,"gold_gain":0,"player_choice":"Entered Light","damage_taken":16,"max_hp_gain":0,"max_hp_loss":0,"event_name":"Shining Light","floor":2,"gold_loss":0,"cards_upgraded":["Strike_B","Strike_B"]},{"cards_removed":["Defend_B"],"damage_healed":0,"gold_gain":0,"player_choice":"Card Removal","damage_taken":7,"max_hp_gain":0,"max_hp_loss":0,"event_name":"Golden Wing","floor":4,"gold_loss":0}],"is_beta":true,"boss_relics":[{"not_picked":["Pandora\u0027s Box","Velvet Choker"],"picked":"Inserter"}],"items_purged_floors":[12],"is_endless":false,"potions_floor_spawned":[1,3,11],"ascension_level":0}