{"path_per_floor":["M","M","M","M","M","E","R","E","T","M","M","M","$","$","R","B",null,"M","?","M","?","?","M","E","M","T","?","R","M","$","M","R","B",null,"M","M","M","?"],"character_chosen":"THE_SILENT","items_purchased":["Noxious Fumes","Blood Vial"],"gold_per_floor":[113,125,143,153,171,197,197,229,254,269,285,303,20,20,20,118,118,135,135,123,48,48,61,91,105,105,0,0,15,15,26,26,122,122,136,156,170,170,170],"floor_reached":39,"campfire_rested":2,"playtime":1990,"item_purchase_floors":[],"current_hp_per_floor":[70,70,70,68,60,58,58,17,17,17,9,7,7,7,32,17,84,77,77,65,65,65,51,40,24,24,24,24,7,7,3,28,8,84,81,64,22,22,0],"items_purged":["Strike_G"],"gold":170,"score":482,"play_id":"dacdcd63-ee54-4074-ab82-156158f3f1fb","local_time":"20180620203755","is_prod":false,"is_daily":false,"chose_seed":false,"is_ascension_mode":true,"campfire_upgraded":2,"win_rate":0,"timestamp":1529552275,"campfire_choices":[{"data":"Noxious Fumes","floor":7.0,"key":"SMITH"},{"floor":15.0,"key":"REST"},{"data":"Cloak And Dagger","floor":28.0,"key":"SMITH"},{"floor":32,"key":"REST"}],"path_taken":["M","?","?","M","M","E","R","E","T","M","M","?","?","$","R","BOSS","M","?","M","?","?","M","E","M","T","?","R","?","?","M","R","BOSS","M","M","M","?","M"],"build_version":"2018-06-11","seed_source_timestamp":0,"purchased_purges":1,"victory":false,"master_deck":["Defend_G","Defend_G","Defend_G","Defend_G","Defend_G","Strike_G+1","Strike_G","Strike_G+1","Survivor","Neutralize","PiercingWail","Choke","Dagger Spray","Noxious Fumes+1","Tools of the Trade","Cloak And Dagger","Cloak And Dagger+1","Cloak And Dagger","Noxious Fumes","Tools of the Trade","PiercingWail","Deflect","Noxious Fumes+1","Bane+1","Glass Knife","PiercingWail+1","Footwork+1","After Image","Blur"],"max_hp_per_floor":[70,70,70,70,70,84,84,84,84,84,84,84,84,84,84,84,84,84,84,84,84,84,84,84,84,84,84,84,84,84,84,84,84,84,84,84,84,84,84],"special_seed":0,"relics":["Ring of the Snake","NeowsBlessing","Mango","Smiling Mask","Whetstone","Blood Vial","Sozu","Omamori","Dodecahedron","Cursed Key"],"card_choices":[{"not_picked":["Masterful Stab","Eviscerate","Slice"],"picked":"SKIP","floor":1.0},{"not_picked":["Expertise","Flying Knee"],"picked":"PiercingWail","floor":2.0},{"not_picked":["Deadly Poison","Expertise"],"picked":"Choke","floor":3.0},{"not_picked":["Prepared","Outmaneuver","Acrobatics"],"picked":"SKIP","floor":4.0},{"not_picked":["Dodge and Roll","Flying Knee"],"picked":"Dagger Spray","floor":5.0},{"not_picked":["Heel Hook","Malaise"],"picked":"Noxious Fumes","floor":6.0},{"not_picked":["Eviscerate","Choke"],"picked":"Tools of the Trade","floor":8.0},{"not_picked":["Dodge and Roll","Setup"],"picked":"Cloak And Dagger","floor":10.0},{"not_picked":["Dodge and Roll","Bane"],"picked":"Cloak And Dagger","floor":11.0},{"not_picked":["Calculated Gamble","Quick Slash"],"picked":"Cloak And Dagger","floor":12.0},{"not_picked":["Phantasmal Killer","Venomology"],"picked":"Tools of the Trade","floor":16.0},{"not_picked":["Slice","Dagger Throw"],"picked":"PiercingWail","floor":18.0},{"not_picked":["Setup+1","Acrobatics"],"picked":"Deflect","floor":20.0},{"not_picked":["Deadly Poison","Endless Agony"],"picked":"Bane+1","floor":23.0},{"not_picked":["Heel Hook","Acrobatics","Concentrate"],"picked":"SKIP","floor":24.0},{"not_picked":["Terror","Bane"],"picked":"Glass Knife","floor":25.0},{"not_picked":["Deadly Poison","Heel Hook"],"picked":"PiercingWail+1","floor":29.0},{"not_picked":["Underhanded Strike+1","Reflex"],"picked":"Footwork+1","floor":31},{"not_picked":["Night Terror","Corpse Explosion"],"picked":"After Image","floor":33},{"not_picked":["Deadly Poison+1","Acrobatics+1"],"picked":"Blur","floor":35},{"not_picked":["All Out Attack+1","Dagger Throw+1","Reflex+1"],"picked":"SKIP","floor":36},{"not_picked":["Dagger Throw+1","Dodge and Roll+1","Slice+1"],"picked":"SKIP","floor":37}],"player_experience":145610,"potions_floor_usage":[],"damage_taken":[{"damage":0.0,"enemies":"Cultist","floor":1.0,"turns":1.0},{"damage":0.0,"enemies":"2 Louse","floor":2.0,"turns":1.0},{"damage":0.0,"enemies":"Small Slimes","floor":3.0,"turns":1.0},{"damage":2.0,"enemies":"Blue Slaver","floor":4.0,"turns":4.0},{"damage":8.0,"enemies":"Exordium Wildlife","floor":5.0,"turns":5.0},{"damage":16.0,"enemies":"Gremlin Nob","floor":6.0,"turns":3.0},{"damage":41.0,"enemies":"Lagavulin","floor":8.0,"turns":7.0},{"damage":0.0,"enemies":"2 Fungi Beasts","floor":10.0,"turns":3.0},{"damage":8.0,"enemies":"Exordium Thugs","floor":11.0,"turns":4.0},{"damage":2.0,"enemies":"Blue Slaver","floor":12.0,"turns":5.0},{"damage":17.0,"enemies":"Hexaghost","floor":16.0,"turns":10.0},{"damage":7.0,"enemies":"Shell Parasite","floor":18.0,"turns":6.0},{"damage":14.0,"enemies":"2 Thieves","floor":20.0,"turns":4.0},{"damage":16.0,"enemies":"Sentry and Sphere","floor":23.0,"turns":5.0},{"damage":13.0,"enemies":"Slavers","floor":24.0,"turns":5.0},{"damage":18.0,"enemies":"Centurion and Healer","floor":25.0,"turns":7.0},{"damage":19.0,"enemies":"3 Cultists","floor":29.0,"turns":6.0},{"damage":6,"enemies":"Snecko","floor":31,"turns":6},{"damage":22,"enemies":"Automaton","floor":33,"turns":9},{"damage":3,"enemies":"Flame Bruiser 1 Orb","floor":35,"turns":7},{"damage":19,"enemies":"3 Darklings","floor":36,"turns":7},{"damage":44,"enemies":"Spire Growth","floor":37,"turns":8},{"damage":38,"enemies":"Transient","floor":39,"turns":3}],"relics_obtained":[{"floor":6.0,"key":"Mango"},{"floor":8.0,"key":"Smiling Mask"},{"floor":9.0,"key":"Whetstone"},{"floor":24.0,"key":"Omamori"},{"floor":26.0,"key":"Dodecahedron"}],"event_choices":[{"event_name":"Ghosts","player_choice":"Ignored","floor":19.0,"damage_taken":0.0},{"event_name":"Beggar","player_choice":"Gave Gold","floor":21.0,"damage_taken":0.0},{"event_name":"Duplicator","player_choice":"One dupe","floor":22.0,"damage_taken":0.0},{"event_name":"Masked Bandits","player_choice":"Paid Bandits 105 gold","floor":27.0,"damage_taken":0.0},{"event_name":"Tomb of Lord Red Mask","player_choice":"Ignored","floor":38,"damage_taken":0}],"boss_relics":[{"not_picked":["Velvet Choker","Ectoplasm"],"picked":"Sozu"},{"not_picked":["Snecko Eye","White Beast Statue"],"picked":"Cursed Key"}],"items_purged_floors":[],"potions_floor_spawned":[1,2,5,10,12,16,18,31],"seed_played":"6969108257740832242","killed_by":"Transient","ascension_level":3,"potions_obtained":[{"floor":1.0,"key":"Poison Potion"},{"floor":2.0,"key":"Dexterity Potion"},{"floor":5.0,"key":"FearPotion"},{"floor":10.0,"key":"Energy Potion"},{"floor":12.0,"key":"PowerPotion"}],"is_trial":false}