{"path_per_floor":["M","M","M","M","?","$","R","E","T","R","E","R","M","?","R","B",null,"M","M","M"],"character_chosen":"IRONCLAD","items_purchased":[],"gold_per_floor":[110,129,147,161,111,36,36,70,70,70,99,99,82,82,82,182,182,152,171,190,190],"floor_reached":21,"campfire_rested":0,"playtime":720,"item_purchase_floors":[],"current_hp_per_floor":[80,80,75,76,76,76,76,70,70,70,72,72,57,57,57,17,80,60,36,13,0],"items_purged":["Bash"],"gold":190,"score":201,"play_id":"d6e2acf9-76b6-4d3a-80a8-e7294ea0d446","local_time":"20180616130315","is_prod":false,"is_daily":false,"chose_seed":false,"is_ascension_mode":true,"campfire_upgraded":4,"win_rate":0,"timestamp":1529179395,"campfire_choices":[{"data":"Demon Form","floor":7,"key":"SMITH"},{"data":"Thunderclap","floor":10,"key":"SMITH"},{"data":"Disarm","floor":12,"key":"SMITH"},{"data":"Defend_R","floor":15,"key":"SMITH"}],"path_taken":["M","M","?","M","?","?","R","E","T","R","E","R","M","?","R","BOSS","M","M","M","M"],"build_version":"2018-06-11","seed_source_timestamp":396645953287,"purchased_purges":1,"victory":false,"master_deck":["Strike_R","Strike_R","Strike_R","Strike_R","Defend_R","Defend_R","Defend_R","Defend_R+1","Thunderclap+1","Disarm+1","Demon Form+1","Reaper","Injury","Regret","Normality","Shrug It Off+1","Heavy Blade+1"],"max_hp_per_floor":[80,80,80,80,80,80,80,80,80,80,80,80,80,80,80,80,80,80,80,80,80],"special_seed":0,"relics":["Burning Blood","Turnip","Du-Vu Doll","Ginger","Calling Bell","Happy Flower","Molten Egg 2","Sundial"],"card_choices":[{"not_picked":["Hemokinesis","Clash"],"picked":"Thunderclap","floor":1},{"not_picked":["Anger","Headbutt","True Grit"],"picked":"SKIP","floor":2},{"not_picked":["Infernal Blade","Dual Wield"],"picked":"Disarm","floor":3},{"not_picked":["Sword Boomerang","Flex"],"picked":"Demon Form","floor":4},{"not_picked":["Dropkick","Evolve","Anger"],"picked":"SKIP","floor":8},{"not_picked":["Blood for Blood","Brutality","Iron Wave"],"picked":"SKIP","floor":11},{"not_picked":["Wild Strike","Sword Boomerang","Rupture"],"picked":"SKIP","floor":13},{"not_picked":["Fiend Fire","Feed"],"picked":"Reaper","floor":16},{"not_picked":["Sword Boomerang+1","Rage"],"picked":"Shrug It Off+1","floor":18},{"not_picked":["Rupture+1","Burning Pact+1"],"picked":"Heavy Blade+1","floor":19},{"not_picked":["Spot Weakness","Anger+1","Armaments"],"picked":"SKIP","floor":20}],"player_experience":137573,"potions_floor_usage":[11,11,13,18,19],"damage_taken":[{"damage":6,"enemies":"Cultist","floor":1,"turns":4},{"damage":0,"enemies":"2 Louse","floor":2,"turns":2},{"damage":11,"enemies":"Jaw Worm","floor":3,"turns":3},{"damage":5,"enemies":"3 Louse","floor":4,"turns":3},{"damage":12,"enemies":"Lagavulin","floor":8,"turns":6},{"damage":4,"enemies":"3 Sentries","floor":11,"turns":6},{"damage":21,"enemies":"Exordium Thugs","floor":13,"turns":4},{"damage":46,"enemies":"Slime Boss","floor":16,"turns":7},{"damage":40,"enemies":"2 Thieves","floor":18,"turns":5},{"damage":39,"enemies":"3 Byrds","floor":19,"turns":7},{"damage":29,"enemies":"Snake Plant","floor":20,"turns":5},{"damage":13,"enemies":"Centurion and Healer","floor":21,"turns":3}],"relics_obtained":[{"floor":8,"key":"Turnip"},{"floor":9,"key":"Du-Vu Doll"},{"floor":11,"key":"Ginger"},{"floor":17,"key":"Happy Flower"},{"floor":17,"key":"Molten Egg 2"},{"floor":17,"key":"Sundial"}],"event_choices":[{"event_name":"The Cleric","player_choice":"Card Removal","floor":5,"damage_taken":0},{"event_name":"Liars Game","player_choice":"disagreed","floor":14,"damage_taken":0}],"boss_relics":[{"not_picked":["Black Blood","Tiny House"],"picked":"Calling Bell"}],"items_purged_floors":[6],"potions_floor_spawned":[1,2,8,13,18,20],"seed_played":"3640727559165110377","killed_by":"Centurion and Healer","ascension_level":1,"potions_obtained":[{"floor":1,"key":"Swift Potion"},{"floor":2,"key":"Fire Potion"},{"floor":8,"key":"AttackPotion"},{"floor":13,"key":"FearPotion"},{"floor":18,"key":"Energy Potion"},{"floor":20,"key":"FearPotion"}],"is_trial":false}