{"gold_per_floor":[118,134,59,73,73,73,85,85,162,190,190,209,225,275,275,275],"floor_reached":16,"playtime":505,"items_purged":["Strike_G"],"score":189,"play_id":"395b96d3-7cac-4bdc-afe6-b5e502ffc67f","local_time":"20190502142137","is_ascension_mode":true,"campfire_choices":[{"data":"Cloak And Dagger","floor":6.0,"key":"SMITH"},{"data":"Catalyst","floor":8.0,"key":"SMITH"},{"floor":11.0,"key":"REST"},{"floor":15,"key":"REST"}],"neow_cost":"NONE","seed_source_timestamp":16572262239299,"circlet_count":0,"master_deck":["AscendersBane","Defend_G","Defend_G","Defend_G","Defend_G","Defend_G","Strike_G","Strike_G","Strike_G","Strike_G","Survivor","Neutralize","Poisoned Stab","Cloak And Dagger+1","Catalyst+1","Backflip","Acrobatics"],"special_seed":0,"relics":["Ring of the Snake","Ancient Tea Set","Ornamental Fan","Mango"],"potions_floor_usage":[],"damage_taken":[{"damage":1.0,"enemies":"Cultist","floor":1.0,"turns":5.0},{"damage":2.0,"enemies":"Jaw Worm","floor":2.0,"turns":5.0},{"damage":4.0,"enemies":"2 Louse","floor":4.0,"turns":3.0},{"damage":3.0,"enemies":"Looter","floor":7.0,"turns":3.0},{"damage":31.0,"enemies":"Gremlin Nob","floor":10.0,"turns":5.0},{"damage":10.0,"enemies":"Exordium Thugs","floor":12.0,"turns":7.0},{"damage":9.0,"enemies":"3 Louse","floor":13.0,"turns":3.0},{"damage":36,"enemies":"The Guardian","floor":16,"turns":8}],"seed_played":"-1038693509529666747","potions_obtained":[{"floor":1.0,"key":"Swift Potion"},{"floor":4.0,"key":"Dexterity Potion"}],"is_trial":false,"path_per_floor":["M","M","$","M","T","R","M","R","T","E","R","M","M","?","R","B"],"character_chosen":"THE_SILENT","items_purchased":[],"campfire_rested":2,"item_purchase_floors":[],"current_hp_per_floor":[58,56,56,52,52,52,49,49,49,32,56,46,37,29,53,17],"gold":275,"neow_bonus":"RANDOM_COMMON_RELIC","is_prod":false,"is_daily":false,"chose_seed":false,"campfire_upgraded":2,"win_rate":0,"timestamp":1556774497,"path_taken":["M","M","$","M","?","R","M","R","T","E","R","M","M","?","R","BOSS"],"build_version":"2019-01-23","purchased_purges":1,"victory":false,"max_hp_per_floor":[66,66,66,66,66,66,66,66,66,80,80,80,80,80,80,80],"card_choices":[{"not_picked":["Heel Hook","Underhanded Strike"],"picked":"Poisoned Stab","floor":1.0},{"not_picked":["Outmaneuver","Dagger Throw","Underhanded Strike"],"picked":"SKIP","floor":2.0},{"not_picked":["Outmaneuver","Sucker Punch"],"picked":"Cloak And Dagger","floor":4.0},{"not_picked":["Predator","Deflect"],"picked":"Catalyst","floor":7.0},{"not_picked":["Infinite Blades","Cloak And Dagger"],"picked":"Backflip","floor":10.0},{"not_picked":["Underhanded Strike","Blur"],"picked":"Acrobatics","floor":12.0},{"not_picked":["Phantasmal Killer","Dodge and Roll","Outmaneuver"],"picked":"SKIP","floor":13.0}],"player_experience":735578,"relics_obtained":[{"floor":9.0,"key":"Ornamental Fan"},{"floor":10.0,"key":"Mango"}],"event_choices":[{"damage_healed":0,"gold_gain":50,"player_choice":"Touch","damage_taken":8,"max_hp_gain":0,"max_hp_loss":0,"event_name":"FaceTrader","floor":14,"gold_loss":0}],"is_beta":false,"boss_relics":[],"items_purged_floors":[3],"is_endless":false,"potions_floor_spawned":[1,4],"killed_by":"The Guardian","ascension_level":17}