{"gold_per_floor":[113,128,53,53,128,128,153,153,153,172,206,206,40,63,63,153,153,173,88,88,103,53,53,67,47,47,63,13,13,13,28,28,121,121,142,162,112,112,127,127,35,35,35,48,48],"floor_reached":45,"playtime":1510,"items_purged":["Writhe","Injury","Normality","Regret"],"score":826,"play_id":"63e023a5-0812-46a3-991e-761cba1c43d2","local_time":"20190127003236","is_ascension_mode":true,"campfire_choices":[{"data":"Bouncing Flask","floor":6,"key":"SMITH"},{"data":"Neutralize","floor":12,"key":"SMITH"},{"data":"Strike_G","floor":15,"key":"SMITH"},{"data":"Adrenaline","floor":23,"key":"SMITH"},{"data":"Noxious Fumes","floor":30,"key":"SMITH"},{"data":"Cloak And Dagger","floor":32,"key":"SMITH"},{"data":"Blade Dance","floor":40,"key":"SMITH"}],"neow_cost":"NONE","seed_source_timestamp":646747019412900,"circlet_count":0,"master_deck":["AscendersBane","Defend_G","Defend_G+1","Defend_G","Defend_G","Strike_G","Strike_G","Strike_G","Strike_G+1","Survivor+1","Neutralize+1","Bouncing Flask+1","Cloak And Dagger+1","Adrenaline+1","Noxious Fumes+1","Clumsy","Poisoned Stab","Blade Dance+1","Tools of the Trade","Doubt","Blade Dance","Dramatic Entrance+1","Footwork","Shame"],"relics":["Ring of the Snake","Art of War","Golden Idol","Letter Opener","Meat on the Bone","Bag of Preparation","War Paint","Cursed Key","Pantograph","Smiling Mask","Shuriken","Calling Bell","Pen Nib","Molten Egg 2","Tingsha","Ornamental Fan"],"potions_floor_usage":[11,14,24,27,33,35,36,36,44],"damage_taken":[{"damage":4,"enemies":"Jaw Worm","floor":1,"turns":7},{"damage":2,"enemies":"2 Louse","floor":2,"turns":3},{"damage":1,"enemies":"Small Slimes","floor":7,"turns":4},{"damage":6,"enemies":"Exordium Wildlife","floor":10,"turns":5},{"damage":24,"enemies":"Gremlin Nob","floor":11,"turns":4},{"damage":0,"enemies":"3 Louse","floor":14,"turns":2},{"damage":10,"enemies":"The Guardian","floor":16,"turns":10},{"damage":13,"enemies":"3 Byrds","floor":18,"turns":5},{"damage":19,"enemies":"Spheric Guardian","floor":21,"turns":5},{"damage":46,"enemies":"Centurion and Healer","floor":24,"turns":10},{"damage":0,"enemies":"3 Cultists","floor":27,"turns":5},{"damage":14,"enemies":"Cultist and Chosen","floor":31,"turns":6},{"damage":55,"enemies":"Automaton","floor":33,"turns":10},{"damage":36,"enemies":"Orb Walker","floor":35,"turns":4},{"damage":15,"enemies":"3 Darklings","floor":36,"turns":4},{"damage":15,"enemies":"Jaw Worm Horde","floor":39,"turns":4},{"damage":13,"enemies":"4 Shapes","floor":44,"turns":7},{"damage":32,"enemies":"Spire Growth","floor":45,"turns":3}],"seed_played":"6738860163382305267","potions_obtained":[{"floor":1,"key":"Swift Potion"},{"floor":11,"key":"Explosive Potion"},{"floor":14,"key":"Regen Potion"},{"floor":24,"key":"EssenceOfSteel"},{"floor":25,"key":"LiquidBronze"},{"floor":33,"key":"PowerPotion"},{"floor":35,"key":"EntropicBrew"},{"floor":44,"key":"Poison Potion"}],"is_trial":false,"path_per_floor":["M","M","?","?","?","R","M","T","T","M","E","R","$","M","R","B",null,"M","?","?","M","$","R","M","?","T","M","$","?","R","M","R","B",null,"M","M","$","?","M","R","$","?","T","M","M"],"character_chosen":"THE_SILENT","items_purchased":["War Paint","Footwork"],"campfire_rested":0,"item_purchase_floors":[13,41],"current_hp_per_floor":[55,53,53,53,42,42,41,41,41,35,23,23,23,35,35,37,59,46,46,46,39,39,39,20,20,20,32,32,66,66,52,52,23,55,31,28,28,28,25,25,25,25,25,24,0],"gold":48,"neow_bonus":"RANDOM_COMMON_RELIC","is_prod":false,"is_daily":false,"chose_seed":false,"campfire_upgraded":7,"win_rate":0,"timestamp":1548545556,"path_taken":["M","M","?","?","?","R","M","?","T","M","E","R","$","?","R","BOSS","M","?","?","M","?","R","M","?","T","?","$","?","R","M","R","BOSS","M","M","$","?","M","R","$","?","T","M","M"],"build_version":"2019-01-23","purchased_purges":4,"victory":false,"max_hp_per_floor":[66,66,66,66,66,66,66,66,66,66,66,66,66,66,66,66,66,66,66,66,66,66,66,66,66,66,66,66,66,66,66,66,66,66,66,66,66,66,66,66,66,66,66,66,66],"card_choices":[{"not_picked":["Choke","Catalyst","Deflect"],"picked":"SKIP","floor":1},{"not_picked":["Accuracy","Bane"],"picked":"Bouncing Flask","floor":2},{"not_picked":["Bouncing Flask","Heel Hook","Outmaneuver"],"picked":"SKIP","floor":7},{"not_picked":["Flying Knee","Bane","Slice"],"picked":"SKIP","floor":10},{"not_picked":["Quick Slash","Heel Hook"],"picked":"Cloak And Dagger","floor":11},{"not_picked":["All Out Attack","PiercingWail","Quick Slash"],"picked":"SKIP","floor":14},{"not_picked":["Die Die Die","A Thousand Cuts"],"picked":"Adrenaline","floor":16},{"not_picked":["Slice","Dagger Throw"],"picked":"Noxious Fumes","floor":18},{"not_picked":["Finisher","Outmaneuver","Noxious Fumes"],"picked":"SKIP","floor":21},{"not_picked":["Predator","Bane","Infinite Blades"],"picked":"SKIP","floor":24},{"not_picked":["Deadly Poison","Underhanded Strike"],"picked":"Poisoned Stab","floor":27},{"not_picked":["Concentrate","Underhanded Strike"],"picked":"Blade Dance","floor":31},{"not_picked":["Phantasmal Killer","Doppelganger"],"picked":"Tools of the Trade","floor":33},{"not_picked":["Flying Knee+1","Flechettes+1"],"picked":"Blade Dance","floor":35},{"not_picked":["Blade Dance","Flying Knee+1","Unload+1"],"picked":"SKIP","floor":36},{"not_picked":["Blind","Violence"],"picked":"Dramatic Entrance+1","floor":38},{"not_picked":["Dodge and Roll","Deflect","Caltrops"],"picked":"SKIP","floor":39},{"not_picked":["Sucker Punch+1","Quick Slash+1","Outmaneuver"],"picked":"SKIP","floor":44}],"player_experience":1089902,"relics_obtained":[{"floor":8,"key":"Letter Opener"},{"floor":9,"key":"Meat on the Bone"},{"floor":11,"key":"Bag of Preparation"},{"floor":26,"key":"Shuriken"},{"floor":34,"key":"Pen Nib"},{"floor":34,"key":"Molten Egg 2"},{"floor":34,"key":"Tingsha"},{"floor":43,"key":"Ornamental Fan"}],"event_choices":[{"cards_removed":["Defend_G"],"damage_healed":0,"gold_gain":0,"player_choice":"Card Removal","damage_taken":0,"max_hp_gain":0,"max_hp_loss":0,"event_name":"The Cleric","floor":3,"gold_loss":75},{"damage_healed":0,"gold_gain":0,"player_choice":"Take Wound","damage_taken":0,"relics_obtained":["Golden Idol"],"max_hp_gain":0,"max_hp_loss":0,"event_name":"Golden Idol","floor":4,"gold_loss":0,"cards_obtained":["Injury"]},{"damage_healed":0,"gold_gain":75,"player_choice":"Gather Gold","damage_taken":11,"max_hp_gain":0,"max_hp_loss":0,"event_name":"World of Goop","floor":5,"gold_loss":0},{"damage_healed":0,"gold_gain":0,"player_choice":"Obtained Relic","damage_taken":0,"relics_obtained":["Pantograph"],"max_hp_gain":0,"max_hp_loss":0,"event_name":"Addict","floor":19,"gold_loss":85},{"damage_healed":0,"gold_gain":0,"player_choice":"Opened","damage_taken":0,"relics_obtained":["Smiling Mask"],"max_hp_gain":0,"max_hp_loss":0,"event_name":"The Mausoleum","floor":20,"gold_loss":0,"cards_obtained":["Writhe"]},{"damage_healed":0,"gold_gain":0,"player_choice":"Bought 1 Potion","damage_taken":0,"max_hp_gain":0,"max_hp_loss":0,"event_name":"The Woman in Blue","floor":25,"gold_loss":0},{"damage_healed":34,"gold_gain":0,"player_choice":"Full Heal","damage_taken":0,"max_hp_gain":0,"max_hp_loss":0,"event_name":"Wheel of Change","floor":29,"gold_loss":0},{"damage_healed":0,"gold_gain":0,"player_choice":"Memory 1","damage_taken":0,"max_hp_gain":0,"max_hp_loss":0,"event_name":"SensoryStone","floor":38,"gold_loss":0},{"cards_removed":["Strike_G"],"damage_healed":0,"gold_gain":0,"player_choice":"Removed Attack","damage_taken":0,"max_hp_gain":0,"max_hp_loss":0,"event_name":"Falling","floor":42,"gold_loss":0}],"is_beta":true,"boss_relics":[{"not_picked":["Philosopher\u0027s Stone","Velvet Choker"],"picked":"Cursed Key"},{"not_picked":["WristBlade","Runic Pyramid"],"picked":"Calling Bell"}],"items_purged_floors":[22,28,37,41],"is_endless":false,"potions_floor_spawned":[1,11,14,24,33,35,44],"killed_by":"Spire Growth","ascension_level":20}