{"gold_per_floor":[109,109,127,12,12,55,88,100,183,236,248,333,345,376,388,400],"floor_reached":16,"playtime":269,"items_purged":["Defend_R"],"score":266,"play_id":"124152aa-5de4-46a1-a016-bfc7c21adf8a","local_time":"20190331184859","is_ascension_mode":true,"campfire_choices":[{"data":"Bash","floor":8.0,"key":"SMITH"},{"data":"Pummel","floor":11.0,"key":"SMITH"},{"data":"Pummel","floor":13.0,"key":"SMITH"},{"data":"Defend_R","floor":15.0,"key":"SMITH"}],"neow_cost":"NONE","seed_source_timestamp":0,"circlet_count":0,"master_deck":["AscendersBane","Strike_R","Strike_R","Strike_R","Strike_R","Strike_R","Defend_R","Defend_R","Defend_R+1","Bash+1","Pummel+1","Heavy Blade","Pummel+1"],"special_seed":0,"relics":["Burning Blood","NeowsBlessing","Golden Idol","MawBank","Magic Flower","Pantograph","Oddly Smooth Stone"],"potions_floor_usage":[16],"damage_taken":[{"damage":0.0,"enemies":"Jaw Worm","floor":1.0,"turns":1.0},{"damage":0.0,"enemies":"Cultist","floor":3.0,"turns":1.0},{"damage":0.0,"enemies":"3 Sentries","floor":6.0,"turns":1.0},{"damage":1.0,"enemies":"2 Louse","floor":7.0,"turns":3.0},{"damage":32.0,"enemies":"Gremlin Nob","floor":10.0,"turns":4.0},{"damage":12.0,"enemies":"Exordium Wildlife","floor":14.0,"turns":3.0},{"damage":62,"enemies":"Hexaghost","floor":16,"turns":8}],"seed_played":"2924835200762582236","potions_obtained":[{"floor":1.0,"key":"EssenceOfSteel"},{"floor":10.0,"key":"FearPotion"}],"is_trial":false,"path_per_floor":["M","?","M","$","?","E","M","R","T","E","R","T","R","M","R","B"],"character_chosen":"IRONCLAD","items_purchased":["Pummel"],"campfire_rested":0,"item_purchase_floors":[4],"current_hp_per_floor":[74,48,54,54,36,42,50,50,50,27,27,27,27,24,24,0],"gold":400,"neow_bonus":"THREE_ENEMY_KILL","is_prod":false,"is_daily":false,"chose_seed":false,"campfire_upgraded":4,"win_rate":0,"timestamp":1554050939,"path_taken":["M","?","M","$","?","E","M","R","T","E","R","?","R","?","R","BOSS"],"build_version":"2019-03-15","purchased_purges":1,"victory":false,"max_hp_per_floor":[75,75,75,75,75,75,75,75,75,75,75,75,75,75,75,75],"card_choices":[{"not_picked":["Seeing Red","Carnage","Flex"],"picked":"SKIP","floor":1.0},{"not_picked":["Rampage","Hemokinesis","Flex"],"picked":"SKIP","floor":3.0},{"not_picked":["Infernal Blade","Flex"],"picked":"Heavy Blade","floor":6.0},{"not_picked":["Clothesline","Warcry","Heavy Blade"],"picked":"SKIP","floor":7.0},{"not_picked":["Armaments","Thunderclap"],"picked":"Pummel","floor":10.0},{"not_picked":["Cleave","Dual Wield","Havoc"],"picked":"SKIP","floor":14.0}],"player_experience":1310721,"relics_obtained":[{"floor":6.0,"key":"Magic Flower"},{"floor":9.0,"key":"Pantograph"},{"floor":10.0,"key":"Oddly Smooth Stone"}],"event_choices":[{"damage_healed":0.0,"max_hp_gain":0.0,"max_hp_loss":0.0,"gold_gain":0.0,"event_name":"Golden Idol","player_choice":"Take Damage","floor":2.0,"gold_loss":0.0,"damage_taken":26.0,"relics_obtained":["Golden Idol"]},{"damage_healed":0.0,"max_hp_gain":0.0,"max_hp_loss":0.0,"gold_gain":0.0,"event_name":"Scrap Ooze","player_choice":"Success","floor":5.0,"gold_loss":0.0,"damage_taken":18.0,"relics_obtained":["MawBank"]}],"is_beta":true,"boss_relics":[],"items_purged_floors":[4],"is_endless":false,"potions_floor_spawned":[1,10],"killed_by":"Hexaghost","ascension_level":20}