{"gold_per_floor":[112,126,76,95,95,95,126,126,198,210,228,35,47,75,75,178,228,242,253,178,194,194,222,222,235,235,262,262],"floor_reached":28,"playtime":777,"items_purged":["Pain"],"score":320,"play_id":"c263c19b-71a0-4cbb-ad5f-71e5d30bdfac","local_time":"20190301000751","is_ascension_mode":false,"campfire_choices":[{"data":"Bash","floor":6,"key":"SMITH"},{"data":"Pommel Strike","floor":8,"key":"SMITH"},{"floor":15,"key":"REST"},{"floor":24,"key":"REST"}],"neow_cost":"NONE","seed_source_timestamp":777684868537700,"circlet_count":0,"master_deck":["Strike_R","Strike_R","Strike_R","Strike_R","Strike_R","Defend_R","Defend_R","Defend_R+1","Bash+1","Pommel Strike+1","Limit Break","Uppercut","Double Tap","Heavy Blade","Shrug It Off","Shrug It Off+1"],"relics":["Burning Blood","Ancient Tea Set","WarpedTongs","Dream Catcher","Kunai","Brimstone","Bird Faced Urn","Tiny House","The Courier","Anchor","Self Forming Clay"],"potions_floor_usage":[16,23,27,27,27],"damage_taken":[{"damage":0,"enemies":"2 Louse","floor":1,"turns":3},{"damage":6,"enemies":"Cultist","floor":2,"turns":3},{"damage":6,"enemies":"Jaw Worm","floor":4,"turns":4},{"damage":29,"enemies":"3 Sentries","floor":7,"turns":8},{"damage":4,"enemies":"Exordium Wildlife","floor":10,"turns":2},{"damage":14,"enemies":"Blue Slaver","floor":11,"turns":2},{"damage":10,"enemies":"Exordium Thugs","floor":13,"turns":3},{"damage":12,"enemies":"Gremlin Nob","floor":14,"turns":3},{"damage":5,"enemies":"Slime Boss","floor":16,"turns":6},{"damage":15,"enemies":"Spheric Guardian","floor":18,"turns":3},{"damage":5,"enemies":"Chosen","floor":19,"turns":4},{"damage":18,"enemies":"Centurion and Healer","floor":21,"turns":4},{"damage":47,"enemies":"Book of Stabbing","floor":23,"turns":4},{"damage":17,"enemies":"Snake Plant","floor":25,"turns":3},{"damage":34,"enemies":"Slavers","floor":27,"turns":4},{"damage":12,"enemies":"Sentry and Sphere","floor":28,"turns":2}],"seed_played":"-1347714902880566043","potions_obtained":[{"floor":1,"key":"GamblersBrew"},{"floor":4,"key":"SmokeBomb"},{"floor":11,"key":"FearPotion"},{"floor":17,"key":"SteroidPotion"},{"floor":23,"key":"FearPotion"},{"floor":25,"key":"Fire Potion"}],"is_trial":false,"path_per_floor":["M","M","?","M","?","R","E","R","T","M","M","$","M","E","R","B",null,"M","M","$","M","?","E","R","M","T","E","M"],"character_chosen":"IRONCLAD","items_purchased":["Brimstone"],"campfire_rested":2,"item_purchase_floors":[12],"current_hp_per_floor":[80,80,80,80,80,80,57,57,57,59,51,51,47,41,65,66,85,76,77,77,65,65,24,49,38,38,10,0],"gold":262,"neow_bonus":"RANDOM_COMMON_RELIC","is_prod":false,"is_daily":false,"chose_seed":false,"campfire_upgraded":2,"win_rate":0,"timestamp":1551395271,"path_taken":["M","M","?","M","?","R","E","R","T","M","M","$","M","E","R","BOSS","M","M","$","M","?","E","R","M","T","E","M"],"build_version":"2019-02-06","purchased_purges":1,"victory":false,"max_hp_per_floor":[80,80,80,80,80,80,80,80,80,80,80,80,80,80,80,80,85,85,85,85,85,85,85,85,85,85,85,85],"card_choices":[{"not_picked":["Corruption","Evolve","Havoc"],"picked":"SKIP","floor":1},{"not_picked":["Metallicize","Twin Strike","Perfected Strike"],"picked":"SKIP","floor":2},{"not_picked":["Heavy Blade","Clash"],"picked":"Pommel Strike","floor":4},{"not_picked":["Anger","Body Slam"],"picked":"Limit Break","floor":7},{"not_picked":["Perfected Strike","Headbutt","True Grit"],"picked":"SKIP","floor":10},{"not_picked":["Blood for Blood","Dual Wield","Reckless Charge"],"picked":"SKIP","floor":11},{"not_picked":["Headbutt","Rampage","Dual Wield"],"picked":"SKIP","floor":13},{"not_picked":["Clash","Hemokinesis"],"picked":"Uppercut","floor":14},{"not_picked":["Limit Break","Exhume"],"picked":"Double Tap","floor":16},{"not_picked":["Body Slam+1","Clash","Battle Trance"],"picked":"SKIP","floor":18},{"not_picked":["Inflame","Cleave+1","Warcry"],"picked":"SKIP","floor":19},{"not_picked":["Metallicize","Second Wind"],"picked":"Heavy Blade","floor":21},{"not_picked":["Power Through","Havoc"],"picked":"Shrug It Off","floor":23},{"not_picked":["Warcry+1","Pommel Strike","Wild Strike"],"picked":"SKIP","floor":25},{"not_picked":["Disarm+1","Havoc"],"picked":"Shrug It Off+1","floor":27}],"player_experience":1200675,"relics_obtained":[{"floor":7,"key":"Dream Catcher"},{"floor":9,"key":"Kunai"},{"floor":14,"key":"Bird Faced Urn"},{"floor":23,"key":"The Courier"},{"floor":26,"key":"Anchor"},{"floor":27,"key":"Self Forming Clay"}],"event_choices":[{"cards_removed":["Defend_R"],"damage_healed":0,"gold_gain":0,"player_choice":"Card Removal","damage_taken":0,"max_hp_gain":0,"max_hp_loss":0,"event_name":"The Cleric","floor":3,"gold_loss":50},{"damage_healed":0,"gold_gain":0,"player_choice":"Rummage","damage_taken":0,"relics_obtained":["WarpedTongs"],"max_hp_gain":0,"max_hp_loss":0,"event_name":"Accursed Blacksmith","floor":5,"gold_loss":0,"cards_obtained":["Pain"]},{"damage_healed":0,"gold_gain":0,"player_choice":"Ignored","damage_taken":0,"max_hp_gain":0,"max_hp_loss":0,"event_name":"Ghosts","floor":22,"gold_loss":0}],"is_beta":true,"boss_relics":[{"not_picked":["Pandora\u0027s Box","Busted Crown"],"picked":"Tiny House"}],"items_purged_floors":[20],"is_endless":false,"potions_floor_spawned":[1,4,11,13,23,25],"killed_by":"Sentry and Sphere","ascension_level":0}