{"gold_per_floor":[117,129,129,129,139,139,170,180,180,180,180],"floor_reached":11,"playtime":555,"items_purged":[],"score":110,"play_id":"b31aee47-3d5a-4f94-b788-274f6acb48e6","local_time":"20190501151325","is_ascension_mode":true,"campfire_choices":[{"data":"Double Tap","floor":6,"key":"SMITH"},{"data":"1","floor":10,"key":"LIFT"}],"neow_cost":"NONE","seed_source_timestamp":284912444532548,"circlet_count":0,"master_deck":["AscendersBane","Strike_R","Strike_R","Strike_R","Strike_R","Strike_R","Defend_R","Defend_R","Defend_R","Defend_R","Bash","Fiend Fire","Clothesline","Pommel Strike","Double Tap+1","Intimidate","Reaper"],"relics":["Burning Blood","Prayer Wheel","Girya"],"potions_floor_usage":[7],"damage_taken":[{"damage":1,"enemies":"Cultist","floor":1,"turns":3},{"damage":0,"enemies":"Small Slimes","floor":2,"turns":3},{"damage":3,"enemies":"2 Louse","floor":5,"turns":2},{"damage":30,"enemies":"Lagavulin","floor":7,"turns":5},{"damage":32,"enemies":"Large Slime","floor":8,"turns":9},{"damage":47,"enemies":"3 Sentries","floor":11,"turns":5}],"seed_played":"-7330051249372993092","potions_obtained":[{"floor":4,"key":"SpeedPotion"},{"floor":4,"key":"Poison Potion"},{"floor":4,"key":"Ancient Potion"}],"is_trial":false,"path_per_floor":["M","M","?","?","M","R","E","M","T","R","E"],"character_chosen":"IRONCLAD","items_purchased":[],"campfire_rested":0,"item_purchase_floors":[],"current_hp_per_floor":[77,80,85,85,85,85,61,35,35,35,0],"gold":180,"neow_bonus":"ONE_RANDOM_RARE_CARD","is_prod":false,"is_daily":false,"chose_seed":false,"campfire_upgraded":1,"win_rate":0,"timestamp":1556759605,"path_taken":["M","?","?","?","?","R","E","M","T","R","E"],"build_version":"2019-01-23","purchased_purges":0,"victory":false,"max_hp_per_floor":[80,80,85,85,85,85,85,85,85,85,85],"card_choices":[{"not_picked":["Anger","Thunderclap"],"picked":"Clothesline","floor":1},{"not_picked":["Headbutt","Clothesline"],"picked":"Pommel Strike","floor":2},{"not_picked":["Headbutt","Perfected Strike"],"picked":"Double Tap","floor":5},{"not_picked":["Havoc","Body Slam"],"picked":"Intimidate","floor":7},{"not_picked":["Perfected Strike","Infernal Blade"],"picked":"Reaper","floor":8},{"not_picked":["Blood for Blood","Searing Blow","Headbutt"],"picked":"SKIP","floor":8}],"player_experience":363643,"relics_obtained":[{"floor":7,"key":"Prayer Wheel"},{"floor":9,"key":"Girya"}],"event_choices":[{"damage_healed":0,"gold_gain":0,"player_choice":"Donut","damage_taken":0,"max_hp_gain":5,"max_hp_loss":0,"event_name":"Big Fish","floor":3,"gold_loss":0},{"damage_healed":0,"gold_gain":0,"player_choice":"Got Potions","damage_taken":0,"max_hp_gain":0,"max_hp_loss":0,"event_name":"Lab","floor":4,"gold_loss":0}],"is_beta":false,"boss_relics":[],"items_purged_floors":[],"is_endless":false,"potions_floor_spawned":[],"killed_by":"3 Sentries","ascension_level":10}