{"gold_per_floor":[117,42,42,42,42,73,73,102,127,152,164,206,228,240,252,343,355,379,391,415,160,176,176,176,176,201,116,126,136,136,146,146,220,220,235,249,259,259,275,275,285,285,285,297,316,180,180,198,198,198,198],"floor_reached":51,"playtime":1640,"items_purged":["Defend_R","Strike_R"],"score":1404,"play_id":"adcd311e-b0ee-4b70-b88f-cf178d5080aa","local_time":"20190408234813","is_ascension_mode":true,"campfire_choices":[{"data":"Bash","floor":7.0,"key":"SMITH"},{"data":"Heavy Blade","floor":11.0,"key":"SMITH"},{"floor":15.0,"key":"REST"},{"data":"Inflame","floor":23.0,"key":"SMITH"},{"data":"Pummel","floor":25.0,"key":"SMITH"},{"data":"Uppercut","floor":30.0,"key":"SMITH"},{"floor":32.0,"key":"REST"},{"floor":40.0,"key":"REST"},{"data":"Double Tap","floor":42.0,"key":"SMITH"},{"floor":47.0,"key":"RECALL"},{"floor":49.0,"key":"REST"}],"neow_cost":"NONE","seed_source_timestamp":0,"circlet_count":0,"master_deck":["AscendersBane","Strike_R","Strike_R","Strike_R","Defend_R+1","Defend_R+1","Bash+1","Pummel+1","Heavy Blade+1","Inflame+1","Double Tap+1","Impervious","Shrug It Off","Sword Boomerang","Uppercut+1","Limit Break+1","Shrug It Off","Shrug It Off"],"special_seed":0,"relics":["Burning Blood","NeowsBlessing","Smiling Mask","War Paint","Mercury Hourglass","Red Skull","MawBank","Letter Opener","Snecko Eye","Oddly Smooth Stone","Champion Belt","Busted Crown","Pear"],"potions_floor_usage":[50,51],"damage_taken":[{"damage":0.0,"enemies":"Jaw Worm","floor":1.0,"turns":1.0},{"damage":0.0,"enemies":"3 Sentries","floor":6.0,"turns":1.0},{"damage":0.0,"enemies":"Gremlin Nob","floor":8.0,"turns":1.0},{"damage":24.0,"enemies":"3 Sentries","floor":10.0,"turns":6.0},{"damage":11.0,"enemies":"Gremlin Nob","floor":12.0,"turns":3.0},{"damage":12.0,"enemies":"Small Slimes","floor":13.0,"turns":2.0},{"damage":30.0,"enemies":"The Guardian","floor":16.0,"turns":6.0},{"damage":15.0,"enemies":"3 Byrds","floor":18.0,"turns":6.0},{"damage":0.0,"enemies":"Spheric Guardian","floor":20.0,"turns":2.0},{"damage":2.0,"enemies":"3 Cultists","floor":22.0,"turns":4.0},{"damage":26.0,"enemies":"Centurion and Healer","floor":28.0,"turns":3.0},{"damage":15.0,"enemies":"Snake Plant","floor":29.0,"turns":2.0},{"damage":0.0,"enemies":"Snecko","floor":31.0,"turns":2.0},{"damage":38.0,"enemies":"Collector","floor":33.0,"turns":8.0},{"damage":0.0,"enemies":"Orb Walker","floor":35.0,"turns":3.0},{"damage":0.0,"enemies":"3 Shapes","floor":36.0,"turns":5.0},{"damage":4.0,"enemies":"Writhing Mass","floor":37.0,"turns":5.0},{"damage":45.0,"enemies":"3 Darklings","floor":39.0,"turns":4.0},{"damage":1.0,"enemies":"Jaw Worm Horde","floor":41.0,"turns":4.0},{"damage":0.0,"enemies":"Maw","floor":44.0,"turns":5.0},{"damage":45.0,"enemies":"Transient","floor":45.0,"turns":6.0},{"damage":0.0,"enemies":"4 Shapes","floor":48.0,"turns":5.0},{"damage":58,"enemies":"Time Eater","floor":50,"turns":8},{"damage":3,"enemies":"Donu and Deca","floor":51,"turns":3}],"seed_played":"-7078975494257599970","potions_obtained":[{"floor":1.0,"key":"GamblersBrew"},{"floor":6.0,"key":"Poison Potion"},{"floor":22.0,"key":"Dexterity Potion"},{"floor":31.0,"key":"Swift Potion"},{"floor":39.0,"key":"PowerPotion"}],"is_trial":false,"path_per_floor":["M","?","?","$","$","E","R","E","T","E","R","E","M","?","R","B",null,"M","?","M","$","M","R","?","R","T","?","M","M","R","M","R","B",null,"M","M","M","?","M","R","M","R","T","M","M","$","R","M","R","B","B"],"character_chosen":"IRONCLAD","items_purchased":["Oddly Smooth Stone","Shrug It Off","Shrug It Off","PowerPotion"],"campfire_rested":4,"item_purchase_floors":[21,21,46,46],"current_hp_per_floor":[74,74,48,48,48,54,54,60,60,42,42,37,31,24,46,22,62,53,32,38,38,42,42,58,58,58,58,38,29,29,35,59,27,67,73,79,80,80,41,65,70,70,80,86,47,47,47,53,80,28,25],"gold":198,"neow_bonus":"THREE_ENEMY_KILL","is_prod":false,"is_daily":false,"chose_seed":false,"campfire_upgraded":6,"win_rate":0,"timestamp":1554760093,"path_taken":["M","?","?","?","$","E","R","E","T","E","R","E","M","?","R","BOSS","M","?","M","$","M","R","?","R","T","?","M","?","R","M","R","BOSS","M","M","M","?","M","R","M","R","T","M","M","$","R","?","R","BOSS","BOSS"],"build_version":"2019-04-04","purchased_purges":2,"victory":false,"max_hp_per_floor":[75,75,75,75,75,75,75,75,75,75,75,75,75,75,75,75,75,75,80,80,80,80,80,80,80,80,80,80,80,80,80,80,80,80,80,80,80,80,80,80,80,80,90,90,90,90,90,90,90,90,90],"card_choices":[{"not_picked":["Sword Boomerang","Thunderclap"],"picked":"Pummel","floor":1.0},{"not_picked":["Anger","Pommel Strike"],"picked":"Heavy Blade","floor":6.0},{"not_picked":["Pommel Strike","Rampage"],"picked":"Inflame","floor":8.0},{"not_picked":["Shrug It Off","Heavy Blade"],"picked":"Double Tap","floor":10.0},{"not_picked":["Body Slam","Rage","Heavy Blade"],"picked":"SKIP","floor":12.0},{"not_picked":["Clothesline","Armaments","Heavy Blade"],"picked":"SKIP","floor":13.0},{"not_picked":["Bludgeon","Berserk"],"picked":"Impervious","floor":16.0},{"not_picked":["Evolve","Rage","Cleave"],"picked":"SKIP","floor":18.0},{"not_picked":["Carnage","Havoc","Clash"],"picked":"SKIP","floor":20.0},{"not_picked":["Warcry","Body Slam"],"picked":"Sword Boomerang","floor":22.0},{"not_picked":["Power Through","Feel No Pain","Hemokinesis+1"],"picked":"SKIP","floor":28.0},{"not_picked":["Wild Strike","Rupture"],"picked":"Uppercut","floor":29.0},{"not_picked":["Clothesline","Armaments","Feel No Pain"],"picked":"SKIP","floor":31.0},{"not_picked":["Exhume","Juggernaut"],"picked":"Limit Break","floor":33.0},{"not_picked":["Headbutt"],"picked":"SKIP","floor":35.0},{"not_picked":["Sentinel"],"picked":"SKIP","floor":36.0},{"not_picked":["Heavy Blade"],"picked":"SKIP","floor":37.0},{"not_picked":["Warcry"],"picked":"SKIP","floor":39.0},{"not_picked":[],"picked":"Shrug It Off","floor":41.0},{"not_picked":["Twin Strike"],"picked":"SKIP","floor":44.0},{"not_picked":["Thunderclap"],"picked":"SKIP","floor":45.0},{"not_picked":["Evolve"],"picked":"SKIP","floor":48.0}],"player_experience":1346516,"relics_obtained":[{"floor":6.0,"key":"War Paint"},{"floor":8.0,"key":"Mercury Hourglass"},{"floor":9.0,"key":"Red Skull"},{"floor":10.0,"key":"MawBank"},{"floor":12.0,"key":"Letter Opener"},{"floor":43.0,"key":"Pear"}],"event_choices":[{"cards_removed":["Defend_R"],"damage_healed":0.0,"max_hp_gain":0.0,"max_hp_loss":0.0,"gold_gain":0.0,"event_name":"The Cleric","player_choice":"Card Removal","floor":2.0,"gold_loss":75.0,"damage_taken":0.0},{"damage_healed":0.0,"max_hp_gain":0.0,"max_hp_loss":0.0,"gold_gain":0.0,"event_name":"Scrap Ooze","player_choice":"Success","floor":3.0,"gold_loss":0.0,"damage_taken":26.0,"relics_obtained":["Smiling Mask"]},{"cards_removed":["Strike_R"],"damage_healed":0.0,"max_hp_gain":0.0,"max_hp_loss":0.0,"gold_gain":0.0,"event_name":"Golden Wing","player_choice":"Card Removal","floor":14.0,"gold_loss":0.0,"damage_taken":7.0},{"damage_healed":0.0,"max_hp_gain":5.0,"max_hp_loss":0.0,"gold_gain":0.0,"event_name":"Forgotten Altar","player_choice":"Shed Blood","floor":19.0,"gold_loss":0.0,"damage_taken":26.0},{"damage_healed":16.0,"max_hp_gain":0.0,"max_hp_loss":0.0,"gold_gain":0.0,"event_name":"The Library","player_choice":"Heal","floor":24.0,"gold_loss":0.0,"damage_taken":0.0},{"damage_healed":0.0,"max_hp_gain":0.0,"max_hp_loss":0.0,"gold_gain":0.0,"event_name":"Addict","player_choice":"Obtained Relic","floor":27.0,"gold_loss":85.0,"damage_taken":0.0,"relics_obtained":["Champion Belt"]},{"damage_healed":0.0,"max_hp_gain":0.0,"max_hp_loss":0.0,"gold_gain":0.0,"event_name":"Accursed Blacksmith","player_choice":"Forge","floor":38.0,"gold_loss":0.0,"damage_taken":0.0,"cards_upgraded":["Limit Break"]}],"is_beta":true,"boss_relics":[{"not_picked":["Calling Bell","Tiny House"],"picked":"Snecko Eye"},{"not_picked":["Cursed Key","Mark of Pain"],"picked":"Busted Crown"}],"items_purged_floors":[21,46],"is_endless":false,"potions_floor_spawned":[1,6,22,31,39,41],"killed_by":"Donu and Deca","ascension_level":20}