{"gold_per_floor":[112,112,126,29,42,42,74,84,84,112,112,142,142,168,168,268,268,286,297,297,317,392,392,424,442,467,481,501,511,529,543,543,642,642,653,653,76,1075,450,482,482,496,496,529,546,578,578,596,596,596],"floor_reached":50,"playtime":2004,"items_purged":["Decay","Normality"],"score":781,"play_id":"38c33d00-b788-443b-bad4-41b34be6f469","local_time":"20180727232329","is_ascension_mode":true,"campfire_choices":[{"data":"Armaments","floor":6,"key":"SMITH"},{"data":"Metallicize","floor":11,"key":"SMITH"},{"data":"Hemokinesis","floor":13,"key":"SMITH"},{"data":"Battle Trance","floor":15,"key":"SMITH"},{"data":"Reaper","floor":23,"key":"SMITH"},{"data":"Clash","floor":32,"key":"SMITH"},{"data":"Panache","floor":41,"key":"SMITH"},{"data":"Sentinel","floor":47,"key":"SMITH"},{"floor":49,"key":"REST"}],"neow_cost":"CURSE","seed_source_timestamp":272881079764899,"circlet_count":0,"master_deck":["Strike_R","Strike_R+1","Strike_R","Strike_R","Strike_R","Defend_R+1","Defend_R","Defend_R","Defend_R","Bash+1","Immolate+1","Corruption+1","Shockwave","Armaments+1","Thunderclap","Metallicize+1","Shrug It Off","Hemokinesis+1","Battle Trance+1","Reaper+1","Dropkick","Clash","Clash+1","Shockwave+1","Clash+1","Pommel Strike","Iron Wave+1","Dark Embrace","Shrug It Off","Madness","Madness","Sentinel+1","Panache+1","Normality","Inflame","Metallicize+1","Whirlwind+1","Burning Pact+1"],"relics":["Burning Blood","Boot","Centennial Puzzle","Self Forming Clay","Whetstone","Strawberry","Sozu","Bronze Scales","Dream Catcher","Philosopher\u0027s Stone","Ice Cream","Orichalcum","War Paint","Sling","Matryoshka","Red Skull","Unceasing Top","Anchor","Bag of Marbles"],"potions_floor_usage":[7,33,44],"damage_taken":[{"damage":3,"enemies":"Cultist","floor":1,"turns":4},{"damage":5,"enemies":"Small Slimes","floor":3,"turns":2},{"damage":0,"enemies":"2 Louse","floor":5,"turns":2},{"damage":15,"enemies":"Lagavulin","floor":7,"turns":5},{"damage":22,"enemies":"Gremlin Gang","floor":8,"turns":3},{"damage":1,"enemies":"3 Sentries","floor":10,"turns":2},{"damage":0,"enemies":"Lagavulin","floor":12,"turns":7},{"damage":6,"enemies":"Gremlin Nob","floor":14,"turns":4},{"damage":29,"enemies":"The Guardian","floor":16,"turns":9},{"damage":9,"enemies":"Chosen","floor":18,"turns":3},{"damage":14,"enemies":"2 Thieves","floor":19,"turns":2},{"damage":14,"enemies":"Snake Plant","floor":21,"turns":3},{"damage":14,"enemies":"Gremlin Leader","floor":24,"turns":4},{"damage":2,"enemies":"Cultist and Chosen","floor":25,"turns":3},{"damage":0,"enemies":"3 Cultists","floor":27,"turns":3},{"damage":17,"enemies":"Sentry and Sphere","floor":28,"turns":4},{"damage":18,"enemies":"Centurion and Healer","floor":29,"turns":2},{"damage":12,"enemies":"Snake Plant","floor":30,"turns":3},{"damage":2,"enemies":"3 Cultists","floor":31,"turns":4},{"damage":100,"enemies":"Champ","floor":33,"turns":9},{"damage":9,"enemies":"Orb Walker","floor":35,"turns":3},{"damage":9,"enemies":"Giant Head","floor":40,"turns":5},{"damage":7,"enemies":"3 Shapes","floor":42,"turns":3},{"damage":36,"enemies":"2 Orb Walkers","floor":44,"turns":5},{"damage":17,"enemies":"Flame Bruiser 2 Orb","floor":45,"turns":5},{"damage":45,"enemies":"Nemesis","floor":46,"turns":4},{"damage":31,"enemies":"Transient","floor":48,"turns":5},{"damage":60,"enemies":"Donu and Deca","floor":50,"turns":4}],"seed_played":"5922781862372836792","potions_obtained":[{"floor":1,"key":"Regen Potion"},{"floor":10,"key":"Strength Potion"},{"floor":12,"key":"Regen Potion"},{"floor":14,"key":"FairyPotion"}],"is_trial":false,"path_per_floor":["M","?","M","$","M","R","E","M","T","E","R","E","R","E","R","B",null,"M","M","?","M","?","R","E","M","T","M","M","M","M","M","R","B",null,"M","?","$","?","$","E","R","M","T","E","M","E","R","M","R"],"character_chosen":"IRONCLAD","items_purchased":["Armaments","Sentinel","Ice Cream","Panache","Orichalcum","War Paint","Sling","Inflame"],"campfire_rested":1,"item_purchase_floors":[4,37,37,37,39,39,39,39],"current_hp_per_floor":[80,64,65,65,71,71,74,58,58,63,63,69,69,76,76,53,87,84,82,82,74,66,66,58,62,62,68,57,59,53,71,71,12,87,84,73,73,73,73,87,87,86,86,79,85,47,47,32,58,0],"gold":596,"neow_bonus":"THREE_RARE_CARDS","is_prod":false,"is_daily":false,"chose_seed":false,"campfire_upgraded":8,"win_rate":0,"timestamp":1532759009,"path_taken":["M","?","?","$","M","R","E","M","T","E","R","E","R","E","R","BOSS","M","?","?","M","?","R","E","M","T","?","?","M","M","M","R","BOSS","M","?","$","?","$","E","R","M","T","E","?","E","R","M","R","BOSS"],"build_version":"2018-07-26","purchased_purges":2,"victory":false,"max_hp_per_floor":[80,80,80,80,80,80,80,80,80,80,80,80,80,87,87,87,87,87,87,87,87,87,87,87,87,87,87,87,87,87,87,87,87,87,87,87,87,87,87,87,87,87,87,87,87,87,87,87,87,87],"card_choices":[{"not_picked":["Berserk","Fiend Fire"],"picked":"Immolate","floor":0},{"not_picked":["Perfected Strike","Clash"],"picked":"Corruption","floor":1},{"not_picked":["Havoc","Second Wind"],"picked":"Shockwave","floor":3},{"not_picked":["Sword Boomerang","Iron Wave"],"picked":"Thunderclap","floor":5},{"not_picked":["Evolve","Heavy Blade"],"picked":"Metallicize","floor":7},{"not_picked":["Body Slam","True Grit"],"picked":"Shrug It Off","floor":8},{"not_picked":["Bloodletting","Perfected Strike","Clothesline"],"picked":"SKIP","floor":10},{"not_picked":["Sword Boomerang","Limit Break"],"picked":"Hemokinesis","floor":12},{"not_picked":["Juggernaut","Shrug It Off"],"picked":"Battle Trance","floor":14},{"not_picked":["Berserk","Dark Embrace"],"picked":"Reaper","floor":16},{"not_picked":["Fire Breathing","Havoc"],"picked":"Dropkick","floor":18},{"not_picked":["Body Slam+1","Carnage"],"picked":"Clash","floor":19},{"not_picked":["Clothesline+1","Iron Wave"],"picked":"Clash+1","floor":21},{"not_picked":["Rampage","Cleave"],"picked":"Shockwave","floor":24},{"not_picked":["Heavy Blade","Combust"],"picked":"Clash","floor":25},{"not_picked":["Havoc","Armaments","Perfected Strike"],"picked":"SKIP","floor":27},{"not_picked":["Body Slam","Havoc","Twin Strike"],"picked":"SKIP","floor":28},{"not_picked":["Heavy Blade","Flex+1","True Grit"],"picked":"SKIP","floor":29},{"not_picked":["Perfected Strike","Sword Boomerang+1"],"picked":"Pommel Strike","floor":30},{"not_picked":["Battle Trance","Shrug It Off"],"picked":"Iron Wave+1","floor":31},{"not_picked":["Reaper","Impervious"],"picked":"Dark Embrace","floor":33},{"not_picked":["Clothesline+1","Rage"],"picked":"Shrug It Off","floor":35},{"not_picked":["Thunderclap+1","Pommel Strike+1"],"picked":"Metallicize+1","floor":40},{"not_picked":["Headbutt","Cleave+1","Thunderclap+1"],"picked":"SKIP","floor":42},{"not_picked":["Entrench","Pommel Strike"],"picked":"Whirlwind+1","floor":44},{"not_picked":["Armaments+1","Dropkick","Bloodletting"],"picked":"SKIP","floor":45},{"not_picked":["Whirlwind","Iron Wave","Cleave+1"],"picked":"SKIP","floor":46},{"not_picked":["Dual Wield","Limit Break"],"picked":"Burning Pact+1","floor":48}],"player_experience":185406,"relics_obtained":[{"floor":7,"key":"Boot"},{"floor":9,"key":"Centennial Puzzle"},{"floor":10,"key":"Self Forming Clay"},{"floor":12,"key":"Whetstone"},{"floor":14,"key":"Strawberry"},{"floor":24,"key":"Bronze Scales"},{"floor":26,"key":"Dream Catcher"},{"floor":40,"key":"Matryoshka"},{"floor":43,"key":"Red Skull"},{"floor":43,"key":"Unceasing Top"},{"floor":44,"key":"Anchor"},{"floor":46,"key":"Bag of Marbles"}],"event_choices":[{"event_name":"Shining Light","player_choice":"Entered Light","floor":2,"damage_taken":0},{"event_name":"NoteForYourself","player_choice":"Ignored","floor":20,"damage_taken":0},{"event_name":"FaceTrader","player_choice":"Touch","floor":22,"damage_taken":0},{"event_name":"Winding Halls","player_choice":"Embrace Madness","floor":36,"damage_taken":0},{"event_name":"MindBloom","player_choice":"Gold","floor":38,"damage_taken":0}],"is_beta":true,"boss_relics":[{"not_picked":["Tiny House","Astrolabe"],"picked":"Sozu"},{"not_picked":["Cursed Key","White Beast Statue"],"picked":"Philosopher\u0027s Stone"}],"items_purged_floors":[4,39],"is_endless":false,"potions_floor_spawned":[1,10,12,14,18,27,29,31,33,42,45],"killed_by":"Donu and Deca","ascension_level":4}