{"gold_per_floor":[112,187,207,207,227,227,260,260,260,280,280,56,66,78,78,176,176,195,120,135,155,175,175,189,189,212,212,230,58,58,92,92,92],"floor_reached":33,"playtime":2808,"items_purged":["Strike_G"],"score":412,"play_id":"d01e84ec-1867-4b2d-8631-0187407a2137","local_time":"20181008195126","is_ascension_mode":true,"campfire_choices":[{"floor":6.0,"key":"REST"},{"floor":8.0,"key":"REST"},{"data":"Neutralize","floor":11.0,"key":"SMITH"},{"data":"Noxious Fumes","floor":15.0,"key":"SMITH"},{"data":"Backflip","floor":23,"key":"SMITH"},{"data":"Footwork","floor":25,"key":"SMITH"},{"floor":30,"key":"REST"},{"floor":32,"key":"REST"}],"neow_cost":"PERCENT_DAMAGE","seed_source_timestamp":0,"circlet_count":0,"master_deck":["Defend_G","Defend_G","Defend_G","Defend_G","Defend_G","Strike_G","Strike_G","Strike_G","Strike_G","Survivor","Neutralize+1","After Image+1","Blade Dance","Blade Dance","Prepared","PiercingWail","Backflip","Noxious Fumes+1","Escape Plan","Caltrops","Corpse Explosion","Backflip+1","Adrenaline","Footwork+1","Backflip","Cloak And Dagger"],"special_seed":0,"relics":["Ring of the Serpent","Ninja Scroll","Sundial","Bronze Scales","Gambling Chip","Oddly Smooth Stone","Ornamental Fan"],"potions_floor_usage":[22,22,28,31],"damage_taken":[{"damage":7.0,"enemies":"Small Slimes","floor":1.0,"turns":5.0},{"damage":2.0,"enemies":"Jaw Worm","floor":3.0,"turns":6.0},{"damage":1.0,"enemies":"Cultist","floor":5.0,"turns":3.0},{"damage":34.0,"enemies":"Gremlin Nob","floor":7.0,"turns":5.0},{"damage":10.0,"enemies":"Gremlin Gang","floor":10.0,"turns":5.0},{"damage":4.0,"enemies":"Exordium Thugs","floor":13.0,"turns":4.0},{"damage":0.0,"enemies":"3 Louse","floor":14.0,"turns":4.0},{"damage":2.0,"enemies":"Hexaghost","floor":16.0,"turns":11.0},{"damage":20.0,"enemies":"Spheric Guardian","floor":18.0,"turns":5.0},{"damage":0.0,"enemies":"3 Byrds","floor":20.0,"turns":4.0},{"damage":7,"enemies":"Centurion and Healer","floor":21,"turns":6},{"damage":14,"enemies":"Snake Plant","floor":22,"turns":4},{"damage":6,"enemies":"Cultist and Chosen","floor":24,"turns":5},{"damage":3,"enemies":"Shelled Parasite and Fungi","floor":28,"turns":6},{"damage":11,"enemies":"Slavers","floor":31,"turns":4},{"damage":77,"enemies":"Champ","floor":33,"turns":15}],"seed_played":"-9176493456045291879","potions_obtained":[{"floor":1.0,"key":"PowerPotion"},{"floor":14.0,"key":"SteroidPotion"},{"floor":16.0,"key":"Poison Potion"},{"floor":20.0,"key":"PowerPotion"},{"floor":24,"key":"EssenceOfSteel"},{"floor":28,"key":"Strength Potion"}],"is_trial":false,"path_per_floor":["M","?","M","?","M","R","E","R","T","M","R","$","M","M","R","B",null,"M","$","M","M","M","R","M","R","T","T","M","$","R","E","R"],"character_chosen":"THE_SILENT","items_purchased":["Noxious Fumes","Escape Plan","Regen Potion","Oddly Smooth Stone","Backflip"],"campfire_rested":4,"item_purchase_floors":[12,12,12,29,29],"current_hp_per_floor":[38,27,25,25,24,45,11,32,32,22,22,22,18,18,18,16,57,49,49,49,42,28,28,22,22,22,22,19,19,40,29,50,0],"gold":92,"neow_bonus":"THREE_RARE_CARDS","is_prod":false,"is_daily":false,"chose_seed":false,"campfire_upgraded":4,"win_rate":0,"timestamp":1539064286,"path_taken":["M","?","M","?","M","R","E","R","T","M","R","$","?","M","R","BOSS","M","$","?","M","M","R","M","R","T","?","M","$","R","E","R","BOSS"],"build_version":"2018-10-04v2","purchased_purges":1,"victory":false,"max_hp_per_floor":[70,70,70,70,70,70,70,70,70,70,70,70,70,70,70,70,70,70,70,70,70,70,70,70,70,70,70,70,70,70,70,70,70],"card_choices":[{"not_picked":["A Thousand Cuts","Phantasmal Killer"],"picked":"After Image","floor":0.0},{"not_picked":["Predator","Deflect"],"picked":"Blade Dance","floor":1.0},{"not_picked":["Prepared","Dagger Throw"],"picked":"Blade Dance","floor":3.0},{"not_picked":["Slice","Endless Agony"],"picked":"Prepared","floor":5.0},{"not_picked":["Tools of the Trade","Slice"],"picked":"PiercingWail","floor":7.0},{"not_picked":["Tactician","Dagger Spray"],"picked":"Backflip","floor":10.0},{"not_picked":["Dagger Throw","Blade Dance","Storm of Steel"],"picked":"SKIP","floor":13.0},{"not_picked":["Underhanded Strike","Concentrate"],"picked":"Caltrops","floor":14.0},{"not_picked":["Bullet Time","A Thousand Cuts"],"picked":"Corpse Explosion","floor":16.0},{"not_picked":["Slice","Sucker Punch"],"picked":"Backflip","floor":18.0},{"not_picked":["Poisoned Stab+1","Underhanded Strike+1"],"picked":"Adrenaline","floor":20.0},{"not_picked":["Sucker Punch","All Out Attack+1","Dagger Spray"],"picked":"SKIP","floor":21},{"not_picked":["Setup","Blade Dance","Dagger Throw"],"picked":"SKIP","floor":22},{"not_picked":["Distraction","Flying Knee"],"picked":"Footwork","floor":24},{"not_picked":["Blade Dance","Quick Slash","Bouncing Flask"],"picked":"SKIP","floor":28},{"not_picked":["Dagger Throw","Catalyst"],"picked":"Cloak And Dagger","floor":31}],"player_experience":311289,"relics_obtained":[{"floor":7.0,"key":"Ninja Scroll"},{"floor":9.0,"key":"Sundial"},{"floor":26,"key":"Bronze Scales"},{"floor":27,"key":"Gambling Chip"},{"floor":31,"key":"Ornamental Fan"}],"event_choices":[{"event_name":"World of Goop","player_choice":"Gather Gold","floor":2.0,"damage_taken":0.0},{"event_name":"Accursed Blacksmith","player_choice":"Forge","floor":4.0,"damage_taken":0.0}],"is_beta":false,"boss_relics":[{"not_picked":["Snecko Eye","Pandora\u0027s Box"],"picked":"Ring of the Serpent"}],"items_purged_floors":[19],"is_endless":false,"potions_floor_spawned":[1,14,16,20,24,28],"killed_by":"Champ","ascension_level":8}