{"gold_per_floor":[113,388,230,250,263,263,279,308,385,401,411,48,48,61,61,135,185,196,208,208,208,224,224,224,224,295,315,315,329,329,329,329,402,402,417,73,91,91,104,104,65,81,81,93,107,107],"floor_reached":46,"playtime":2585,"items_purged":["Regret"],"score":852,"play_id":"6de7d02a-3a07-48b8-873b-5b623e20e50e","local_time":"20190202001203","is_ascension_mode":true,"campfire_choices":[{"data":"Neutralize","floor":6,"key":"SMITH"},{"data":"Backstab","floor":13,"key":"SMITH"},{"floor":15,"key":"REST"},{"data":"Footwork","floor":23,"key":"SMITH"},{"floor":25,"key":"REST"},{"data":"Cloak And Dagger","floor":30,"key":"SMITH"},{"floor":32,"key":"REST"},{"floor":40,"key":"REST"}],"neow_cost":"NONE","seed_source_timestamp":1162868749557600,"circlet_count":0,"master_deck":["AscendersBane","Defend_G","Defend_G","Defend_G","Defend_G","Strike_G","Strike_G","Strike_G","Strike_G+1","Strike_G","Survivor","Neutralize+1","Cloak And Dagger","Caltrops","Backflip","Poisoned Stab","Venomology","Dodge and Roll","Infinite Blades","Backstab+1","Cloak And Dagger+1","Corpse Explosion","Footwork+1","Escape Plan","Dash","Accuracy","Well Laid Plans"],"relics":["Ring of the Snake","NeowsBlessing","Dead Branch","Meat on the Bone","Mercury Hourglass","Tiny House","Nilry\u0027s Codex","Ornamental Fan","CultistMask","Calling Bell","Orichalcum","Dodecahedron","Ice Cream","The Specimen","Molten Egg 2"],"potions_floor_usage":[7,8,10,11,18,22,29,29,33,33,35,37,37,44,44,46,46],"damage_taken":[{"damage":0,"enemies":"Small Slimes","floor":1,"turns":1},{"damage":0,"enemies":"Cultist","floor":4,"turns":1},{"damage":0,"enemies":"Jaw Worm","floor":5,"turns":1},{"damage":0,"enemies":"Looter","floor":7,"turns":4},{"damage":44,"enemies":"Gremlin Nob","floor":8,"turns":5},{"damage":14,"enemies":"Gremlin Gang","floor":10,"turns":8},{"damage":9,"enemies":"Large Slime","floor":11,"turns":7},{"damage":0,"enemies":"Looter","floor":14,"turns":2},{"damage":20,"enemies":"The Guardian","floor":16,"turns":11},{"damage":23,"enemies":"Shell Parasite","floor":18,"turns":5},{"damage":1,"enemies":"3 Byrds","floor":19,"turns":3},{"damage":4,"enemies":"Centurion and Healer","floor":22,"turns":6},{"damage":11,"enemies":"Snecko","floor":27,"turns":5},{"damage":8,"enemies":"Sentry and Sphere","floor":29,"turns":8},{"damage":23,"enemies":"Champ","floor":33,"turns":18},{"damage":0,"enemies":"3 Shapes","floor":35,"turns":3},{"damage":23,"enemies":"3 Darklings","floor":37,"turns":3},{"damage":25,"enemies":"Jaw Worm Horde","floor":39,"turns":2},{"damage":18,"enemies":"Sphere and 2 Shapes","floor":42,"turns":5},{"damage":7,"enemies":"Maw","floor":44,"turns":9},{"damage":5,"enemies":"Writhing Mass","floor":45,"turns":12},{"damage":59,"enemies":"Transient","floor":46,"turns":5}],"seed_played":"-2696810034086650981","potions_obtained":[{"floor":5,"key":"Fire Potion"},{"floor":7,"key":"Energy Potion"},{"floor":11,"key":"Fire Potion"},{"floor":27,"key":"Strength Potion"},{"floor":29,"key":"GamblersBrew"},{"floor":33,"key":"PowerPotion"},{"floor":35,"key":"Regen Potion"},{"floor":39,"key":"GhostInAJar"}],"is_trial":false,"path_per_floor":["M","?","$","M","M","R","M","E","T","M","M","$","R","M","R","B",null,"M","M","?","?","M","R","?","R","T","M","?","M","R","?","R","B",null,"M","$","M","?","M","R","$","M","T","M","M","M"],"character_chosen":"THE_SILENT","items_purchased":["Caltrops","Mercury Hourglass","Backstab","The Specimen","Well Laid Plans"],"campfire_rested":4,"item_purchase_floors":[3,12,12,36,41],"current_hp_per_floor":[59,59,59,59,59,59,59,15,15,13,16,16,16,28,47,39,64,41,40,20,20,28,28,7,29,29,30,30,34,34,34,56,45,68,68,68,56,56,43,64,64,46,46,39,46,0],"gold":107,"neow_bonus":"THREE_ENEMY_KILL","is_prod":false,"is_daily":false,"chose_seed":false,"campfire_upgraded":4,"win_rate":0,"timestamp":1549062723,"path_taken":["M","?","?","?","M","R","M","E","T","M","M","$","R","M","R","BOSS","M","M","?","?","?","R","?","R","T","M","?","?","R","?","R","BOSS","M","?","?","?","?","R","$","M","T","M","M","M"],"build_version":"2019-01-23","purchased_purges":1,"victory":false,"max_hp_per_floor":[66,66,66,66,66,66,66,66,66,66,66,66,66,66,66,66,71,71,71,76,76,76,76,76,76,76,76,76,76,76,76,76,76,76,76,76,76,70,70,70,70,70,70,70,70,70],"card_choices":[{"not_picked":["PiercingWail","Terror"],"picked":"Cloak And Dagger","floor":1},{"not_picked":["Quick Slash","Sucker Punch"],"picked":"Backflip","floor":4},{"not_picked":["Quick Slash","PiercingWail"],"picked":"Poisoned Stab","floor":5},{"not_picked":["Dagger Throw","Caltrops","Acrobatics"],"picked":"SKIP","floor":7},{"not_picked":["PiercingWail","Sucker Punch"],"picked":"Venomology","floor":8},{"not_picked":["Blade Dance","PiercingWail"],"picked":"Dodge and Roll","floor":10},{"not_picked":["Flying Knee","Endless Agony"],"picked":"Infinite Blades","floor":11},{"not_picked":["Noxious Fumes","Endless Agony"],"picked":"Cloak And Dagger","floor":14},{"not_picked":["Grand Finale","Envenom"],"picked":"Corpse Explosion","floor":16},{"not_picked":["Deadly Poison","Flying Knee"],"picked":"Footwork","floor":18},{"not_picked":["Prepared+1","Accuracy+1"],"picked":"Escape Plan","floor":19},{"not_picked":["Masterful Stab","Finisher","Outmaneuver"],"picked":"SKIP","floor":22},{"not_picked":["Envenom","Underhanded Strike"],"picked":"Accuracy","floor":27},{"not_picked":["Outmaneuver+1","Dash","Flying Knee"],"picked":"SKIP","floor":29},{"not_picked":["Deflect","Prepared","Blade Dance"],"picked":"SKIP","floor":35},{"not_picked":["Dash","Terror","Finisher+1"],"picked":"SKIP","floor":37},{"not_picked":["Bullet Time","Slice+1","Dagger Throw"],"picked":"SKIP","floor":39},{"not_picked":["Underhanded Strike","Deflect","Bane"],"picked":"SKIP","floor":42},{"not_picked":["Deflect","Flying Knee+1","Flechettes+1"],"picked":"SKIP","floor":44},{"not_picked":["Quick Slash+1","Malaise","Dagger Spray+1"],"picked":"SKIP","floor":45}],"player_experience":1116393,"relics_obtained":[{"floor":8,"key":"Dead Branch"},{"floor":9,"key":"Meat on the Bone"},{"floor":24,"key":"Nilry\u0027s Codex"},{"floor":26,"key":"Ornamental Fan"},{"floor":34,"key":"Orichalcum"},{"floor":34,"key":"Dodecahedron"},{"floor":34,"key":"Ice Cream"},{"floor":43,"key":"Molten Egg 2"}],"event_choices":[{"damage_healed":0,"gold_gain":275,"player_choice":"Desecrate","damage_taken":0,"max_hp_gain":0,"max_hp_loss":0,"event_name":"Golden Shrine","floor":2,"gold_loss":0,"cards_obtained":["Regret"]},{"damage_healed":0,"gold_gain":0,"player_choice":"Shed Blood","damage_taken":25,"max_hp_gain":5,"max_hp_loss":0,"event_name":"Forgotten Altar","floor":20,"gold_loss":0},{"damage_healed":0,"gold_gain":0,"cards_transformed":["Defend_G"],"player_choice":"Transformed","damage_taken":0,"max_hp_gain":0,"max_hp_loss":0,"event_name":"Transmorgrifier","floor":21,"gold_loss":0,"cards_obtained":["Dash"]},{"damage_healed":0,"gold_gain":0,"player_choice":"Obtained Book","damage_taken":21,"max_hp_gain":0,"max_hp_loss":0,"event_name":"Cursed Tome","floor":24,"gold_loss":0},{"damage_healed":0,"gold_gain":0,"player_choice":"Got Potions","damage_taken":0,"max_hp_gain":0,"max_hp_loss":0,"event_name":"Lab","floor":28,"gold_loss":0},{"damage_healed":0,"gold_gain":0,"player_choice":"Trade","damage_taken":0,"relics_obtained":["CultistMask"],"max_hp_gain":0,"max_hp_loss":0,"event_name":"FaceTrader","floor":31,"gold_loss":0},{"cards_removed":["Parasite","Parasite","Writhe"],"damage_healed":0,"gold_gain":0,"player_choice":"Removed Curses","damage_taken":0,"max_hp_gain":0,"max_hp_loss":0,"event_name":"Fountain of Cleansing","floor":38,"gold_loss":0}],"is_beta":true,"boss_relics":[{"not_picked":["Pandora\u0027s Box","Busted Crown"],"picked":"Tiny House"},{"not_picked":["Runic Pyramid","Fusion Hammer"],"picked":"Calling Bell"}],"items_purged_floors":[3],"is_endless":false,"potions_floor_spawned":[5,7,11,16,27,29,33,35,39,45],"killed_by":"Transient","ascension_level":20}