{"gold_per_floor":[219,236,253,279,279,279,296,296,296,309,136,152,162,162,162,162],"floor_reached":16,"playtime":411,"items_purged":[],"score":188,"play_id":"1b997499-30c0-4888-a4b0-5a52e869a86e","local_time":"20190127212702","is_ascension_mode":true,"campfire_choices":[{"floor":6,"key":"REST"},{"data":"All Out Attack","floor":8,"key":"SMITH"},{"data":"Neutralize","floor":15,"key":"SMITH"}],"neow_cost":"NONE","seed_source_timestamp":723124556956800,"circlet_count":0,"master_deck":["AscendersBane","Defend_G","Defend_G","Defend_G+1","Defend_G","Defend_G","Strike_G+1","Strike_G","Strike_G","Strike_G","Strike_G","Survivor+1","Neutralize+1","All Out Attack+1","Dash","Blade Dance+1","Poisoned Stab","Poisoned Stab"],"relics":["Ring of the Snake","Bag of Preparation","Ornamental Fan","War Paint"],"potions_floor_usage":[16,16],"damage_taken":[{"damage":17,"enemies":"Cultist","floor":1,"turns":4},{"damage":0,"enemies":"Small Slimes","floor":2,"turns":4},{"damage":4,"enemies":"Jaw Worm","floor":3,"turns":4},{"damage":5,"enemies":"Lots of Slimes","floor":7,"turns":4},{"damage":0,"enemies":"3 Louse","floor":10,"turns":2},{"damage":0,"enemies":"Large Slime","floor":12,"turns":4},{"damage":0,"enemies":"Gremlin Gang","floor":13,"turns":1},{"damage":33,"enemies":"Slime Boss","floor":16,"turns":8}],"seed_played":"-5246963754564478167","potions_obtained":[{"floor":3,"key":"Energy Potion"},{"floor":7,"key":"Poison Potion"}],"is_trial":false,"path_per_floor":["M","M","M","T","?","R","M","R","T","M","$","M","M","?","R","B"],"character_chosen":"THE_SILENT","items_purchased":["War Paint"],"campfire_rested":1,"item_purchase_floors":[11],"current_hp_per_floor":[42,42,38,38,18,37,32,32,32,32,32,32,32,32,32,0],"gold":162,"neow_bonus":"HUNDRED_GOLD","is_prod":false,"is_daily":false,"chose_seed":false,"campfire_upgraded":2,"win_rate":0,"timestamp":1548620822,"path_taken":["M","M","M","?","?","R","M","R","T","M","?","?","M","?","R","BOSS"],"build_version":"2019-01-23","purchased_purges":0,"victory":false,"max_hp_per_floor":[66,66,66,66,66,66,66,66,66,66,66,66,66,66,66,66],"card_choices":[{"not_picked":["Acrobatics","Skewer"],"picked":"All Out Attack","floor":1},{"not_picked":["Reflex","Bane"],"picked":"Dash","floor":2},{"not_picked":["Prepared","Setup"],"picked":"Blade Dance","floor":3},{"not_picked":["Dagger Throw","Concentrate"],"picked":"Poisoned Stab","floor":7},{"not_picked":["Outmaneuver","Crippling Poison","Quick Slash"],"picked":"SKIP","floor":10},{"not_picked":["Dagger Throw","Quick Slash"],"picked":"Poisoned Stab","floor":12},{"not_picked":["Dagger Throw","Dodge and Roll","Expertise"],"picked":"SKIP","floor":13}],"player_experience":1091412,"relics_obtained":[{"floor":4,"key":"Bag of Preparation"},{"floor":9,"key":"Ornamental Fan"}],"event_choices":[{"damage_healed":0,"gold_gain":0,"player_choice":"Entered Light","damage_taken":20,"max_hp_gain":0,"max_hp_loss":0,"event_name":"Shining Light","floor":5,"gold_loss":0,"cards_upgraded":["Survivor","Strike_G"]},{"damage_healed":0,"gold_gain":0,"player_choice":"Searched \u00270\u0027 times","damage_taken":0,"max_hp_gain":0,"max_hp_loss":0,"event_name":"Dead Adventurer","floor":14,"gold_loss":0}],"is_beta":true,"boss_relics":[],"items_purged_floors":[],"is_endless":false,"potions_floor_spawned":[3,7,13],"killed_by":"Slime Boss","ascension_level":20}