{"gold_per_floor":[113,113,0,10,23,23,42,69,69,99,111,30,43,53,53,156,156,172,172,172,172,87,113,113,126,126,126,126,137,137,137,137,242,242,260,306,306,326,326,326,326,326,326,326,326,426,446,22,22,22],"floor_reached":51,"playtime":2078,"items_purged":["Strike_R","Strike_R"],"score":742,"play_id":"c6e72ab8-95cd-4b1a-af29-f945d1e85354","local_time":"20190422140412","is_ascension_mode":true,"campfire_choices":[{"data":"Offering","floor":6,"key":"SMITH"},{"data":"Bash","floor":15,"key":"SMITH"},{"floor":24,"key":"REST"},{"floor":27,"key":"REST"},{"floor":32,"key":"REST"},{"floor":40,"key":"REST"},{"data":"Immolate","floor":42,"key":"SMITH"},{"data":"Metallicize","floor":49,"key":"SMITH"}],"neow_cost":"NONE","seed_source_timestamp":1826704960353628,"circlet_count":0,"master_deck":["Defend_R","Defend_R","Defend_R","Defend_R","Bash+1","Dropkick","Offering+1","Bash","Metallicize+1","Clothesline","Combust","Hemokinesis","Warcry","Inflame","Shrug It Off","Feed","Dropkick","Impervious","Shockwave+1","Warcry+1","Necronomicurse","Disarm","Immolate+1","Warcry","Writhe","Madness","Bandage Up","Headbutt+1"],"relics":["Burning Blood","Juzu Bracelet","Mummified Hand","Runic Cube","WingedGreaves","Vajra","Kunai","Champion Belt","Shuriken","Necronomicon","Mark of Pain","Charon\u0027s Ashes","Smiling Mask","Du-Vu Doll","Bronze Scales","Bag of Marbles"],"potions_floor_usage":[16,29,33,36,36,47,50,50],"damage_taken":[{"damage":1,"enemies":"Cultist","floor":1,"turns":4},{"damage":3,"enemies":"2 Louse","floor":4,"turns":3},{"damage":7,"enemies":"Jaw Worm","floor":5,"turns":2},{"damage":13,"enemies":"Looter","floor":7,"turns":3},{"damage":22,"enemies":"Lagavulin","floor":8,"turns":5},{"damage":10,"enemies":"Red Slaver","floor":11,"turns":2},{"damage":11,"enemies":"Blue Slaver","floor":13,"turns":2},{"damage":2,"enemies":"2 Fungi Beasts","floor":14,"turns":3},{"damage":33,"enemies":"Hexaghost","floor":16,"turns":9},{"damage":22,"enemies":"Spheric Guardian","floor":18,"turns":5},{"damage":33,"enemies":"Colosseum Slavers","floor":20,"turns":4},{"damage":37,"enemies":"Slavers","floor":23,"turns":6},{"damage":21,"enemies":"3 Byrds","floor":25,"turns":4},{"damage":9,"enemies":"Centurion and Healer","floor":29,"turns":4},{"damage":58,"enemies":"Automaton","floor":33,"turns":8},{"damage":3,"enemies":"3 Shapes","floor":35,"turns":4},{"damage":23,"enemies":"2 Orb Walkers","floor":36,"turns":4},{"damage":10,"enemies":"Orb Walker","floor":38,"turns":4},{"damage":25,"enemies":"Mind Bloom Boss Battle","floor":46,"turns":5},{"damage":9,"enemies":"3 Darklings","floor":47,"turns":3},{"damage":59,"enemies":"Time Eater","floor":50,"turns":10}],"seed_played":"1863823427491898800","potions_obtained":[{"floor":7,"key":"Explosive Potion"},{"floor":11,"key":"Weak Potion"},{"floor":13,"key":"FairyPotion"},{"floor":16,"key":"Dexterity Potion"},{"floor":25,"key":"Strength Potion"},{"floor":33,"key":"EntropicBrew"},{"floor":36,"key":"LiquidBronze"},{"floor":44,"key":"Weak Potion"}],"is_trial":false,"path_per_floor":["M","?","$","M","M","R","M","E","T","?","M","$","M","M","R","B",null,"M","?","?","?","?","E","R","M","T","R","T","M","?","?","R","B",null,"M","?","?","M","?","R","?","R","T","?","?","?","M","$","R","B",null],"character_chosen":"IRONCLAD","items_purchased":["Metallicize","Inflame","Bronze Scales","Bag of Marbles","EssenceOfSteel"],"campfire_rested":4,"item_purchase_floors":[3,12,48,48,48],"current_hp_per_floor":[88,88,88,88,87,87,80,64,64,64,60,60,55,59,59,32,88,72,72,48,48,48,17,44,32,32,60,60,60,44,44,73,21,97,100,83,100,96,86,100,100,100,100,100,100,81,82,82,82,33],"gold":22,"neow_bonus":"TEN_PERCENT_HP_BONUS","is_prod":false,"is_daily":false,"chose_seed":false,"campfire_upgraded":4,"win_rate":0,"timestamp":1555920252,"path_taken":["M","?","$","?","M","R","M","E","T","?","M","?","M","M","R","BOSS","M","?","?","?","?","E","R","M","T","R","?","M","?","?","R","BOSS","M","?","?","M","?","R","?","R","T","?","?","?","M","$","R","BOSS"],"build_version":"2019-01-23","purchased_purges":2,"victory":true,"max_hp_per_floor":[88,88,88,88,88,88,88,88,88,88,88,88,88,88,88,88,88,88,88,91,91,91,91,91,94,94,94,94,97,97,97,97,97,97,100,100,100,100,100,100,100,100,100,100,100,100,100,100,100,100],"card_choices":[{"not_picked":["Heavy Blade","Inflame"],"picked":"Dropkick","floor":1},{"not_picked":["Havoc","Perfected Strike"],"picked":"Clothesline","floor":4},{"not_picked":["Entrench","Reckless Charge"],"picked":"Combust","floor":5},{"not_picked":["Flex","Armaments"],"picked":"Hemokinesis","floor":7},{"not_picked":["Combust","Iron Wave"],"picked":"Warcry","floor":8},{"not_picked":["Second Wind","Cleave","Anger"],"picked":"SKIP","floor":11},{"not_picked":["Second Wind","Cleave","Anger"],"picked":"SKIP","floor":11},{"not_picked":["Armaments","Second Wind"],"picked":"Shrug It Off","floor":13},{"not_picked":["Clothesline","Blood for Blood","Shrug It Off"],"picked":"SKIP","floor":14},{"not_picked":["Brutality","Impervious"],"picked":"Feed","floor":16},{"not_picked":["Second Wind","Reckless Charge","Body Slam"],"picked":"SKIP","floor":18},{"not_picked":["Wild Strike+1","Clash"],"picked":"Shockwave+1","floor":23},{"not_picked":["Disarm","Twin Strike"],"picked":"Warcry+1","floor":25},{"not_picked":["Heavy Blade","Clash","Perfected Strike+1"],"picked":"SKIP","floor":29},{"not_picked":["Bludgeon","Impervious"],"picked":"Immolate","floor":33},{"not_picked":["Havoc+1","Cleave+1","Reckless Charge+1"],"picked":"SKIP","floor":35},{"not_picked":["Whirlwind+1","Body Slam+1"],"picked":"Warcry","floor":36},{"not_picked":["Pommel Strike","Perfected Strike","Body Slam+1"],"picked":"SKIP","floor":38},{"not_picked":["Metamorphosis","Panache"],"picked":"Sadistic Nature","floor":39},{"not_picked":["Jack Of All Trades","Master of Strategy"],"picked":"Madness","floor":39},{"not_picked":["PanicButton","Forethought"],"picked":"Bandage Up","floor":39},{"not_picked":["Body Slam","Blood for Blood"],"picked":"Headbutt+1","floor":47}],"player_experience":1183197,"relics_obtained":[{"floor":8,"key":"Juzu Bracelet"},{"floor":9,"key":"Mummified Hand"},{"floor":23,"key":"Kunai"},{"floor":26,"key":"Champion Belt"},{"floor":28,"key":"Shuriken"},{"floor":30,"key":"Necronomicon"},{"floor":36,"key":"Charon\u0027s Ashes"},{"floor":43,"key":"Smiling Mask"},{"floor":46,"key":"Du-Vu Doll"}],"event_choices":[{"damage_healed":0,"gold_gain":0,"player_choice":"2 cards matched","damage_taken":0,"max_hp_gain":0,"max_hp_loss":0,"event_name":"Match and Keep!","floor":2,"gold_loss":0,"cards_obtained":["Offering","Bash"]},{"damage_healed":0,"gold_gain":30,"player_choice":"Searched \u00271\u0027 times","damage_taken":0,"max_hp_gain":0,"max_hp_loss":0,"event_name":"Dead Adventurer","floor":10,"gold_loss":0},{"damage_healed":0,"gold_gain":0,"player_choice":"Gave Potion","damage_taken":0,"relics_obtained":["WingedGreaves"],"max_hp_gain":0,"max_hp_loss":0,"event_name":"WeMeetAgain","floor":19,"gold_loss":0},{"damage_healed":0,"gold_gain":0,"player_choice":"Fight","damage_taken":0,"max_hp_gain":0,"max_hp_loss":0,"event_name":"Colosseum","floor":20,"gold_loss":0},{"damage_healed":0,"gold_gain":0,"player_choice":"Fled From Nobs","damage_taken":0,"max_hp_gain":0,"max_hp_loss":0,"event_name":"Colosseum","floor":20,"gold_loss":0},{"damage_healed":0,"gold_gain":0,"cards_transformed":["Strike_R","Strike_R"],"player_choice":"Became Test Subject","damage_taken":0,"max_hp_gain":0,"max_hp_loss":0,"event_name":"Drug Dealer","floor":21,"gold_loss":0,"cards_obtained":["Dropkick","Impervious"]},{"damage_healed":0,"gold_gain":0,"player_choice":"Obtained Relic","damage_taken":0,"relics_obtained":["Vajra"],"max_hp_gain":0,"max_hp_loss":0,"event_name":"Addict","floor":22,"gold_loss":85},{"damage_healed":0,"gold_gain":0,"player_choice":"Obtained Book","damage_taken":16,"max_hp_gain":0,"max_hp_loss":0,"event_name":"Cursed Tome","floor":30,"gold_loss":0},{"damage_healed":0,"gold_gain":0,"cards_transformed":["Strike_R"],"player_choice":"Transformed","damage_taken":0,"max_hp_gain":0,"max_hp_loss":0,"event_name":"Transmorgrifier","floor":31,"gold_loss":0,"cards_obtained":["Disarm"]},{"damage_healed":0,"gold_gain":0,"player_choice":"Fight","damage_taken":0,"max_hp_gain":0,"max_hp_loss":0,"event_name":"Mysterious Sphere","floor":36,"gold_loss":0},{"damage_healed":25,"gold_gain":0,"player_choice":"Writhe","damage_taken":0,"max_hp_gain":0,"max_hp_loss":0,"event_name":"Winding Halls","floor":37,"gold_loss":0,"cards_obtained":["Writhe"]},{"damage_healed":0,"gold_gain":0,"player_choice":"Memory 3","damage_taken":10,"max_hp_gain":0,"max_hp_loss":0,"event_name":"SensoryStone","floor":39,"gold_loss":0},{"damage_healed":0,"gold_gain":0,"player_choice":"Ignored","damage_taken":0,"max_hp_gain":0,"max_hp_loss":0,"event_name":"Tomb of Lord Red Mask","floor":41,"gold_loss":0},{"damage_healed":0,"gold_gain":0,"player_choice":"Got Potions","damage_taken":0,"max_hp_gain":0,"max_hp_loss":0,"event_name":"Lab","floor":44,"gold_loss":0},{"cards_removed":["Sadistic Nature"],"damage_healed":0,"gold_gain":0,"player_choice":"Removed Power","damage_taken":0,"max_hp_gain":0,"max_hp_loss":0,"event_name":"Falling","floor":45,"gold_loss":0},{"damage_healed":0,"gold_gain":0,"player_choice":"Fight","damage_taken":0,"max_hp_gain":0,"max_hp_loss":0,"event_name":"MindBloom","floor":46,"gold_loss":0}],"is_beta":false,"boss_relics":[{"not_picked":["Velvet Choker","Pandora\u0027s Box"],"picked":"Runic Cube"},{"not_picked":["White Beast Statue","Astrolabe"],"picked":"Mark of Pain"}],"items_purged_floors":[3,48],"is_endless":false,"potions_floor_spawned":[7,11,13,16,20,25,33,36,38],"ascension_level":1}