{"path_per_floor":["?","?","?","?","?","?","?","?","?","?","?","?","?","?","?"],"character_chosen":"IRONCLAD","items_purchased":[],"gold_per_floor":[114,129,144,159,109,169,184,184,259,259,274,274,324,339,339],"floor_reached":16,"campfire_rested":0,"playtime":636,"current_hp_per_floor":[80,75,79,80,80,56,51,51,51,51,52,80,80,80,80],"items_purged":[],"gold":339,"score":104,"play_id":"79bed34f-eeff-4f8a-80fd-15e342905aa5","local_time":"20180302161645","daily_mods":[{"name":"Diverse","description":"Start with 2 cards from another class.","modID":"Diverse","img":{"data":{"file":{"file":{"path":"images\\ui\\run_mods\\diverse.png"},"type":"Internal"},"width":64,"height":64,"format":"RGBA8888","useMipMaps":false,"isPrepared":false},"glTarget":3553,"glHandle":685,"minFilter":"Linear","magFilter":"Linear","uWrap":"ClampToEdge","vWrap":"ClampToEdge"},"positive":true},{"name":"Uncertain Future","description":"The map shows only ?.","modID":"Uncertain Future","img":{"data":{"file":{"file":{"path":"images\\ui\\run_mods\\uncertain_future.png"},"type":"Internal"},"width":64,"height":64,"format":"RGBA8888","useMipMaps":false,"isPrepared":false},"glTarget":3553,"glHandle":679,"minFilter":"Linear","magFilter":"Linear","uWrap":"ClampToEdge","vWrap":"ClampToEdge"},"positive":false},{"name":"Binary","description":"Card rewards contain only 2 cards.","modID":"Binary","img":{"data":{"file":{"file":{"path":"images\\ui\\run_mods\\binary.png"},"type":"Internal"},"width":64,"height":64,"format":"RGBA8888","useMipMaps":false,"isPrepared":false},"glTarget":3553,"glHandle":680,"minFilter":"Linear","magFilter":"Linear","uWrap":"ClampToEdge","vWrap":"ClampToEdge"},"positive":false},{"name":"Vintage","description":"The Merchant\u0027s prices are increased by 25%.","modID":"Vintage","img":{"data":{"file":{"file":{"path":"images\\ui\\run_mods\\vintage.png"},"type":"Internal"},"width":64,"height":64,"format":"RGBA8888","useMipMaps":false,"isPrepared":false},"glTarget":3553,"glHandle":677,"minFilter":"Linear","magFilter":"Linear","uWrap":"ClampToEdge","vWrap":"ClampToEdge"},"positive":false}],"is_prod":false,"is_daily":true,"is_ascension_mode":false,"campfire_upgraded":3,"timestamp":1520003805,"path_taken":["?","?","?","?","?","?","?","?","?","?","?","?","?","?","?","BOSS"],"build_version":"2018-03-01-PROD1","purchased_purges":0,"victory":false,"master_deck":["Strike_R","Strike_R","Strike_R","Strike_R","Defend_R","Defend_R","Defend_R","Defend_R","Bash","Bouncing Flask+1","Warcry","Battle Trance","Body Slam+1","Battle Trance","Pommel Strike+1"],"max_hp_per_floor":[80,80,80,80,80,80,80,80,80,80,80,80,80,80,80],"relics":["Burning Blood","Tiny Chest","Gremlin Horn","Regal Pillow"],"card_choices":[{"not_picked":["Clash"],"picked":"Warcry"},{"not_picked":["Body Slam"],"picked":"Battle Trance"},{"not_picked":["Sentinel"],"picked":"Body Slam"},{"not_picked":["Juggernaut"],"picked":"Battle Trance"},{"not_picked":["Sword Boomerang"],"picked":"Pommel Strike"}],"player_experience":243942,"potions_floor_usage":[16,16,16],"damage_taken":[{"damage":6,"enemies":"Cultist","floor":1,"turns":3},{"damage":11,"enemies":"Jaw Worm","floor":2,"turns":4},{"damage":2,"enemies":"Small Slimes","floor":3,"turns":4},{"damage":0,"enemies":"2 Fungi Beasts","floor":4,"turns":5},{"damage":30,"enemies":"Gremlin Nob","floor":6,"turns":4},{"damage":11,"enemies":"Red Slaver","floor":7,"turns":4},{"damage":5,"enemies":"Looter","floor":11,"turns":3},{"damage":6,"enemies":"Blue Slaver","floor":14,"turns":5},{"damage":89,"enemies":"Slime Boss","floor":16,"turns":11}],"event_choices":[{"event_name":"The Cleric","player_choice":"Card Removal","floor":5,"damage_taken":0},{"event_name":"Bonfire Elementals","player_choice":"UNCOMMON","floor":12,"damage_taken":0}],"boss_relics":[],"potions_floor_spawned":[2,3,4,7,14],"seed_played":"-4064848218327866266","killed_by":"Slime Boss","ascension_level":0,"is_trial":false}