{"gold_per_floor":[119,119,137,162,162,162,196,196,196,221,236,236,260,291],"floor_reached":14,"playtime":283,"items_purged":[],"score":102,"play_id":"0aeb018d-bfa9-4907-8e80-edc5c164f115","local_time":"20190221231528","is_ascension_mode":false,"campfire_choices":[{"data":"Bash","floor":6,"key":"SMITH"},{"floor":8,"key":"REST"}],"neow_cost":"NONE","seed_source_timestamp":170204990971500,"circlet_count":0,"master_deck":["Strike_R","Strike_R","Strike_R","Strike_R","Strike_R","Defend_R","Defend_R","Defend_R","Defend_R","Bash+1","Shrug It Off"],"relics":["Burning Blood","NeowsBlessing","Golden Idol","Dead Branch","Magic Flower","CultistMask","Molten Egg 2"],"potions_floor_usage":[11],"damage_taken":[{"damage":0,"enemies":"Small Slimes","floor":1,"turns":1},{"damage":0,"enemies":"2 Louse","floor":3,"turns":1},{"damage":0,"enemies":"Cultist","floor":4,"turns":1},{"damage":36,"enemies":"Lagavulin","floor":7,"turns":6},{"damage":0,"enemies":"Large Slime","floor":10,"turns":7},{"damage":8,"enemies":"Gremlin Gang","floor":11,"turns":3},{"damage":1,"enemies":"Exordium Wildlife","floor":13,"turns":4},{"damage":22,"enemies":"Gremlin Nob","floor":14,"turns":5}],"seed_played":"9062426113002279819","potions_obtained":[{"floor":3,"key":"AttackPotion"},{"floor":10,"key":"Dexterity Potion"},{"floor":14,"key":"Block Potion"}],"is_trial":false,"path_per_floor":["M","?","M","M","?","R","E","R","T","M","M","?","M","E"],"character_chosen":"IRONCLAD","items_purchased":[],"campfire_rested":1,"item_purchase_floors":[],"current_hp_per_floor":[80,60,66,72,72,72,42,66,66,75,76,76,80,67],"gold":291,"neow_bonus":"THREE_ENEMY_KILL","is_prod":false,"is_daily":false,"chose_seed":false,"campfire_upgraded":1,"win_rate":0,"timestamp":1550787328,"path_taken":["M","?","M","M","?","R","E","R","T","M","?","?","?","E"],"build_version":"2019-02-06","purchased_purges":0,"victory":false,"max_hp_per_floor":[80,80,80,80,80,80,80,80,80,80,80,80,80,80],"card_choices":[{"not_picked":["Warcry","Pommel Strike","Twin Strike"],"picked":"SKIP","floor":1},{"not_picked":["Inflame","Clothesline","Pummel"],"picked":"SKIP","floor":3},{"not_picked":["Dual Wield","Ghostly Armor","Havoc"],"picked":"SKIP","floor":4},{"not_picked":["Inflame","Headbutt"],"picked":"Shrug It Off","floor":7},{"not_picked":["Power Through","Spot Weakness","Armaments"],"picked":"SKIP","floor":10},{"not_picked":["Burning Pact","Feel No Pain","Feed"],"picked":"SKIP","floor":11},{"not_picked":["Heavy Blade","Body Slam","Headbutt"],"picked":"SKIP","floor":13},{"not_picked":["Headbutt","Pommel Strike","Second Wind"],"picked":"SKIP","floor":14}],"player_experience":1166123,"relics_obtained":[{"floor":7,"key":"Dead Branch"},{"floor":9,"key":"Magic Flower"},{"floor":14,"key":"Molten Egg 2"}],"event_choices":[{"damage_healed":0,"gold_gain":0,"player_choice":"Take Damage","damage_taken":20,"relics_obtained":["Golden Idol"],"max_hp_gain":0,"max_hp_loss":0,"event_name":"Golden Idol","floor":2,"gold_loss":0},{"damage_healed":0,"gold_gain":0,"player_choice":"0 cards matched","damage_taken":0,"max_hp_gain":0,"max_hp_loss":0,"event_name":"Match and Keep!","floor":5,"gold_loss":0,"cards_obtained":[]},{"damage_healed":0,"gold_gain":0,"player_choice":"Trade","damage_taken":0,"relics_obtained":["CultistMask"],"max_hp_gain":0,"max_hp_loss":0,"event_name":"FaceTrader","floor":12,"gold_loss":0}],"is_beta":true,"boss_relics":[],"items_purged_floors":[],"is_endless":false,"potions_floor_spawned":[3,10,14],"killed_by":"Gremlin Nob","ascension_level":0}