{"gold_per_floor":[110,110,385,405,60,85,85,104,128,154,184,184,195,221,221,326,326,341,341,325,325,147,147,121,121,121,48,48],"floor_reached":28,"playtime":1285,"items_purged":["Regret","Strike_R"],"score":521,"play_id":"e2b300e4-c9cb-47ba-b310-c66da39e961b","local_time":"20190105170014","daily_mods":["Heirloom","Flight","DeadlyEvents","Elite Swarm"],"is_ascension_mode":true,"campfire_choices":[{"floor":7,"key":"REST"},{"floor":12,"key":"REST"},{"data":"Feed","floor":15,"key":"SMITH"},{"data":"RitualDagger","floor":23,"key":"SMITH"},{"data":"Armaments","floor":25,"key":"SMITH"}],"neow_cost":"","seed_source_timestamp":0,"circlet_count":0,"master_deck":["Strike_R","Strike_R","Strike_R","Strike_R","Defend_R","Defend_R+1","Defend_R","Bash","Dropkick","Iron Wave","Shrug It Off+1","Warcry","Double Tap","Shrug It Off","Shrug It Off","Reaper","Twin Strike","Feed+1","Exhume","Sword Boomerang","Shockwave","RitualDagger+1","Inflame","Armaments+1","Seeing Red"],"relics":["Burning Blood","Prayer Wheel","Regal Pillow","Pantograph","Red Skull","StoneCalendar","Blood Vial","War Paint","Black Star","Self Forming Clay"],"potions_floor_usage":[6,18,20,28],"damage_taken":[{"damage":6,"enemies":"Cultist","floor":1,"turns":4},{"damage":18,"enemies":"Jaw Worm","floor":4,"turns":5},{"damage":41,"enemies":"Lagavulin","floor":6,"turns":10},{"damage":8,"enemies":"2 Louse","floor":8,"turns":4},{"damage":27,"enemies":"3 Sentries","floor":10,"turns":6},{"damage":15,"enemies":"Lagavulin","floor":11,"turns":7},{"damage":36,"enemies":"Gremlin Gang","floor":13,"turns":7},{"damage":32,"enemies":"3 Sentries","floor":14,"turns":7},{"damage":47,"enemies":"The Guardian","floor":16,"turns":13},{"damage":30,"enemies":"3 Byrds","floor":18,"turns":7},{"damage":25,"enemies":"2 Thieves","floor":20,"turns":4},{"damage":57,"enemies":"Gremlin Leader","floor":28,"turns":7}],"seed_played":"-3297347456824833183","potions_obtained":[{"floor":4,"key":"GamblersBrew"},{"floor":6,"key":"Fire Potion"},{"floor":8,"key":"Weak Potion"},{"floor":18,"key":"AttackPotion"}],"is_trial":true,"path_per_floor":["M","?","?","M","$","E","R","M","T","E","E","R","M","E","R","B",null,"M","?","M","?","$","R","$","R","T","$","E"],"character_chosen":"IRONCLAD","items_purchased":["Double Tap","Regal Pillow","Shrug It Off","Inflame","Armaments","Seeing Red"],"campfire_rested":2,"item_purchase_floors":[5,5,5,22,24,27],"current_hp_per_floor":[72,65,65,53,53,18,57,55,55,34,25,64,54,42,42,40,73,65,65,60,54,54,54,54,54,54,54,0],"gold":48,"neow_bonus":"","is_prod":false,"is_daily":false,"chose_seed":false,"campfire_upgraded":3,"win_rate":0,"timestamp":1546704014,"path_taken":["M","?","?","?","$","E","R","M","T","?","?","R","?","E","R","BOSS","M","?","?","?","$","R","?","R","T","$","?"],"build_version":"2019-01-03v4","purchased_purges":2,"victory":false,"max_hp_per_floor":[80,80,80,80,80,80,80,80,80,80,80,80,80,80,80,84,84,92,92,96,96,96,96,96,96,96,96,96],"card_choices":[{"not_picked":["Twin Strike","Anger"],"picked":"Dropkick","floor":1},{"not_picked":["Fire Breathing","Dual Wield"],"picked":"Iron Wave","floor":1},{"not_picked":["Inflame","Hemokinesis"],"picked":"Shrug It Off","floor":4},{"not_picked":["Clothesline","Sever Soul"],"picked":"Warcry","floor":4},{"not_picked":["Fiend Fire","Barricade","Double Tap"],"picked":"SKIP","floor":6},{"not_picked":["Disarm","Carnage"],"picked":"Shrug It Off","floor":8},{"not_picked":["Sever Soul","Clash","Armaments"],"picked":"SKIP","floor":8},{"not_picked":["Fiend Fire","Immolate"],"picked":"Reaper","floor":10},{"not_picked":["Brutality","Bludgeon","Exhume"],"picked":"SKIP","floor":11},{"not_picked":["Shrug It Off","Cleave"],"picked":"Twin Strike","floor":13},{"not_picked":["Headbutt","Entrench","Shrug It Off"],"picked":"SKIP","floor":13},{"not_picked":["Dark Embrace","Barricade"],"picked":"Feed","floor":14},{"not_picked":["Reaper","Feed"],"picked":"Exhume","floor":16},{"not_picked":["Shrug It Off","Flex"],"picked":"Sword Boomerang","floor":18},{"not_picked":["Warcry","Twin Strike","Cleave"],"picked":"SKIP","floor":18},{"not_picked":["Hemokinesis","Body Slam+1"],"picked":"Shockwave","floor":20},{"not_picked":["Body Slam+1","Headbutt","Evolve"],"picked":"SKIP","floor":20}],"player_experience":1011889,"relics_obtained":[{"floor":6,"key":"Pantograph"},{"floor":9,"key":"Red Skull"},{"floor":10,"key":"StoneCalendar"},{"floor":11,"key":"Blood Vial"},{"floor":14,"key":"War Paint"},{"floor":26,"key":"Self Forming Clay"}],"event_choices":[{"cards_removed":["Defend_R"],"damage_healed":0,"gold_gain":0,"player_choice":"Card Removal","damage_taken":7,"max_hp_gain":0,"max_hp_loss":0,"event_name":"Golden Wing","floor":2,"gold_loss":0},{"damage_healed":0,"gold_gain":275,"player_choice":"Desecrate","damage_taken":0,"max_hp_gain":0,"max_hp_loss":0,"event_name":"Golden Shrine","floor":3,"gold_loss":0,"cards_obtained":["Regret"]},{"damage_healed":0,"gold_gain":0,"player_choice":"Ignored","damage_taken":0,"max_hp_gain":0,"max_hp_loss":0,"event_name":"Ghosts","floor":19,"gold_loss":0},{"damage_healed":0,"gold_gain":0,"player_choice":"Joined the Cult","damage_taken":6,"max_hp_gain":0,"max_hp_loss":0,"event_name":"Nest","floor":21,"gold_loss":0,"cards_obtained":["RitualDagger"]}],"is_beta":true,"boss_relics":[{"not_picked":["White Beast Statue","Snecko Eye"],"picked":"Black Star"}],"items_purged_floors":[5,22],"is_endless":true,"potions_floor_spawned":[4,6,8,18],"killed_by":"Gremlin Leader","ascension_level":9}