{"gold_per_floor":[119,194,344,355,55,55,74,90,90,90,110,60,95,108,108,182,182,192,192,192,210,210,236,252,302,354,365,365,365,378,16,16,16],"floor_reached":33,"playtime":878,"items_purged":["Doubt","Defend_R","Pain"],"score":534,"play_id":"83561998-cbfd-48f3-9486-519312a33f6f","local_time":"20190404225611","is_ascension_mode":true,"campfire_choices":[{"data":"Whirlwind","floor":6,"key":"SMITH"},{"data":"Inflame","floor":15,"key":"SMITH"},{"floor":29,"key":"RECALL"},{"data":"Seeing Red","floor":32,"key":"SMITH"}],"neow_cost":"NONE","seed_source_timestamp":1287241219884400,"circlet_count":0,"master_deck":["AscendersBane","Strike_R+1","Strike_R+1","Strike_R+1","Strike_R+1","Strike_R+1","Defend_R+1","Defend_R+1","Bash+1","Whirlwind+1","Heavy Blade","Shrug It Off","Twin Strike+1","Inflame+1","Shrug It Off","Limit Break","Twin Strike+1","Sword Boomerang","Feed","Seeing Red+1"],"relics":["Burning Blood","Oddly Smooth Stone","Smiling Mask","Meat on the Bone","White Beast Statue","WarpedTongs","Red Skull","Whetstone","Shuriken","Lee\u0027s Waffle"],"potions_floor_usage":[16,16,16,18,23,23,27,27,33,33],"damage_taken":[{"damage":1,"enemies":"Small Slimes","floor":1,"turns":4},{"damage":0,"enemies":"2 Louse","floor":4,"turns":2},{"damage":6,"enemies":"Cultist","floor":7,"turns":3},{"damage":7,"enemies":"3 Louse","floor":8,"turns":2},{"damage":18,"enemies":"Large Slime","floor":11,"turns":5},{"damage":31,"enemies":"Lagavulin","floor":13,"turns":6},{"damage":0,"enemies":"Gremlin Gang","floor":14,"turns":1},{"damage":38,"enemies":"Hexaghost","floor":16,"turns":6},{"damage":44,"enemies":"Shell Parasite","floor":18,"turns":6},{"damage":0,"enemies":"Chosen","floor":21,"turns":3},{"damage":22,"enemies":"Slavers","floor":23,"turns":3},{"damage":24,"enemies":"Snecko","floor":24,"turns":4},{"damage":10,"enemies":"3 Cultists","floor":27,"turns":3},{"damage":27,"enemies":"Centurion and Healer","floor":30,"turns":6},{"damage":127,"enemies":"Collector","floor":33,"turns":8}],"seed_played":"-6634917924812706476","potions_obtained":[{"floor":1,"key":"EntropicBrew"},{"floor":13,"key":"Weak Potion"},{"floor":16,"key":"EssenceOfSteel"},{"floor":18,"key":"SteroidPotion"},{"floor":23,"key":"Energy Potion"},{"floor":24,"key":"Explosive Potion"},{"floor":27,"key":"SkillPotion"},{"floor":30,"key":"BloodPotion"}],"is_trial":false,"path_per_floor":["M","?","?","M","$","R","M","M","T","?","M","$","E","M","R","B",null,"M","?","?","M","?","E","M","?","T","M","T","R","M","$","R","B"],"character_chosen":"IRONCLAD","items_purchased":["Oddly Smooth Stone","Shrug It Off","Lee\u0027s Waffle","Seeing Red"],"campfire_rested":0,"item_purchase_floors":[5,5,31,31],"current_hp_per_floor":[73,62,62,68,68,68,68,67,67,67,55,55,30,48,48,28,63,37,37,37,55,55,51,45,45,45,53,53,53,44,82,82,0],"gold":16,"neow_bonus":"UPGRADE_CARD","is_prod":false,"is_daily":false,"chose_seed":false,"campfire_upgraded":3,"win_rate":0,"timestamp":1554411371,"path_taken":["M","?","?","M","$","R","M","M","T","?","?","$","E","M","R","BOSS","M","?","?","M","?","E","?","?","T","M","?","R","M","$","R","BOSS"],"build_version":"2019-03-15","purchased_purges":3,"victory":false,"max_hp_per_floor":[75,75,75,75,75,75,75,75,75,75,75,75,75,75,75,75,75,75,75,75,75,75,75,75,75,75,75,75,75,75,82,82,82],"card_choices":[{"not_picked":["Sever Soul","Wild Strike"],"picked":"Whirlwind","floor":1},{"not_picked":["Twin Strike","Havoc"],"picked":"Heavy Blade","floor":4},{"not_picked":["Warcry","Combust"],"picked":"Twin Strike","floor":7},{"not_picked":["Armaments","Pommel Strike","Fire Breathing"],"picked":"SKIP","floor":8},{"not_picked":["Evolve","Anger","Clothesline"],"picked":"SKIP","floor":11},{"not_picked":["Evolve","Anger","Clothesline"],"picked":"SKIP","floor":11},{"not_picked":["Double Tap","Anger"],"picked":"Inflame","floor":13},{"not_picked":["Second Wind","Rampage"],"picked":"Shrug It Off","floor":14},{"not_picked":["Impervious","Bludgeon"],"picked":"Limit Break","floor":16},{"not_picked":["Rage","Armaments+1","Twin Strike"],"picked":"SKIP","floor":18},{"not_picked":["Body Slam+1","Clothesline","Burning Pact"],"picked":"SKIP","floor":21},{"not_picked":["Spot Weakness","Warcry","Combust+1"],"picked":"SKIP","floor":23},{"not_picked":["Warcry","Cleave"],"picked":"Twin Strike","floor":24},{"not_picked":["Uppercut","True Grit+1"],"picked":"Sword Boomerang","floor":27},{"not_picked":["Headbutt","Thunderclap"],"picked":"Feed","floor":30}],"player_experience":1330738,"relics_obtained":[{"floor":9,"key":"Smiling Mask"},{"floor":13,"key":"Meat on the Bone"},{"floor":23,"key":"Red Skull"},{"floor":26,"key":"Whetstone"},{"floor":28,"key":"Shuriken"}],"event_choices":[{"damage_healed":0,"gold_gain":75,"player_choice":"Gather Gold","damage_taken":11,"max_hp_gain":0,"max_hp_loss":0,"event_name":"World of Goop","floor":2,"gold_loss":0},{"damage_healed":0,"gold_gain":150,"player_choice":"AGREE","damage_taken":0,"max_hp_gain":0,"max_hp_loss":0,"event_name":"Liars Game","floor":3,"gold_loss":0,"cards_obtained":["Doubt"]},{"cards_removed":["Defend_R"],"damage_healed":0,"gold_gain":0,"player_choice":"Purged","damage_taken":0,"max_hp_gain":0,"max_hp_loss":0,"event_name":"Purifier","floor":10,"gold_loss":0},{"damage_healed":0,"gold_gain":0,"player_choice":"Simplicity","damage_taken":0,"max_hp_gain":0,"max_hp_loss":0,"event_name":"Back to Basics","floor":19,"gold_loss":0,"cards_upgraded":["Strike_R","Strike_R","Strike_R","Strike_R","Strike_R","Defend_R","Defend_R"]},{"damage_healed":0,"gold_gain":0,"player_choice":"Ignored","damage_taken":0,"max_hp_gain":0,"max_hp_loss":0,"event_name":"Vampires","floor":20,"gold_loss":0},{"damage_healed":0,"gold_gain":0,"player_choice":"Rummage","damage_taken":0,"relics_obtained":["WarpedTongs"],"max_hp_gain":0,"max_hp_loss":0,"event_name":"Accursed Blacksmith","floor":22,"gold_loss":0,"cards_obtained":["Pain"]},{"damage_healed":0,"gold_gain":50,"player_choice":"Stole From Cult","damage_taken":0,"max_hp_gain":0,"max_hp_loss":0,"event_name":"Nest","floor":25,"gold_loss":0}],"is_beta":true,"boss_relics":[{"not_picked":["Ectoplasm","Fusion Hammer"],"picked":"White Beast Statue"}],"items_purged_floors":[5,12,31],"is_endless":false,"potions_floor_spawned":[1,13,16,18,21,23,24,27,30],"killed_by":"Collector","ascension_level":20}