{"gold_per_floor":[19,19,19,37,37,37,63,63,114,131,131,160,173,208,208,208],"floor_reached":16,"playtime":609,"items_purged":[],"score":159,"play_id":"e6d5b0ff-5f72-4470-a1fc-84fe5c9c5fad","local_time":"20180922191714","is_ascension_mode":true,"campfire_choices":[{"data":"Neutralize","floor":6,"key":"SMITH"},{"data":"Outmaneuver","floor":8,"key":"SMITH"},{"data":"Survivor","floor":11,"key":"SMITH"},{"data":"Night Terror","floor":15,"key":"SMITH"}],"neow_cost":"NO_GOLD","seed_source_timestamp":245298066175600,"circlet_count":0,"master_deck":["Defend_G","Defend_G+1","Defend_G","Defend_G+1","Defend_G","Strike_G","Strike_G","Strike_G","Strike_G","Survivor+1","Neutralize+1","Infinite Blades","Venomology+1","Outmaneuver+1","Dagger Spray","Burst","Night Terror+1"],"relics":["Ring of the Snake","Peace Pipe","Ice Cream","War Paint","Snake Skull","Blue Candle"],"potions_floor_usage":[7,7,7,7,12,12,13,14,14,14,16],"damage_taken":[{"damage":0,"enemies":"2 Louse","floor":1,"turns":3},{"damage":0,"enemies":"Small Slimes","floor":4,"turns":5},{"damage":18,"enemies":"Lagavulin","floor":7,"turns":11},{"damage":0,"enemies":"Cultist","floor":10,"turns":5},{"damage":13,"enemies":"Gremlin Nob","floor":12,"turns":4},{"damage":1,"enemies":"Blue Slaver","floor":13,"turns":5},{"damage":7,"enemies":"Lagavulin","floor":14,"turns":6},{"damage":59,"enemies":"Slime Boss","floor":16,"turns":12}],"seed_played":"-7769461272743610620","potions_obtained":[{"floor":1,"key":"SpeedPotion"},{"floor":4,"key":"EntropicBrew"},{"floor":12,"key":"FearPotion"},{"floor":13,"key":"Regen Potion"}],"is_trial":false,"path_per_floor":["M","?","$","M","?","R","E","R","T","M","R","E","M","E","R"],"character_chosen":"THE_SILENT","items_purchased":[],"campfire_rested":0,"item_purchase_floors":[],"current_hp_per_floor":[63,56,56,56,56,56,38,38,38,38,38,25,24,32,32,0],"gold":208,"neow_bonus":"ONE_RARE_RELIC","is_prod":false,"is_daily":false,"chose_seed":false,"campfire_upgraded":4,"win_rate":0,"timestamp":1537669034,"path_taken":["M","?","?","M","?","R","E","R","T","?","R","E","M","E","R","BOSS"],"build_version":"2018-09-20","purchased_purges":0,"victory":false,"max_hp_per_floor":[70,70,70,70,70,70,70,70,70,70,70,70,70,70,70,70],"card_choices":[{"not_picked":["Acrobatics","Caltrops"],"picked":"Infinite Blades","floor":1},{"not_picked":["Sucker Punch","Deflect"],"picked":"Venomology","floor":4},{"not_picked":["Well Laid Plans","Predator"],"picked":"Outmaneuver","floor":7},{"not_picked":["Bane","Endless Agony","Setup"],"picked":"SKIP","floor":10},{"not_picked":["Dodge and Roll","Deflect"],"picked":"Dagger Spray","floor":12},{"not_picked":["Acrobatics","Sucker Punch"],"picked":"Burst","floor":13},{"not_picked":["Deflect","Setup"],"picked":"Night Terror","floor":14}],"player_experience":303168,"relics_obtained":[{"floor":7,"key":"Ice Cream"},{"floor":9,"key":"War Paint"},{"floor":12,"key":"Snake Skull"},{"floor":14,"key":"Blue Candle"}],"event_choices":[{"event_name":"Golden Wing","player_choice":"Card Removal","floor":2,"damage_taken":0},{"event_name":"Upgrade Shrine","player_choice":"Upgraded","floor":5,"damage_taken":0}],"is_beta":true,"boss_relics":[],"items_purged_floors":[],"is_endless":false,"potions_floor_spawned":[1,4,12,13],"killed_by":"Slime Boss","ascension_level":7}