{"gold_per_floor":[362,362,381,400,324,356,417,417,417,440,457,457,474,505,505,505],"floor_reached":16,"playtime":639,"items_purged":[],"score":138,"play_id":"aa80e8dc-aedb-4e20-b1e4-e7c4e0b1c79c","local_time":"20180804134707","is_ascension_mode":true,"campfire_choices":[{"data":"Armaments","floor":8,"key":"SMITH"},{"data":"Flame Barrier","floor":12,"key":"SMITH"},{"data":"Whirlwind","floor":15,"key":"SMITH"}],"neow_cost":"FIFTY_PERCENT_DAMAGE","seed_source_timestamp":130935448113800,"circlet_count":0,"master_deck":["Strike_R","Strike_R","Strike_R","Strike_R","Strike_R","Defend_R","Defend_R","Defend_R","Defend_R","Bash","Cleave","Armaments+1","Ghostly Armor","Flame Barrier+1","Thunderclap","Flex","Shrug It Off","Whirlwind+1"],"relics":["Burning Blood","Pear","Regal Pillow","Gremlin Horn","Odd Mushroom","Oddly Smooth Stone"],"potions_floor_usage":[6,11,14,16],"damage_taken":[{"damage":7,"enemies":"Jaw Worm","floor":1,"turns":3},{"damage":1,"enemies":"Cultist","floor":3,"turns":4},{"damage":3,"enemies":"2 Louse","floor":4,"turns":2},{"damage":32,"enemies":"Gremlin Nob","floor":6,"turns":4},{"damage":25,"enemies":"3 Sentries","floor":7,"turns":8},{"damage":0,"floor":10,"turns":2},{"damage":11,"enemies":"Exordium Wildlife","floor":11,"turns":5},{"damage":3,"enemies":"Blue Slaver","floor":13,"turns":4},{"damage":26,"enemies":"Lagavulin","floor":14,"turns":7},{"damage":29,"enemies":"Slime Boss","floor":16,"turns":8}],"seed_played":"-8929030860686984786","potions_obtained":[{"floor":3,"key":"Energy Potion"},{"floor":10,"key":"LiquidBronze"},{"floor":11,"key":"EssenceOfSteel"},{"floor":14,"key":"FearPotion"}],"is_trial":false,"path_per_floor":["M","?","M","M","$","E","?","R","T","?","M","R","M","E","R"],"character_chosen":"IRONCLAD","items_purchased":["Flame Barrier"],"campfire_rested":0,"item_purchase_floors":[5],"current_hp_per_floor":[39,65,70,73,73,57,38,38,38,44,39,39,42,22,22,0],"gold":505,"neow_bonus":"TWO_FIFTY_GOLD","is_prod":false,"is_daily":false,"chose_seed":false,"campfire_upgraded":3,"win_rate":0,"timestamp":1533415627,"path_taken":["M","?","M","M","$","E","?","R","T","?","M","R","M","E","R","BOSS"],"build_version":"2018-08-01","purchased_purges":0,"victory":false,"max_hp_per_floor":[80,80,80,80,80,90,90,90,90,90,90,90,90,90,90,90],"card_choices":[{"not_picked":["Havoc","Dual Wield"],"picked":"Cleave","floor":1},{"not_picked":["Intimidate","Wild Strike"],"picked":"Armaments","floor":3},{"not_picked":["Hemokinesis","Flex"],"picked":"Ghostly Armor","floor":4},{"not_picked":["Iron Wave","Disarm"],"picked":"Thunderclap","floor":6},{"not_picked":["Warcry","Wild Strike"],"picked":"Flex","floor":7},{"not_picked":["Body Slam","Fiend Fire"],"picked":"Shrug It Off","floor":11},{"not_picked":["Rage","Pummel"],"picked":"Whirlwind","floor":13},{"not_picked":["Cleave","Thunderclap","Anger"],"picked":"SKIP","floor":14}],"player_experience":206564,"relics_obtained":[{"floor":6,"key":"Pear"},{"floor":7,"key":"Regal Pillow"},{"floor":9,"key":"Gremlin Horn"},{"floor":10,"key":"Odd Mushroom"},{"floor":14,"key":"Oddly Smooth Stone"}],"event_choices":[{"event_name":"Big Fish","player_choice":"Banana","floor":2,"damage_taken":0},{"event_name":"Dead Adventurer","player_choice":"Searched \u00271\u0027 times","floor":7,"damage_taken":0},{"event_name":"Mushrooms","player_choice":"Fought Mushrooms","floor":10,"damage_taken":0}],"is_beta":true,"boss_relics":[],"items_purged_floors":[],"is_endless":false,"potions_floor_spawned":[3,10,11,14],"killed_by":"Slime Boss","ascension_level":5}