{"gold_per_floor":[113,113,129,4,20,20,37,70,150,50,50,70,70,82,82,154,154,167,167,5,5,22,22,38,38,65,83,83,83,112,112,112,183,183,195,195,218,236,247,279,279,314,314,324,324,424,440,126,126,126,126,126,126,69,69],"floor_reached":55,"playtime":3160,"items_purged":["Pain","Strike_R","Decay"],"score":1890,"play_id":"412bf256-ec8d-4a19-882c-aec7b7c66482","local_time":"20190421124456","is_ascension_mode":true,"campfire_choices":[{"data":"Demon Form","floor":6.0,"key":"SMITH"},{"floor":11.0,"key":"REST"},{"floor":15.0,"key":"REST"},{"data":"Body Slam","floor":23.0,"key":"SMITH"},{"data":"Whirlwind","floor":25.0,"key":"SMITH"},{"data":"Fiend Fire","floor":28.0,"key":"SMITH"},{"data":"True Grit","floor":32.0,"key":"SMITH"},{"floor":41.0,"key":"RECALL"},{"floor":45.0,"key":"REST"},{"floor":49.0,"key":"REST"},{"floor":53.0,"key":"REST"}],"neow_cost":"NONE","seed_source_timestamp":0,"circlet_count":0,"master_deck":["AscendersBane","Strike_R","Strike_R","Strike_R","Defend_R","Defend_R","Defend_R","Defend_R","Bash","Demon Form+1","Body Slam+1","True Grit+1","Shrug It Off","Pommel Strike","Shockwave","Fiend Fire+1","Whirlwind+1","Immolate","Shrug It Off","Uppercut","Injury","True Grit","Barricade+1","Impervious","Entrench","Entrench+1","Headbutt+1","Metallicize+1","Flame Barrier+1","Battle Trance","Dark Shackles"],"special_seed":0,"relics":["Burning Blood","WarpedTongs","Frozen Egg 2","Tiny Chest","Cursed Key","FaceOfCleric","Regal Pillow","Bag of Preparation","Centennial Puzzle","Fusion Hammer","Lantern","Bronze Scales","Calipers"],"potions_floor_usage":[55],"damage_taken":[{"damage":11.0,"enemies":"Jaw Worm","floor":1.0,"turns":5.0},{"damage":15.0,"enemies":"Cultist","floor":3.0,"turns":5.0},{"damage":6.0,"enemies":"Small Slimes","floor":5.0,"turns":5.0},{"damage":20.0,"enemies":"Exordium Thugs","floor":7.0,"turns":5.0},{"damage":39.0,"enemies":"Gremlin Nob","floor":8.0,"turns":5.0},{"damage":11.0,"enemies":"Looter","floor":12.0,"turns":3.0},{"damage":1.0,"enemies":"Blue Slaver","floor":14.0,"turns":5.0},{"damage":28.0,"enemies":"The Guardian","floor":16.0,"turns":10.0},{"damage":24.0,"enemies":"Spheric Guardian","floor":18.0,"turns":5.0},{"damage":13.0,"enemies":"Chosen","floor":22.0,"turns":5.0},{"damage":0.0,"enemies":"Centurion and Healer","floor":24.0,"turns":5.0},{"damage":2.0,"enemies":"3 Cultists","floor":27.0,"turns":5.0},{"damage":16.0,"enemies":"Slavers","floor":30.0,"turns":5.0},{"damage":25.0,"enemies":"Automaton","floor":33.0,"turns":15.0},{"damage":6.0,"enemies":"3 Shapes","floor":35.0,"turns":3.0},{"damage":3.0,"enemies":"Orb Walker","floor":38.0,"turns":3.0},{"damage":0.0,"enemies":"Maw","floor":39.0,"turns":9.0},{"damage":10.0,"enemies":"Giant Head","floor":40.0,"turns":6.0},{"damage":0.0,"enemies":"Nemesis","floor":42.0,"turns":7.0},{"damage":23.0,"enemies":"Jaw Worm Horde","floor":44.0,"turns":3.0},{"damage":0.0,"enemies":"Mind Bloom Boss Battle","floor":46.0,"turns":6.0},{"damage":9.0,"enemies":"Sphere and 2 Shapes","floor":47.0,"turns":11.0},{"damage":2.0,"enemies":"Time Eater","floor":50.0,"turns":12.0},{"damage":17.0,"enemies":"Awakened One","floor":51.0,"turns":11.0},{"damage":91,"enemies":"Shield and Spear","floor":55,"turns":5}],"seed_played":"-2937073249797581084","potions_obtained":[{"floor":3.0,"key":"Ancient Potion"},{"floor":5.0,"key":"Swift Potion"},{"floor":7.0,"key":"Dexterity Potion"},{"floor":12.0,"key":"Explosive Potion"},{"floor":22.0,"key":"FearPotion"},{"floor":24.0,"key":"Block Potion"},{"floor":38.0,"key":"Energy Potion"},{"floor":42.0,"key":"SkillPotion"},{"floor":44.0,"key":"EssenceOfSteel"},{"floor":46.0,"key":"SteroidPotion"}],"is_trial":false,"path_per_floor":["M","?","M","$","M","R","M","E","T","$","R","M","?","M","R","B",null,"M","?","$","?","M","R","M","R","T","M","R","$","E","$","R","B",null,"M","?","T","M","M","E","R","E","T","M","R","?","M","$","R","B","B",null,"R","$","E"],"character_chosen":"IRONCLAD","items_purchased":["True Grit","Regal Pillow","Battle Trance","Dark Shackles","Dexterity Potion"],"campfire_rested":5,"item_purchase_floors":[4,20,48,48,54],"current_hp_per_floor":[63,63,54,54,54,54,40,7,7,7,29,24,24,29,51,29,64,46,46,46,46,40,40,47,47,47,52,52,52,43,43,43,25,66,67,67,67,71,78,75,75,82,82,66,86,87,85,85,88,89,79,87,90,90,0],"gold":69,"neow_bonus":"TRANSFORM_CARD","is_prod":false,"is_daily":false,"chose_seed":false,"campfire_upgraded":5,"win_rate":0,"timestamp":1555872296,"path_taken":["M","?","M","$","M","R","M","E","T","?","R","?","?","?","R","BOSS","M","?","?","?","M","R","M","R","T","M","R","$","E","$","R","BOSS","M","?","?","M","M","E","R","E","T","M","R","?","M","$","R","BOSS","BOSS","R","$","E"],"build_version":"2019-04-20","purchased_purges":3,"victory":false,"max_hp_per_floor":[75,75,75,75,75,75,75,75,75,75,75,75,75,75,75,75,75,75,75,75,75,76,76,77,77,77,78,78,78,79,79,79,80,80,81,81,81,82,83,84,84,85,85,86,86,87,88,88,88,89,90,90,90,90,90],"card_choices":[{"not_picked":["Flex","Cleave","Havoc"],"picked":"SKIP","floor":1.0},{"not_picked":["Blood for Blood","Inflame"],"picked":"Body Slam","floor":3.0},{"not_picked":["Twin Strike","True Grit"],"picked":"Shrug It Off","floor":5.0},{"not_picked":["Twin Strike","Rampage"],"picked":"Pommel Strike","floor":7.0},{"not_picked":["Power Through","Flex"],"picked":"Shockwave","floor":8.0},{"not_picked":["Fire Breathing+1","Rupture+1","Havoc"],"picked":"SKIP","floor":12.0},{"not_picked":["Rampage","Cleave"],"picked":"Whirlwind","floor":14.0},{"not_picked":["Double Tap","Demon Form+1"],"picked":"Immolate","floor":16.0},{"not_picked":["Carnage","Sword Boomerang","Perfected Strike"],"picked":"SKIP","floor":18.0},{"not_picked":["Thunderclap","Clash","Clothesline"],"picked":"SKIP","floor":22.0},{"not_picked":["Iron Wave","Havoc"],"picked":"Uppercut","floor":24.0},{"not_picked":["Wild Strike","Flex"],"picked":"True Grit","floor":27.0},{"not_picked":["Sword Boomerang","Feel No Pain+1"],"picked":"Barricade+1","floor":30.0},{"not_picked":["Brutality+1","Immolate"],"picked":"Impervious","floor":33.0},{"not_picked":["Flex","Perfected Strike","Carnage"],"picked":"SKIP","floor":35.0},{"not_picked":["Iron Wave","Clash"],"picked":"Entrench","floor":38.0},{"not_picked":["Body Slam","Feel No Pain+1"],"picked":"Entrench+1","floor":39.0},{"not_picked":["Combust+1","Headbutt+1","Flex"],"picked":"SKIP","floor":40.0},{"not_picked":["Combust+1","Flex"],"picked":"Headbutt+1","floor":40.0},{"not_picked":["Dropkick","Thunderclap+1","Second Wind"],"picked":"SKIP","floor":42.0},{"not_picked":["Whirlwind","Hemokinesis+1"],"picked":"Metallicize+1","floor":44.0},{"not_picked":["Headbutt+1","Power Through"],"picked":"Flame Barrier+1","floor":47.0}],"player_experience":2945291,"relics_obtained":[{"floor":8.0,"key":"Frozen Egg 2"},{"floor":9.0,"key":"Tiny Chest"},{"floor":26.0,"key":"Bag of Preparation"},{"floor":30.0,"key":"Centennial Puzzle"},{"floor":40.0,"key":"Lantern"},{"floor":42.0,"key":"Bronze Scales"},{"floor":46.0,"key":"Calipers"}],"event_choices":[{"damage_healed":0.0,"max_hp_gain":0.0,"max_hp_loss":0.0,"gold_gain":0.0,"event_name":"Accursed Blacksmith","player_choice":"Rummage","floor":2.0,"gold_loss":0.0,"damage_taken":0.0,"relics_obtained":["WarpedTongs"],"cards_obtained":["Pain"]},{"damage_healed":0.0,"max_hp_gain":0.0,"max_hp_loss":0.0,"gold_gain":0.0,"event_name":"Match and Keep!","player_choice":"1 cards matched","floor":13.0,"gold_loss":0.0,"damage_taken":0.0,"cards_obtained":["Fiend Fire"]},{"damage_healed":0.0,"max_hp_gain":0.0,"max_hp_loss":0.0,"gold_gain":0.0,"event_name":"FaceTrader","player_choice":"Trade","floor":19.0,"gold_loss":0.0,"damage_taken":0.0,"relics_obtained":["FaceOfCleric"]},{"damage_healed":0.0,"max_hp_gain":0.0,"max_hp_loss":0.0,"gold_gain":0.0,"event_name":"The Library","player_choice":"Read","floor":21.0,"gold_loss":0.0,"damage_taken":0.0,"cards_obtained":["Shrug It Off"]},{"damage_healed":0.0,"max_hp_gain":0.0,"max_hp_loss":0.0,"gold_gain":0.0,"event_name":"Tomb of Lord Red Mask","player_choice":"Ignored","floor":36.0,"gold_loss":0.0,"damage_taken":0.0},{"damage_healed":0.0,"max_hp_gain":0.0,"max_hp_loss":0.0,"gold_gain":0.0,"event_name":"MindBloom","player_choice":"Fight","floor":46.0,"gold_loss":0.0,"damage_taken":0.0}],"is_beta":true,"boss_relics":[{"not_picked":["Coffee Dripper","Calling Bell"],"picked":"Cursed Key"},{"not_picked":["White Beast Statue","Black Star"],"picked":"Fusion Hammer"}],"items_purged_floors":[4,10,48],"is_endless":false,"potions_floor_spawned":[3,5,7,12,22,24,38,42,44,46],"killed_by":"Shield and Spear","ascension_level":20}