{"gold_per_floor":[116,129,54,54,54,54,87,87,112,141,155,181,191,208,208,284,284,296,296,311,311],"floor_reached":21,"playtime":490,"items_purged":[],"score":498,"play_id":"d2f4cc5c-c408-4a23-9e81-df13d2a18c36","local_time":"20190427213602","is_ascension_mode":true,"campfire_choices":[{"data":"Bash","floor":6.0,"key":"SMITH"},{"data":"Heavy Blade","floor":8.0,"key":"SMITH"},{"data":"Demon Form","floor":15.0,"key":"SMITH"}],"neow_cost":"NONE","seed_source_timestamp":0,"circlet_count":0,"master_deck":["AscendersBane","Strike_R+1","Strike_R","Strike_R","Strike_R+1","Defend_R","Defend_R","Defend_R","Defend_R","Bash+1","Heavy Blade+1","Inflame","Inflame","Demon Form+1","Uppercut+1","Impervious","Immolate+1","Armaments+1","Double Tap","Sword Boomerang+1"],"special_seed":0,"relics":["Burning Blood","NeowsBlessing","Molten Egg 2","Whetstone","PreservedInsect","Potion Belt","Black Star"],"potions_floor_usage":[20],"damage_taken":[{"damage":0.0,"enemies":"Cultist","floor":1.0,"turns":1.0},{"damage":0.0,"enemies":"Small Slimes","floor":2.0,"turns":1.0},{"damage":0.0,"enemies":"3 Sentries","floor":7.0,"turns":2.0},{"damage":20.0,"enemies":"Lagavulin","floor":10.0,"turns":5.0},{"damage":4.0,"enemies":"2 Louse","floor":11.0,"turns":3.0},{"damage":31.0,"enemies":"Gremlin Nob","floor":12.0,"turns":4.0},{"damage":11.0,"enemies":"Exordium Wildlife","floor":13.0,"turns":4.0},{"damage":8.0,"enemies":"Blue Slaver","floor":14.0,"turns":4.0},{"damage":12.0,"enemies":"Slime Boss","floor":16.0,"turns":7.0},{"damage":33.0,"enemies":"Spheric Guardian","floor":18.0,"turns":4.0},{"damage":26,"enemies":"Shell Parasite","floor":20,"turns":4},{"damage":18,"enemies":"Snake Plant","floor":21,"turns":2}],"seed_played":"-3237724048079224405","potions_obtained":[{"floor":10.0,"key":"Dexterity Potion"},{"floor":11.0,"key":"GamblersBrew"},{"floor":13.0,"key":"Dexterity Potion"},{"floor":14.0,"key":"PowerPotion"},{"floor":16.0,"key":"PowerPotion"}],"is_trial":false,"path_per_floor":["M","M","$","?","?","R","E","R","T","E","M","E","M","M","R","B",null,"M","?","M","M"],"character_chosen":"IRONCLAD","items_purchased":["Inflame"],"campfire_rested":0,"item_purchase_floors":[3],"current_hp_per_floor":[74,75,75,68,57,57,63,63,63,49,51,26,21,19,19,13,60,33,33,13,0],"gold":311,"neow_bonus":"THREE_ENEMY_KILL","is_prod":false,"is_daily":false,"chose_seed":false,"campfire_upgraded":3,"win_rate":0,"timestamp":1556393762,"path_taken":["M","M","$","?","?","R","E","R","T","E","?","E","M","M","R","BOSS","M","?","M","M"],"build_version":"2019-04-23","purchased_purges":0,"victory":false,"max_hp_per_floor":[75,75,75,75,75,75,75,75,75,75,75,75,75,75,75,75,75,75,75,75,75],"card_choices":[{"not_picked":["Cleave","Reckless Charge","Feel No Pain"],"picked":"SKIP","floor":1.0},{"not_picked":["Flex","Thunderclap"],"picked":"Heavy Blade","floor":2.0},{"not_picked":["Blood for Blood","Rupture"],"picked":"Inflame","floor":7.0},{"not_picked":["Reckless Charge+1","Corruption"],"picked":"Demon Form","floor":10.0},{"not_picked":["Warcry","Havoc","True Grit"],"picked":"SKIP","floor":11.0},{"not_picked":["Havoc","Warcry","Wild Strike+1"],"picked":"SKIP","floor":12.0},{"not_picked":["Clash+1","Armaments"],"picked":"Uppercut+1","floor":13.0},{"not_picked":["Perfected Strike+1","Anger+1"],"picked":"Impervious","floor":14.0},{"not_picked":["Impervious","Fiend Fire+1"],"picked":"Immolate+1","floor":16.0},{"not_picked":["Armaments+1","Heavy Blade+1","Flex"],"picked":"SKIP","floor":18.0},{"not_picked":["Heavy Blade+1","Flex"],"picked":"Armaments+1","floor":18.0},{"not_picked":["Body Slam+1","Fire Breathing"],"picked":"Sword Boomerang+1","floor":20}],"player_experience":1418231,"relics_obtained":[{"floor":7.0,"key":"Molten Egg 2"},{"floor":9.0,"key":"Whetstone"},{"floor":10.0,"key":"PreservedInsect"},{"floor":12.0,"key":"Potion Belt"}],"event_choices":[{"cards_removed":["Strike_R"],"damage_healed":0.0,"max_hp_gain":0.0,"max_hp_loss":0.0,"gold_gain":0.0,"event_name":"Golden Wing","player_choice":"Card Removal","floor":4.0,"gold_loss":0.0,"damage_taken":7.0},{"damage_healed":0.0,"max_hp_gain":0.0,"max_hp_loss":0.0,"gold_gain":0.0,"event_name":"Wheel of Change","player_choice":"Damaged","floor":5.0,"gold_loss":0.0,"damage_taken":11.0},{"damage_healed":0.0,"max_hp_gain":0.0,"max_hp_loss":0.0,"gold_gain":0.0,"event_name":"Match and Keep!","player_choice":"1 cards matched","floor":19.0,"gold_loss":0.0,"damage_taken":0.0,"cards_obtained":["Double Tap"]}],"is_beta":true,"boss_relics":[{"not_picked":["Mark of Pain","Fusion Hammer"],"picked":"Black Star"}],"items_purged_floors":[],"is_endless":false,"potions_floor_spawned":[10,11,13,14,16],"killed_by":"Snake Plant","ascension_level":20}