{"gold_per_floor":[115,190,190,208,208,243,243,283,283,302,302,356,377,377,377,377],"floor_reached":16,"playtime":261,"items_purged":[],"score":266,"play_id":"fe036e3f-4953-40ef-9828-74d95b82bd54","local_time":"20190328005652","is_ascension_mode":true,"campfire_choices":[{"floor":11,"key":"REST"},{"data":"Uppercut","floor":15,"key":"SMITH"}],"neow_cost":"NONE","seed_source_timestamp":607460471406500,"circlet_count":0,"master_deck":["AscendersBane","Strike_R","Strike_R","Strike_R","Strike_R","Strike_R","Defend_R","Defend_R","Defend_R","Bash+1","Shrug It Off","Heavy Blade","Twin Strike","Uppercut+1"],"relics":["Burning Blood","NeowsBlessing","Orichalcum","Golden Idol","Smiling Mask","Gremlin Horn","Tiny Chest","Mango"],"potions_floor_usage":[13,16,16],"damage_taken":[{"damage":0,"enemies":"Small Slimes","floor":1,"turns":1},{"damage":0,"enemies":"2 Louse","floor":4,"turns":1},{"damage":0,"enemies":"3 Sentries","floor":6,"turns":2},{"damage":40,"enemies":"Lagavulin","floor":8,"turns":7},{"damage":0,"enemies":"Cultist","floor":10,"turns":3},{"damage":10,"enemies":"Blue Slaver","floor":13,"turns":4},{"damage":56,"enemies":"Slime Boss","floor":16,"turns":6}],"seed_played":"7055245064041282122","potions_obtained":[{"floor":6,"key":"Ancient Potion"},{"floor":10,"key":"SneckoOil"},{"floor":13,"key":"GamblersBrew"}],"is_trial":false,"path_per_floor":["M","?","?","M","?","E","?","E","T","M","R","T","M","T","R","B"],"character_chosen":"IRONCLAD","items_purchased":[],"campfire_rested":1,"item_purchase_floors":[],"current_hp_per_floor":[74,63,56,62,62,68,42,8,8,14,36,36,32,46,46,0],"gold":377,"neow_bonus":"THREE_ENEMY_KILL","is_prod":false,"is_daily":false,"chose_seed":false,"campfire_upgraded":1,"win_rate":0,"timestamp":1553731012,"path_taken":["M","?","?","M","?","E","?","E","T","M","R","?","?","?","R","BOSS"],"build_version":"2019-03-15","purchased_purges":0,"victory":false,"max_hp_per_floor":[75,75,75,75,75,75,75,75,75,75,75,75,75,89,89,89],"card_choices":[{"not_picked":["Sword Boomerang","Headbutt"],"picked":"Shrug It Off","floor":1},{"not_picked":["True Grit","Wild Strike"],"picked":"Heavy Blade","floor":4},{"not_picked":["Sever Soul","Second Wind","True Grit"],"picked":"SKIP","floor":6},{"not_picked":["Corruption","Cleave","Power Through"],"picked":"SKIP","floor":8},{"not_picked":["Clothesline","Dropkick"],"picked":"Twin Strike","floor":10},{"not_picked":["Sentinel","Clash"],"picked":"Uppercut","floor":13}],"player_experience":1293653,"relics_obtained":[{"floor":6,"key":"Orichalcum"},{"floor":8,"key":"Smiling Mask"},{"floor":9,"key":"Gremlin Horn"},{"floor":12,"key":"Tiny Chest"},{"floor":14,"key":"Mango"}],"event_choices":[{"damage_healed":0,"gold_gain":75,"player_choice":"Gather Gold","damage_taken":11,"max_hp_gain":0,"max_hp_loss":0,"event_name":"World of Goop","floor":2,"gold_loss":0},{"cards_removed":["Defend_R"],"damage_healed":0,"gold_gain":0,"player_choice":"Card Removal","damage_taken":7,"max_hp_gain":0,"max_hp_loss":0,"event_name":"Golden Wing","floor":3,"gold_loss":0},{"damage_healed":0,"gold_gain":0,"player_choice":"Grow","damage_taken":0,"max_hp_gain":0,"max_hp_loss":0,"event_name":"Living Wall","floor":5,"gold_loss":0,"cards_upgraded":["Bash"]},{"damage_healed":0,"gold_gain":0,"player_choice":"Take Damage","damage_taken":26,"relics_obtained":["Golden Idol"],"max_hp_gain":0,"max_hp_loss":0,"event_name":"Golden Idol","floor":7,"gold_loss":0}],"is_beta":true,"boss_relics":[],"items_purged_floors":[],"is_endless":false,"potions_floor_spawned":[6,10,13],"killed_by":"Slime Boss","ascension_level":20}