{"gold_per_floor":[111,91,101,11,22,22,33,33,59,84,99,119,119,145,145,220,220,191,191,191,191,203,203,43,43,69,80,80,107,107,117,117,117],"floor_reached":33,"playtime":1261,"items_purged":["Writhe"],"score":510,"play_id":"0c9ffcb1-a489-435c-8637-d052821ef5fd","local_time":"20190117005608","is_ascension_mode":true,"campfire_choices":[{"data":"Dagger Spray","floor":6,"key":"SMITH"},{"data":"Neutralize","floor":8,"key":"SMITH"},{"data":"Caltrops","floor":15,"key":"SMITH"},{"floor":23,"key":"REST"},{"data":"Riddle With Holes","floor":28,"key":"SMITH"},{"data":"Leg Sweep","floor":30,"key":"SMITH"},{"data":"Underhanded Strike","floor":32,"key":"SMITH"}],"neow_cost":"NONE","seed_source_timestamp":621799074686800,"circlet_count":0,"master_deck":["AscendersBane","Defend_G+1","Defend_G+1","Defend_G+1","Defend_G+1","Defend_G+1","Strike_G+1","Strike_G+1","Strike_G+1","Strike_G+1","Strike_G+1","Survivor+1","Neutralize+1","Dash+1","Cloak And Dagger+1","Infinite Blades","Dagger Spray+1","Blur","Caltrops+1","Backflip","Backstab","After Image","Leg Sweep+1","Underhanded Strike+1","Riddle With Holes+1"],"relics":["Ring of the Snake","Vajra","Dream Catcher","Ancient Tea Set","Torii","Snecko Eye","Happy Flower","Blood Vial","War Paint"],"potions_floor_usage":[11,16,22,33],"damage_taken":[{"damage":0,"enemies":"2 Louse","floor":1,"turns":3},{"damage":1,"enemies":"Cultist","floor":3,"turns":4},{"damage":0,"enemies":"Small Slimes","floor":5,"turns":3},{"damage":0,"enemies":"Blue Slaver","floor":7,"turns":4},{"damage":24,"enemies":"Gremlin Nob","floor":10,"turns":4},{"damage":4,"enemies":"Large Slime","floor":11,"turns":6},{"damage":0,"enemies":"Lots of Slimes","floor":12,"turns":1},{"damage":10,"enemies":"3 Sentries","floor":14,"turns":6},{"damage":7,"enemies":"The Guardian","floor":16,"turns":11},{"damage":18,"enemies":"2 Thieves","floor":18,"turns":4},{"damage":12,"enemies":"3 Byrds","floor":22,"turns":5},{"damage":0,"enemies":"Snecko","floor":27,"turns":6},{"damage":1,"enemies":"Sentry and Sphere","floor":31,"turns":5},{"damage":71,"enemies":"Champ","floor":33,"turns":20}],"seed_played":"-6942654702339882633","potions_obtained":[{"floor":1,"key":"LiquidBronze"},{"floor":2,"key":"Dexterity Potion"},{"floor":10,"key":"Regen Potion"},{"floor":12,"key":"Weak Potion"},{"floor":14,"key":"GhostInAJar"},{"floor":18,"key":"SpeedPotion"}],"is_trial":false,"path_per_floor":["M","?","M","$","M","R","M","R","T","E","M","M","?","E","R","B",null,"M","?","?","?","M","R","$","?","T","M","R","T","R","M","R","B"],"character_chosen":"THE_SILENT","items_purchased":["Infinite Blades","Riddle With Holes"],"campfire_rested":1,"item_purchase_floors":[4,24],"current_hp_per_floor":[59,59,58,58,58,58,58,58,58,34,45,45,66,56,56,49,62,44,44,44,44,32,51,51,51,51,53,53,53,53,54,54,0],"gold":117,"neow_bonus":"RANDOM_COMMON_RELIC","is_prod":false,"is_daily":false,"chose_seed":false,"campfire_upgraded":6,"win_rate":0,"timestamp":1547682968,"path_taken":["M","?","?","?","M","R","M","R","T","E","M","M","?","E","R","BOSS","M","?","?","?","?","R","$","?","T","M","R","?","R","M","R","BOSS"],"build_version":"2019-01-14v2","purchased_purges":1,"victory":false,"max_hp_per_floor":[66,66,66,66,66,66,66,66,66,66,66,66,66,66,66,66,66,66,66,66,66,66,66,66,66,66,66,66,66,66,66,66,66],"card_choices":[{"not_picked":["Dagger Spray","Crippling Poison"],"picked":"Dash","floor":1},{"not_picked":["Poisoned Stab","Bane"],"picked":"Cloak And Dagger","floor":3},{"not_picked":["Choke","Flechettes"],"picked":"Dagger Spray","floor":5},{"not_picked":["Flechettes","Skewer"],"picked":"Blur","floor":7},{"not_picked":["Grand Finale","A Thousand Cuts"],"picked":"Caltrops","floor":10},{"not_picked":["Poisoned Stab","Bane","Prepared"],"picked":"SKIP","floor":11},{"not_picked":["Slice","Prepared"],"picked":"Backflip","floor":12},{"not_picked":["Finisher","Escape Plan"],"picked":"Backstab","floor":14},{"not_picked":["Bullet Time","Phantasmal Killer"],"picked":"After Image","floor":16},{"not_picked":["Blade Dance","Dagger Spray+1","Prepared+1"],"picked":"SKIP","floor":18},{"not_picked":["Finisher+1","Flying Knee","Distraction"],"picked":"SKIP","floor":22},{"not_picked":["Finisher+1","Flying Knee","Distraction"],"picked":"SKIP","floor":22},{"not_picked":["Quick Slash+1","Backflip"],"picked":"Underhanded Strike","floor":23},{"not_picked":["Flying Knee","Backstab","Caltrops"],"picked":"SKIP","floor":27},{"not_picked":["Outmaneuver","Infinite Blades","Underhanded Strike+1"],"picked":"SKIP","floor":31}],"player_experience":1050137,"relics_obtained":[{"floor":9,"key":"Dream Catcher"},{"floor":10,"key":"Ancient Tea Set"},{"floor":14,"key":"Torii"},{"floor":26,"key":"Blood Vial"},{"floor":29,"key":"War Paint"}],"event_choices":[{"damage_healed":0,"gold_gain":0,"player_choice":"Bought 1 Potion","damage_taken":0,"max_hp_gain":0,"max_hp_loss":0,"event_name":"The Woman in Blue","floor":2,"gold_loss":0},{"damage_healed":22,"gold_gain":0,"player_choice":"Banana","damage_taken":0,"max_hp_gain":0,"max_hp_loss":0,"event_name":"Big Fish","floor":13,"gold_loss":0},{"damage_healed":0,"gold_gain":0,"player_choice":"Opened","damage_taken":0,"relics_obtained":["Happy Flower"],"max_hp_gain":0,"max_hp_loss":0,"event_name":"The Mausoleum","floor":19,"gold_loss":0,"cards_obtained":["Writhe"]},{"damage_healed":0,"gold_gain":0,"player_choice":"Read","damage_taken":0,"max_hp_gain":0,"max_hp_loss":0,"event_name":"The Library","floor":20,"gold_loss":0,"cards_obtained":["Leg Sweep"]},{"damage_healed":0,"gold_gain":0,"player_choice":"Upgraded","damage_taken":0,"max_hp_gain":0,"max_hp_loss":0,"event_name":"Upgrade Shrine","floor":21,"gold_loss":0,"cards_upgraded":["Dash"]},{"damage_healed":0,"gold_gain":0,"player_choice":"Simplicity","damage_taken":0,"max_hp_gain":0,"max_hp_loss":0,"event_name":"Back to Basics","floor":25,"gold_loss":0,"cards_upgraded":["Defend_G","Defend_G","Defend_G","Defend_G","Defend_G","Strike_G","Strike_G","Strike_G","Strike_G","Strike_G"]}],"is_beta":true,"boss_relics":[{"not_picked":["Runic Dome","Coffee Dripper"],"picked":"Snecko Eye"}],"items_purged_floors":[24],"is_endless":false,"potions_floor_spawned":[1,10,12,14,18],"killed_by":"Champ","ascension_level":20}