{"gold_per_floor":[118,43,118,43,43,77,87,97,97,97,108,134,134,162,162,239,239,197,122,122,139,139,169,169,169,194,194,225,235,235,266,266,340,340,351,18,18,18,33,33,65,65,65,82,92,102,2,2,2,2,2],"floor_reached":51,"playtime":6995,"items_purged":["Strike_G","Clumsy","Writhe"],"score":1523,"play_id":"11a6058f-5873-4ae4-8fdb-1275b1a24c16","local_time":"20190425222109","is_ascension_mode":true,"campfire_choices":[{"data":"Deadly Poison","floor":10.0,"key":"SMITH"},{"floor":15.0,"key":"REST"},{"floor":24.0,"key":"REST"},{"data":"Bouncing Flask","floor":27.0,"key":"SMITH"},{"data":"Footwork","floor":32.0,"key":"SMITH"},{"floor":40.0,"key":"REST"},{"floor":42.0,"key":"REST"},{"floor":49.0,"key":"RECALL"}],"neow_cost":"NONE","seed_source_timestamp":607541731145511,"circlet_count":0,"master_deck":["AscendersBane","Defend_G","Defend_G","Defend_G","Defend_G","Defend_G","Strike_G","Strike_G","Survivor","Neutralize","Backflip","Neutralize","Infinite Blades","Deadly Poison+1","Deflect","Backflip","Leg Sweep","Well Laid Plans","Caltrops","Malaise","Bouncing Flask+1","Cloak And Dagger","Malaise","Backflip","Heel Hook","Footwork+1","Night Terror","Well Laid Plans","Skewer+1","Eviscerate","Writhe","Dash","Blur"],"special_seed":0,"relics":["Ring of the Snake","NeowsBlessing","Question Card","Matryoshka","Strawberry","The Courier","Cursed Key","Nilry\u0027s Codex","The Specimen","Mercury Hourglass","Lantern","Blood Vial","Potion Belt","Snecko Eye","Pocketwatch","Centennial Puzzle","Happy Flower"],"potions_floor_usage":[],"damage_taken":[{"damage":0.0,"enemies":"2 Louse","floor":1.0,"turns":1.0},{"damage":0.0,"enemies":"3 Sentries","floor":6.0,"turns":2.0},{"damage":0.0,"enemies":"Small Slimes","floor":7.0,"turns":1.0},{"damage":0.0,"enemies":"Cultist","floor":8.0,"turns":5.0},{"damage":3.0,"enemies":"Large Slime","floor":11.0,"turns":7.0},{"damage":3.0,"enemies":"Lagavulin","floor":12.0,"turns":6.0},{"damage":44.0,"enemies":"Gremlin Nob","floor":14.0,"turns":6.0},{"damage":11.0,"enemies":"The Guardian","floor":16.0,"turns":12.0},{"damage":14.0,"enemies":"2 Thieves","floor":18.0,"turns":5.0},{"damage":0.0,"enemies":"Spheric Guardian","floor":21.0,"turns":3.0},{"damage":7.0,"enemies":"Book of Stabbing","floor":23.0,"turns":7.0},{"damage":14.0,"enemies":"Gremlin Leader","floor":28.0,"turns":6.0},{"damage":1.0,"enemies":"Snecko","floor":29.0,"turns":7.0},{"damage":0.0,"enemies":"Book of Stabbing","floor":31.0,"turns":6.0},{"damage":20.0,"enemies":"Collector","floor":33.0,"turns":15.0},{"damage":2.0,"enemies":"Orb Walker","floor":35.0,"turns":4.0},{"damage":52.0,"enemies":"3 Darklings","floor":39.0,"turns":6.0},{"damage":41.0,"enemies":"Giant Head","floor":41.0,"turns":10.0},{"damage":21.0,"enemies":"Sphere and 2 Shapes","floor":44.0,"turns":4.0},{"damage":1.0,"enemies":"Writhing Mass","floor":45.0,"turns":6.0},{"damage":1.0,"enemies":"Transient","floor":46.0,"turns":6.0},{"damage":32,"enemies":"Time Eater","floor":50,"turns":15},{"damage":31,"enemies":"Awakened One","floor":51,"turns":3}],"seed_played":"-3499713470610400937","potions_obtained":[{"floor":7.0,"key":"AttackPotion"},{"floor":8.0,"key":"Fire Potion"},{"floor":12.0,"key":"Dexterity Potion"},{"floor":14.0,"key":"SteroidPotion"},{"floor":23.0,"key":"GhostInAJar"},{"floor":29.0,"key":"Block Potion"},{"floor":39.0,"key":"Swift Potion"},{"floor":45.0,"key":"SteroidPotion"}],"is_trial":false,"path_per_floor":["M","?","?","$","?","E","M","M","T","R","M","E","?","E","R","B",null,"M","?","?","M","?","E","R","?","T","R","E","M","?","E","R","B",null,"M","$","?","?","M","R","E","R","T","M","M","M","$","?","R","B","B"],"character_chosen":"THE_SILENT","items_purchased":["Pocketwatch"],"campfire_rested":4,"item_purchase_floors":[36],"current_hp_per_floor":[59,59,48,48,48,48,48,48,48,48,45,49,49,5,26,15,59,45,45,24,24,39,32,53,53,53,53,39,40,40,42,42,24,61,61,61,61,73,21,42,3,24,24,5,6,7,7,60,60,28,0],"gold":2,"neow_bonus":"THREE_ENEMY_KILL","is_prod":false,"is_daily":false,"chose_seed":false,"campfire_upgraded":3,"win_rate":0,"timestamp":1556252469,"path_taken":["M","?","?","$","?","E","M","M","T","R","?","E","?","E","R","BOSS","M","?","?","M","?","E","R","?","T","R","E","M","?","E","R","BOSS","M","$","?","?","M","R","E","R","T","M","?","M","?","?","R","BOSS","BOSS"],"build_version":"2019-04-23","purchased_purges":3,"victory":false,"max_hp_per_floor":[66,66,66,66,66,66,66,66,66,66,66,73,73,73,73,73,73,73,73,73,73,73,73,73,73,73,73,73,73,73,73,73,73,73,73,73,73,73,73,73,73,73,73,73,73,73,73,60,60,60,60],"card_choices":[{"not_picked":["Flying Knee","Blade Dance"],"picked":"Backflip","floor":1.0},{"not_picked":["Blade Dance","Quick Slash"],"picked":"Deadly Poison","floor":6.0},{"not_picked":["All Out Attack","Acrobatics","Slice"],"picked":"Deflect","floor":7.0},{"not_picked":["Sucker Punch","Finisher","Underhanded Strike"],"picked":"Backflip","floor":8.0},{"not_picked":["Bullet Time","Cloak And Dagger","Dodge and Roll"],"picked":"Leg Sweep","floor":11.0},{"not_picked":["Blade Dance","Cloak And Dagger","Sucker Punch"],"picked":"Well Laid Plans","floor":12.0},{"not_picked":["Endless Agony","Sucker Punch","Dagger Throw"],"picked":"Caltrops","floor":14.0},{"not_picked":["Adrenaline","Burst","After Image"],"picked":"Malaise","floor":16.0},{"not_picked":["Bane","Outmaneuver","Slice"],"picked":"Bouncing Flask","floor":18.0},{"not_picked":["Outmaneuver","Dagger Spray","Deflect"],"picked":"Cloak And Dagger","floor":21.0},{"not_picked":["Bane+1","Deadly Poison","Dodge and Roll"],"picked":"Malaise","floor":23.0},{"not_picked":["Dagger Spray","Outmaneuver","Slice"],"picked":"Backflip","floor":28.0},{"not_picked":["Quick Slash","Skewer","Outmaneuver"],"picked":"Heel Hook","floor":29.0},{"not_picked":["Bullet Time","Terror+1","Skewer"],"picked":"Footwork","floor":31.0},{"not_picked":["A Thousand Cuts","Doppelganger","Burst"],"picked":"Night Terror","floor":33.0},{"not_picked":["Deflect","Deadly Poison","Infinite Blades"],"picked":"Well Laid Plans","floor":35.0},{"not_picked":["Deadly Poison","Dagger Spray","Slice"],"picked":"Skewer+1","floor":39.0},{"not_picked":["Flying Knee","Setup","Caltrops"],"picked":"Eviscerate","floor":41.0},{"not_picked":["Outmaneuver","Cloak And Dagger","Poisoned Stab+1"],"picked":"Dash","floor":44.0},{"not_picked":["A Thousand Cuts","Dagger Throw+1","Dodge and Roll"],"picked":"Blur","floor":45.0},{"not_picked":["Escape Plan","Quick Slash","Dagger Spray","Flying Knee"],"picked":"SKIP","floor":46.0}],"player_experience":3066357,"relics_obtained":[{"floor":6.0,"key":"Question Card"},{"floor":9.0,"key":"Matryoshka"},{"floor":12.0,"key":"Strawberry"},{"floor":14.0,"key":"The Courier"},{"floor":20.0,"key":"Nilry\u0027s Codex"},{"floor":23.0,"key":"The Specimen"},{"floor":26.0,"key":"Mercury Hourglass"},{"floor":26.0,"key":"Lantern"},{"floor":28.0,"key":"Blood Vial"},{"floor":31.0,"key":"Potion Belt"},{"floor":41.0,"key":"Centennial Puzzle"},{"floor":43.0,"key":"Happy Flower"}],"event_choices":[{"cards_removed":["Strike_G"],"damage_healed":0.0,"max_hp_gain":0.0,"max_hp_loss":0.0,"gold_gain":0.0,"event_name":"The Cleric","player_choice":"Card Removal","floor":2.0,"gold_loss":75.0,"damage_taken":0.0},{"damage_healed":0.0,"max_hp_gain":0.0,"max_hp_loss":0.0,"gold_gain":75.0,"event_name":"World of Goop","player_choice":"Gather Gold","floor":3.0,"gold_loss":0.0,"damage_taken":11.0},{"damage_healed":0.0,"max_hp_gain":0.0,"max_hp_loss":0.0,"gold_gain":0.0,"event_name":"Match and Keep!","player_choice":"2 cards matched","floor":5.0,"gold_loss":0.0,"damage_taken":0.0,"cards_obtained":["Neutralize","Infinite Blades"]},{"damage_healed":0.0,"max_hp_gain":0.0,"max_hp_loss":0.0,"gold_gain":0.0,"event_name":"Liars Game","player_choice":"Ignored","floor":13.0,"gold_loss":0.0,"damage_taken":0.0},{"cards_removed":["Strike_G"],"damage_healed":0.0,"max_hp_gain":0.0,"max_hp_loss":0.0,"gold_gain":0.0,"event_name":"Beggar","player_choice":"Gave Gold","floor":19.0,"gold_loss":75.0,"damage_taken":0.0},{"damage_healed":0.0,"max_hp_gain":0.0,"max_hp_loss":0.0,"gold_gain":0.0,"event_name":"Cursed Tome","player_choice":"Obtained Book","floor":20.0,"gold_loss":0.0,"damage_taken":21.0},{"damage_healed":15.0,"max_hp_gain":0.0,"max_hp_loss":0.0,"gold_gain":0.0,"event_name":"The Library","player_choice":"Heal","floor":22.0,"gold_loss":0.0,"damage_taken":0.0},{"damage_healed":0.0,"max_hp_gain":0.0,"max_hp_loss":0.0,"gold_gain":0.0,"event_name":"Vampires","player_choice":"Ignored","floor":25.0,"gold_loss":0.0,"damage_taken":0.0},{"damage_healed":0.0,"max_hp_gain":0.0,"max_hp_loss":0.0,"gold_gain":0.0,"event_name":"The Mausoleum","player_choice":"Ignored","floor":30.0,"gold_loss":0.0,"damage_taken":0.0},{"damage_healed":0.0,"max_hp_gain":0.0,"max_hp_loss":0.0,"gold_gain":0.0,"event_name":"Mysterious Sphere","player_choice":"Ignored","floor":37.0,"gold_loss":0.0,"damage_taken":0.0},{"damage_healed":15.0,"max_hp_gain":0.0,"max_hp_loss":0.0,"gold_gain":0.0,"event_name":"Winding Halls","player_choice":"Writhe","floor":38.0,"gold_loss":0.0,"damage_taken":0.0,"cards_obtained":["Writhe"]},{"damage_healed":60.0,"max_hp_gain":0.0,"max_hp_loss":13.0,"gold_gain":0.0,"event_name":"The Moai Head","player_choice":"Heal","floor":48.0,"gold_loss":0.0,"damage_taken":0.0}],"is_beta":true,"boss_relics":[{"not_picked":["Calling Bell","Runic Dome"],"picked":"Cursed Key"},{"not_picked":["Tiny House","Lizard Tail"],"picked":"Snecko Eye"}],"items_purged_floors":[4,36,47],"is_endless":false,"potions_floor_spawned":[7,8,12,14,23,29,39,45],"killed_by":"Awakened One","ascension_level":20}