{"gold_per_floor":[113,113,62,62,77,104,104,119,119,59,9,9],"floor_reached":12,"playtime":220,"items_purged":[],"score":152,"play_id":"bc4432da-bec6-456b-8086-620500ea823d","local_time":"20190401234628","is_ascension_mode":true,"campfire_choices":[],"neow_cost":"CURSE","seed_source_timestamp":1031697197750800,"circlet_count":0,"master_deck":["AscendersBane","Strike_R","Strike_R","Strike_R","Strike_R","Strike_R","Defend_R","Defend_R","Defend_R","Bash","Shrug It Off","Pain","Double Tap","Sever Soul","Shrug It Off"],"relics":["Burning Blood","Calipers","WarpedTongs","Singing Bowl","Juzu Bracelet","Mummified Hand"],"potions_floor_usage":[8],"damage_taken":[{"damage":4,"enemies":"Small Slimes","floor":1,"turns":4},{"damage":4,"enemies":"2 Louse","floor":5,"turns":4},{"damage":64,"enemies":"Lagavulin","floor":6,"turns":7},{"damage":2,"enemies":"Cultist","floor":8,"turns":4},{"damage":6,"enemies":"Gremlin Nob","floor":12,"turns":3}],"seed_played":"5180371611933755791","potions_obtained":[{"floor":6,"key":"Regen Potion"}],"is_trial":false,"path_per_floor":["M","?","$","?","M","E","?","M","T","?","$","E"],"character_chosen":"IRONCLAD","items_purchased":["Shrug It Off","Shrug It Off"],"campfire_rested":0,"item_purchase_floors":[3,11],"current_hp_per_floor":[70,63,63,63,65,7,7,25,25,25,25,19],"gold":9,"neow_bonus":"ONE_RARE_RELIC","is_prod":false,"is_daily":false,"chose_seed":false,"campfire_upgraded":0,"win_rate":0,"timestamp":1554155188,"path_taken":["M","?","$","?","?","E","?","M","T","?","$","E"],"build_version":"2019-03-15","purchased_purges":0,"victory":false,"max_hp_per_floor":[75,75,75,75,75,75,75,77,77,77,77,77],"card_choices":[{"not_picked":["Carnage","Disarm","Havoc"],"picked":"SKIP","floor":1},{"not_picked":["Headbutt","Perfected Strike","Combust"],"picked":"SKIP","floor":5},{"not_picked":["Pommel Strike","Berserk"],"picked":"Double Tap","floor":6},{"not_picked":["Clothesline","Sentinel","Havoc"],"picked":"Singing Bowl","floor":8}],"player_experience":1321051,"relics_obtained":[{"floor":6,"key":"Singing Bowl"},{"floor":9,"key":"Juzu Bracelet"}],"event_choices":[{"cards_removed":["Clumsy"],"damage_healed":0,"gold_gain":0,"player_choice":"Card Removal","damage_taken":7,"max_hp_gain":0,"max_hp_loss":0,"event_name":"Golden Wing","floor":2,"gold_loss":0},{"damage_healed":0,"gold_gain":0,"player_choice":"Rummage","damage_taken":0,"relics_obtained":["WarpedTongs"],"max_hp_gain":0,"max_hp_loss":0,"event_name":"Accursed Blacksmith","floor":4,"gold_loss":0,"cards_obtained":["Pain"]},{"damage_healed":0,"gold_gain":0,"cards_transformed":["Defend_R"],"player_choice":"Transformed","damage_taken":0,"max_hp_gain":0,"max_hp_loss":0,"event_name":"Transmorgrifier","floor":7,"gold_loss":0,"cards_obtained":["Sever Soul"]},{"damage_healed":0,"gold_gain":0,"player_choice":"Paid Gold","damage_taken":0,"relics_obtained":["Mummified Hand"],"max_hp_gain":0,"max_hp_loss":0,"event_name":"WeMeetAgain","floor":10,"gold_loss":60}],"is_beta":true,"boss_relics":[],"items_purged_floors":[],"is_endless":false,"potions_floor_spawned":[6],"killed_by":"Gremlin Nob","ascension_level":20}