{"gold_per_floor":[113,113,38,38,56,94,94,134,134,169,189,149,149,162,162,255,255,280,305,330,355,369,369],"floor_reached":23,"playtime":677,"items_purged":[],"score":476,"play_id":"37512546-bd5c-4fbc-adea-0d5f38887575","local_time":"20190426213819","is_ascension_mode":true,"campfire_choices":[{"data":"Bash","floor":7.0,"key":"SMITH"},{"data":"Demon Form","floor":15.0,"key":"SMITH"}],"neow_cost":"NONE","seed_source_timestamp":0,"circlet_count":0,"master_deck":["AscendersBane","Strike_R","Strike_R","Strike_R","Strike_R","Strike_R","Defend_R","Defend_R","Defend_R","Bash+1","Demon Form+1","Flame Barrier","Shrug It Off","Feed","Twin Strike","Shrug It Off","Double Tap"],"special_seed":0,"relics":["Burning Blood","NeowsBlessing","Golden Idol","Magic Flower","Mummified Hand","Mercury Hourglass","Bag of Preparation","Lizard Tail"],"potions_floor_usage":[21,22,23,23],"damage_taken":[{"damage":0.0,"enemies":"Cultist","floor":1.0,"turns":1.0},{"damage":0.0,"enemies":"Jaw Worm","floor":5.0,"turns":1.0},{"damage":0.0,"enemies":"Lagavulin","floor":6.0,"turns":1.0},{"damage":32.0,"enemies":"Gremlin Nob","floor":8.0,"turns":4.0},{"damage":28.0,"enemies":"Lagavulin","floor":10.0,"turns":8.0},{"damage":0.0,"enemies":"2 Louse","floor":11.0,"turns":2.0},{"damage":25.0,"enemies":"Gremlin Gang","floor":14.0,"turns":4.0},{"damage":43.0,"enemies":"The Guardian","floor":16.0,"turns":12.0},{"damage":36,"enemies":"Shell Parasite","floor":18,"turns":8},{"damage":6,"enemies":"Chosen","floor":19,"turns":4},{"damage":30,"enemies":"Snake Plant","floor":20,"turns":4},{"damage":49,"enemies":"Shelled Parasite and Fungi","floor":21,"turns":4},{"damage":16,"enemies":"Chosen and Byrds","floor":22,"turns":5},{"damage":48,"enemies":"Book of Stabbing","floor":23,"turns":4}],"seed_played":"8700715559984171345","potions_obtained":[{"floor":8.0,"key":"Strength Potion"},{"floor":11.0,"key":"BloodPotion"},{"floor":19,"key":"Strength Potion"},{"floor":20,"key":"Explosive Potion"},{"floor":21,"key":"FearPotion"},{"floor":22,"key":"SpeedPotion"}],"is_trial":false,"path_per_floor":["M","?","?","$","M","E","R","E","T","E","M","?","?","M","R","B",null,"M","M","M","M","M","E"],"character_chosen":"IRONCLAD","items_purchased":[],"campfire_rested":0,"item_purchase_floors":[],"current_hp_per_floor":[74,48,48,48,54,60,60,37,37,18,27,27,75,59,59,36,65,43,51,30,51,44,0],"gold":369,"neow_bonus":"THREE_ENEMY_KILL","is_prod":false,"is_daily":false,"chose_seed":false,"campfire_upgraded":2,"win_rate":0,"timestamp":1556307499,"path_taken":["M","?","?","$","?","E","R","E","T","E","M","?","?","M","R","BOSS","M","?","?","M","M","E"],"build_version":"2019-04-23","purchased_purges":0,"victory":false,"max_hp_per_floor":[75,75,75,75,75,75,75,75,75,75,75,75,75,75,75,75,75,78,81,81,81,81,81],"card_choices":[{"not_picked":["Flex","Cleave","Corruption"],"picked":"SKIP","floor":1.0},{"not_picked":["Rage","Havoc","Perfected Strike"],"picked":"SKIP","floor":5.0},{"not_picked":["Wild Strike","Rage"],"picked":"Demon Form","floor":6.0},{"not_picked":["Rupture","Feel No Pain"],"picked":"Flame Barrier","floor":8.0},{"not_picked":["Armaments","Spot Weakness","Disarm"],"picked":"SKIP","floor":10.0},{"not_picked":["Havoc","Searing Blow"],"picked":"Shrug It Off","floor":11.0},{"not_picked":["Body Slam","Wild Strike","Clash"],"picked":"SKIP","floor":14.0},{"not_picked":["Body Slam","Wild Strike","Clash"],"picked":"SKIP","floor":14.0},{"not_picked":["Fiend Fire","Exhume"],"picked":"Feed","floor":16.0},{"not_picked":["Sever Soul","Pommel Strike"],"picked":"Twin Strike","floor":18},{"not_picked":["Hemokinesis","Metallicize"],"picked":"Shrug It Off","floor":19},{"not_picked":["Iron Wave","Wild Strike","Shockwave"],"picked":"SKIP","floor":20},{"not_picked":["True Grit","Seeing Red","Cleave"],"picked":"SKIP","floor":21},{"not_picked":["Perfected Strike","Battle Trance"],"picked":"Double Tap","floor":22}],"player_experience":1412907,"relics_obtained":[{"floor":6.0,"key":"Magic Flower"},{"floor":8.0,"key":"Mummified Hand"},{"floor":9.0,"key":"Mercury Hourglass"},{"floor":10.0,"key":"Bag of Preparation"}],"event_choices":[{"damage_healed":0.0,"max_hp_gain":0.0,"max_hp_loss":0.0,"gold_gain":0.0,"event_name":"Golden Idol","player_choice":"Take Damage","floor":2.0,"gold_loss":0.0,"damage_taken":26.0,"relics_obtained":["Golden Idol"]},{"cards_removed":["Defend_R"],"damage_healed":0.0,"max_hp_gain":0.0,"max_hp_loss":0.0,"gold_gain":0.0,"event_name":"The Cleric","player_choice":"Card Removal","floor":3.0,"gold_loss":75.0,"damage_taken":0.0},{"damage_healed":0.0,"max_hp_gain":0.0,"max_hp_loss":0.0,"gold_gain":0.0,"event_name":"World of Goop","player_choice":"Left Gold","floor":12.0,"gold_loss":40.0,"damage_taken":0.0},{"damage_healed":48.0,"max_hp_gain":0.0,"max_hp_loss":0.0,"gold_gain":0.0,"event_name":"Wheel of Change","player_choice":"Full Heal","floor":13.0,"gold_loss":0.0,"damage_taken":0.0}],"is_beta":true,"boss_relics":[{"not_picked":["White Beast Statue","Orrery"],"picked":"Lizard Tail"}],"items_purged_floors":[],"is_endless":false,"potions_floor_spawned":[8,11,14,19,20,21,22],"killed_by":"Book of Stabbing","ascension_level":20}