{"gold_per_floor":[115,135,285,296,145,145,157,187,232,243,243,258,258,278,278,278],"floor_reached":16,"playtime":841,"items_purged":["Doubt"],"score":187,"play_id":"f57eb2b6-d0be-4b02-ac52-b049f2d8e35c","local_time":"20190430164410","is_ascension_mode":true,"campfire_choices":[{"data":"Bash","floor":6.0,"key":"SMITH"},{"floor":13.0,"key":"REST"},{"data":"Evolve","floor":15.0,"key":"SMITH"}],"neow_cost":"NONE","seed_source_timestamp":2528728520357324,"circlet_count":0,"master_deck":["AscendersBane","Strike_R","Strike_R","Strike_R","Strike_R","Defend_R","Defend_R","Defend_R","Defend_R","Bash+1","Pommel Strike","Headbutt","Evolve+1","Flame Barrier","Rupture","Berserk"],"special_seed":0,"relics":["Burning Blood","Blue Candle","Strawberry"],"potions_floor_usage":[16],"damage_taken":[{"damage":8.0,"enemies":"Jaw Worm","floor":1.0,"turns":5.0},{"damage":0.0,"enemies":"Small Slimes","floor":2.0,"turns":4.0},{"damage":6.0,"enemies":"Cultist","floor":4.0,"turns":5.0},{"damage":30.0,"enemies":"Exordium Thugs","floor":7.0,"turns":5.0},{"damage":20.0,"enemies":"Gremlin Nob","floor":8.0,"turns":4.0},{"damage":22.0,"enemies":"Lots of Slimes","floor":10.0,"turns":6.0},{"damage":18.0,"enemies":"Red Slaver","floor":12.0,"turns":3.0},{"damage":13.0,"enemies":"Looter","floor":14.0,"turns":4.0},{"damage":39,"enemies":"The Guardian","floor":16,"turns":7}],"seed_played":"-885027993038396769","potions_obtained":[{"floor":1.0,"key":"Energy Potion"},{"floor":4.0,"key":"Dexterity Potion"},{"floor":8.0,"key":"Poison Potion"}],"is_trial":false,"path_per_floor":["M","M","?","M","$","R","M","E","T","M","?","M","R","M","R","B"],"character_chosen":"IRONCLAD","items_purchased":["Evolve"],"campfire_rested":1,"item_purchase_floors":[5],"current_hp_per_floor":[73,79,79,79,79,79,55,41,48,32,32,20,46,39,39,0],"gold":278,"neow_bonus":"TEN_PERCENT_HP_BONUS","is_prod":false,"is_daily":false,"chose_seed":false,"campfire_upgraded":2,"win_rate":0,"timestamp":1556621050,"path_taken":["M","M","?","M","$","R","M","E","T","M","?","M","R","M","R","BOSS"],"build_version":"2019-01-23","purchased_purges":1,"victory":false,"max_hp_per_floor":[82,82,82,82,82,82,82,82,89,89,89,89,89,89,89,89],"card_choices":[{"not_picked":["Sever Soul","Dual Wield"],"picked":"Pommel Strike","floor":1.0},{"not_picked":["Entrench","Perfected Strike","Flex"],"picked":"SKIP","floor":2.0},{"not_picked":["Clash","Clothesline"],"picked":"Headbutt","floor":4.0},{"not_picked":["Evolve","Headbutt","Sever Soul"],"picked":"SKIP","floor":7.0},{"not_picked":["Body Slam","Dual Wield"],"picked":"Flame Barrier","floor":8.0},{"not_picked":["Heavy Blade","Anger"],"picked":"Rupture","floor":10.0},{"not_picked":["Infernal Blade","Clash","Sentinel"],"picked":"SKIP","floor":12.0},{"not_picked":["Twin Strike","Evolve","Anger"],"picked":"SKIP","floor":14.0}],"player_experience":1267474,"relics_obtained":[{"floor":8.0,"key":"Blue Candle"},{"floor":9.0,"key":"Strawberry"}],"event_choices":[{"damage_healed":0.0,"max_hp_gain":0.0,"max_hp_loss":0.0,"gold_gain":150.0,"event_name":"Liars Game","player_choice":"AGREE","floor":3.0,"gold_loss":0.0,"damage_taken":0.0,"cards_obtained":["Doubt"]},{"damage_healed":0.0,"max_hp_gain":0.0,"max_hp_loss":0.0,"gold_gain":0.0,"cards_transformed":["Strike_R"],"event_name":"Transmorgrifier","player_choice":"Transformed","floor":11.0,"gold_loss":0.0,"damage_taken":0.0,"cards_obtained":["Berserk"]}],"is_beta":false,"boss_relics":[],"items_purged_floors":[5],"is_endless":false,"potions_floor_spawned":[1,4,8],"killed_by":"The Guardian","ascension_level":16}