{"gold_per_floor":[114,39,39,39,50,77,91,107,176,190,190,207,253,266,266],"floor_reached":15,"playtime":324,"items_purged":[],"score":248,"play_id":"b81ea66b-43e0-4efc-9a84-f37c35d5eae5","local_time":"20190427212622","is_ascension_mode":true,"campfire_choices":[{"floor":11,"key":"DIG"},{"floor":15,"key":"DIG"}],"neow_cost":"NONE","seed_source_timestamp":1498258335998700,"circlet_count":0,"master_deck":["AscendersBane","Strike_R","Strike_R","Strike_R","Strike_R","Strike_R","Defend_R","Defend_R","Defend_R","Bash+1","True Grit","Evolve","Offering","Sword Boomerang"],"relics":["Burning Blood","NeowsBlessing","Shovel","Omamori","Centennial Puzzle"],"potions_floor_usage":[14],"damage_taken":[{"damage":0,"enemies":"Cultist","floor":1,"turns":1},{"damage":0,"enemies":"2 Louse","floor":5,"turns":1},{"damage":0,"enemies":"Lagavulin","floor":6,"turns":1},{"damage":2,"enemies":"Jaw Worm","floor":7,"turns":4},{"damage":21,"enemies":"Exordium Thugs","floor":8,"turns":6},{"damage":10,"enemies":"Large Slime","floor":10,"turns":6},{"damage":13,"enemies":"Blue Slaver","floor":12,"turns":4},{"damage":0,"enemies":"Lots of Slimes","floor":14,"turns":2}],"seed_played":"-649864415830887918","potions_obtained":[{"floor":5,"key":"Block Potion"},{"floor":10,"key":"EssenceOfSteel"},{"floor":12,"key":"Explosive Potion"}],"is_trial":false,"path_per_floor":["M","?","?","$","M","E","M","M","T","M","R","M","T","M","R"],"character_chosen":"IRONCLAD","items_purchased":[],"campfire_rested":0,"item_purchase_floors":[],"current_hp_per_floor":[74,74,74,74,75,75,75,60,60,56,56,49,49,55,55],"gold":266,"neow_bonus":"THREE_ENEMY_KILL","is_prod":false,"is_daily":false,"chose_seed":false,"campfire_upgraded":0,"win_rate":0,"timestamp":1556393182,"path_taken":["M","?","?","$","M","E","M","M","T","?","R","M","?","M","R"],"build_version":"2019-04-23","purchased_purges":0,"victory":false,"max_hp_per_floor":[75,75,75,75,75,75,75,75,75,75,75,75,75,75,75],"card_choices":[{"not_picked":["Shockwave","Body Slam"],"picked":"True Grit","floor":1},{"not_picked":["Corruption","Burning Pact","Fire Breathing"],"picked":"SKIP","floor":5},{"not_picked":["Feel No Pain","Body Slam","True Grit"],"picked":"SKIP","floor":6},{"not_picked":["Cleave","Burning Pact"],"picked":"Evolve","floor":7},{"not_picked":["Anger","Clash","Pommel Strike"],"picked":"SKIP","floor":8},{"not_picked":["Clothesline","Headbutt"],"picked":"Offering","floor":10},{"not_picked":["Wild Strike","Reckless Charge","Headbutt"],"picked":"SKIP","floor":12},{"not_picked":["Second Wind","Reckless Charge"],"picked":"Sword Boomerang","floor":14}],"player_experience":1417907,"relics_obtained":[{"floor":6,"key":"Shovel"},{"floor":11,"key":"Omamori"},{"floor":13,"key":"Centennial Puzzle"}],"event_choices":[{"cards_removed":["Defend_R"],"damage_healed":0,"gold_gain":0,"player_choice":"Card Removal","damage_taken":0,"max_hp_gain":0,"max_hp_loss":0,"event_name":"The Cleric","floor":2,"gold_loss":75},{"damage_healed":0,"gold_gain":0,"player_choice":"Grow","damage_taken":0,"max_hp_gain":0,"max_hp_loss":0,"event_name":"Living Wall","floor":3,"gold_loss":0,"cards_upgraded":["Bash"]}],"is_beta":true,"boss_relics":[],"items_purged_floors":[],"is_endless":false,"potions_floor_spawned":[5,10,12],"ascension_level":20}