{"gold_per_floor":[114,127,127,5,15,15,43,43,115,130,130,141,169,184,184,280,280,293,293,309,10,22,22,22,50,62,13,13],"floor_reached":28,"playtime":840,"items_purged":["Defend_R","Strike_R"],"score":248,"play_id":"003102eb-81f9-4ed3-8ebe-f25827928bc7","local_time":"20190219224124","is_ascension_mode":false,"campfire_choices":[{"data":"Bash","floor":6,"key":"SMITH"},{"data":"Strike_R","floor":11,"key":"PURGE"},{"floor":15,"key":"REST"},{"floor":23,"key":"REST"}],"neow_cost":"NONE","seed_source_timestamp":240374192518700,"circlet_count":0,"master_deck":["Strike_R","Strike_R","Strike_R+1","Defend_R","Defend_R","Defend_R+1","Bash+1","Shrug It Off+1","Dropkick"],"relics":["Burning Blood","NeowsBlessing","Vajra","Peace Pipe","Question Card","Bronze Scales","Black Star","Sling","The Courier","MawBank","Paper Frog"],"potions_floor_usage":[13,16,22,25,28],"damage_taken":[{"damage":0,"enemies":"Jaw Worm","floor":1,"turns":1},{"damage":0,"enemies":"2 Louse","floor":2,"turns":1},{"damage":0,"enemies":"Cultist","floor":5,"turns":1},{"damage":20,"enemies":"Gremlin Nob","floor":7,"turns":4},{"damage":12,"enemies":"Lots of Slimes","floor":10,"turns":5},{"damage":0,"enemies":"2 Fungi Beasts","floor":12,"turns":3},{"damage":19,"enemies":"3 Sentries","floor":13,"turns":9},{"damage":13,"enemies":"Exordium Thugs","floor":14,"turns":6},{"damage":44,"enemies":"Hexaghost","floor":16,"turns":9},{"damage":43,"enemies":"Spheric Guardian","floor":18,"turns":6},{"damage":5,"enemies":"Shell Parasite","floor":20,"turns":8},{"damage":10,"enemies":"Shelled Parasite and Fungi","floor":22,"turns":8},{"damage":36,"enemies":"Gremlin Leader","floor":25,"turns":6},{"damage":42,"enemies":"Book of Stabbing","floor":28,"turns":5}],"seed_played":"-8991441356785165057","potions_obtained":[{"floor":1,"key":"Fire Potion"},{"floor":7,"key":"Poison Potion"},{"floor":16,"key":"SkillPotion"},{"floor":22,"key":"Poison Potion"}],"is_trial":false,"path_per_floor":["M","M","?","$","M","R","E","?","T","M","R","M","E","M","R","B",null,"M","?","M","$","M","R","?","E","T","$","E"],"character_chosen":"IRONCLAD","items_purchased":["Shrug It Off","Sling","Regen Potion"],"campfire_rested":2,"item_purchase_floors":[4,21,27],"current_hp_per_floor":[80,80,64,64,70,70,56,44,44,38,38,44,31,24,48,10,80,43,43,44,44,40,64,49,19,19,19,0],"gold":13,"neow_bonus":"THREE_ENEMY_KILL","is_prod":false,"is_daily":false,"chose_seed":false,"campfire_upgraded":1,"win_rate":0,"timestamp":1550612484,"path_taken":["M","M","?","$","M","R","E","?","T","M","R","M","E","?","R","BOSS","M","?","?","$","M","R","?","E","T","$","E"],"build_version":"2019-02-06","purchased_purges":2,"victory":false,"max_hp_per_floor":[80,80,80,80,80,80,80,80,80,80,80,80,80,80,80,80,80,80,80,80,80,80,80,85,85,85,85,85],"card_choices":[{"not_picked":["Searing Blow","Thunderclap","Clash"],"picked":"SKIP","floor":1},{"not_picked":["Corruption","Sword Boomerang","Blood for Blood"],"picked":"SKIP","floor":2},{"not_picked":["Warcry","Havoc","Headbutt"],"picked":"SKIP","floor":5},{"not_picked":["Clothesline","Shrug It Off","Sever Soul"],"picked":"SKIP","floor":7},{"not_picked":["Rupture","Pommel Strike","Headbutt","True Grit"],"picked":"SKIP","floor":10},{"not_picked":["Rupture","Pommel Strike","Headbutt","True Grit"],"picked":"SKIP","floor":10},{"not_picked":["Sever Soul","Cleave","Perfected Strike","Flex"],"picked":"SKIP","floor":12},{"not_picked":["Armaments","Double Tap","Rampage","Sword Boomerang"],"picked":"SKIP","floor":13},{"not_picked":["Disarm","Sword Boomerang","Armaments","Carnage"],"picked":"SKIP","floor":14},{"not_picked":["Headbutt","Twin Strike","Perfected Strike","Body Slam"],"picked":"SKIP","floor":18},{"not_picked":["Armaments+1","Havoc","Corruption+1"],"picked":"Dropkick","floor":20},{"not_picked":["Carnage","Clash+1","Iron Wave+1","Body Slam"],"picked":"SKIP","floor":22},{"not_picked":["Carnage","Clash+1","Iron Wave+1","Body Slam"],"picked":"SKIP","floor":22},{"not_picked":["Cleave","Combust","Offering","Sentinel"],"picked":"SKIP","floor":25}],"player_experience":1160622,"relics_obtained":[{"floor":7,"key":"Vajra"},{"floor":9,"key":"Question Card"},{"floor":13,"key":"Bronze Scales"},{"floor":25,"key":"The Courier"},{"floor":25,"key":"MawBank"},{"floor":26,"key":"Paper Frog"}],"event_choices":[{"damage_healed":0,"gold_gain":0,"player_choice":"Entered Light","damage_taken":16,"max_hp_gain":0,"max_hp_loss":0,"event_name":"Shining Light","floor":3,"gold_loss":0,"cards_upgraded":["Strike_R","Defend_R"]},{"damage_healed":0,"gold_gain":0,"player_choice":"Success","damage_taken":12,"relics_obtained":["Peace Pipe"],"max_hp_gain":0,"max_hp_loss":0,"event_name":"Scrap Ooze","floor":8,"gold_loss":0},{"damage_healed":0,"gold_gain":0,"player_choice":"Forge","damage_taken":0,"max_hp_gain":0,"max_hp_loss":0,"event_name":"Accursed Blacksmith","floor":19,"gold_loss":0,"cards_upgraded":["Shrug It Off"]},{"damage_healed":0,"gold_gain":0,"player_choice":"Shed Blood","damage_taken":20,"max_hp_gain":5,"max_hp_loss":0,"event_name":"Forgotten Altar","floor":24,"gold_loss":0}],"is_beta":true,"boss_relics":[{"not_picked":["Mark of Pain","Fusion Hammer"],"picked":"Black Star"}],"items_purged_floors":[4,21],"is_endless":false,"potions_floor_spawned":[1,7,16,22],"killed_by":"Book of Stabbing","ascension_level":0}