{"gold_per_floor":[117,117,130,130,55,81,81,111,411,411,430,430,462,474,474,573,573,587,241,241,241,251,283,283,297,297,297,138,138,138,152,152,249,249,265,265,276,295,312,345,390,422,422,422,455,455,481,148,148,148,148,148,76,111,111],"floor_reached":56,"playtime":2370,"items_purged":["Defend_R","Strike_R","Pain"],"score":1424,"play_id":"df9eedd4-8cc7-4f9d-afcc-805cfb0ec4d5","local_time":"20190225180233","is_ascension_mode":false,"campfire_choices":[{"floor":10,"key":"REST"},{"data":"1","floor":12,"key":"LIFT"},{"data":"2","floor":15,"key":"LIFT"},{"data":"3","floor":24,"key":"LIFT"},{"data":"Limit Break","floor":32,"key":"SMITH"},{"floor":44,"key":"RECALL"},{"data":"Double Tap","floor":46,"key":"SMITH"},{"data":"Demon Form","floor":49,"key":"SMITH"},{"data":"Impervious","floor":52,"key":"SMITH"}],"neow_cost":"NONE","seed_source_timestamp":494942577353900,"circlet_count":0,"master_deck":["Defend_R","Bash+1","Shrug It Off+1","Feed","Dropkick","Impervious+1","Inflame+1","Fiend Fire+1","Berserk+1","Shrug It Off+1","Limit Break+1","Bite","Bite","Bite","Bite","Bite","Heavy Blade+1","Double Tap+1","Uppercut+1","Demon Form+1","Pummel+1"],"relics":["Burning Blood","Girya","Dream Catcher","Old Coin","Happy Flower","Astrolabe","Singing Bowl","Question Card","Sundial","MutagenicStrength","Nilry\u0027s Codex","Cursed Key","Molten Egg 2","Dead Branch","Bag of Marbles","Pantograph","Prayer Wheel","Dodecahedron","Lee\u0027s Waffle","Art of War"],"potions_floor_usage":[13,16,16,41,55,55],"damage_taken":[{"damage":3,"enemies":"Jaw Worm","floor":1,"turns":4},{"damage":6,"enemies":"Cultist","floor":3,"turns":3},{"damage":28,"enemies":"Gremlin Nob","floor":6,"turns":4},{"damage":46,"enemies":"Lagavulin","floor":8,"turns":7},{"damage":7,"enemies":"2 Louse","floor":11,"turns":3},{"damage":31,"enemies":"3 Sentries","floor":13,"turns":8},{"damage":10,"enemies":"Looter","floor":14,"turns":3},{"damage":26,"enemies":"The Guardian","floor":16,"turns":10},{"damage":12,"enemies":"Spheric Guardian","floor":18,"turns":4},{"damage":10,"enemies":"Chosen","floor":22,"turns":3},{"damage":40,"enemies":"Gremlin Leader","floor":23,"turns":8},{"damage":9,"enemies":"Centurion and Healer","floor":25,"turns":6},{"damage":10,"enemies":"Chosen and Byrds","floor":31,"turns":5},{"damage":33,"enemies":"Champ","floor":33,"turns":7},{"damage":13,"enemies":"3 Darklings","floor":35,"turns":3},{"damage":0,"enemies":"3 Shapes","floor":37,"turns":6},{"damage":0,"enemies":"Transient","floor":38,"turns":5},{"damage":6,"enemies":"Jaw Worm Horde","floor":39,"turns":3},{"damage":35,"enemies":"Reptomancer","floor":40,"turns":6},{"damage":12,"enemies":"2 Orb Walkers","floor":41,"turns":3},{"damage":6,"enemies":"Nemesis","floor":42,"turns":3},{"damage":16,"enemies":"Giant Head","floor":45,"turns":5},{"damage":54,"enemies":"Nemesis","floor":47,"turns":5},{"damage":94,"enemies":"Donu and Deca","floor":50,"turns":7},{"damage":66,"enemies":"Shield and Spear","floor":54,"turns":6},{"damage":73,"enemies":"The Heart","floor":55,"turns":5}],"seed_played":"8753530622128258031","potions_obtained":[{"floor":1,"key":"PowerPotion"},{"floor":3,"key":"EssenceOfSteel"},{"floor":8,"key":"SpeedPotion"},{"floor":14,"key":"LiquidBronze"},{"floor":25,"key":"Energy Potion"},{"floor":38,"key":"BloodPotion"},{"floor":39,"key":"PowerPotion"},{"floor":41,"key":"Ancient Potion"}],"is_trial":false,"path_per_floor":["M","?","M","?","$","E","?","E","T","R","M","R","E","M","R","B",null,"M","$","?","$","M","E","R","M","T","?","$","?","?","M","R","B",null,"M","?","M","M","M","E","?","E","T","R","E","R","E","$","R","B",null,"R","$","E","B",null],"character_chosen":"IRONCLAD","items_purchased":["Singing Bowl","Limit Break","Lee\u0027s Waffle","Pummel+1"],"campfire_rested":1,"item_purchase_floors":[19,28,48,53],"current_hp_per_floor":[88,88,88,88,88,66,66,26,26,52,54,54,32,31,31,14,100,97,97,97,97,96,64,64,66,66,66,66,66,50,60,60,54,82,77,77,85,87,92,77,90,98,98,98,98,98,60,105,105,25,105,105,105,64,30],"gold":111,"neow_bonus":"TEN_PERCENT_HP_BONUS","is_prod":false,"is_daily":false,"chose_seed":false,"campfire_upgraded":4,"win_rate":0,"timestamp":1551114153,"path_taken":["M","?","?","?","$","E","?","E","T","R","M","R","E","?","R","BOSS","M","$","?","?","?","E","R","M","T","?","$","?","?","M","R","BOSS","M","?","M","M","M","E","?","E","T","R","E","R","E","$","R","BOSS","R","$","E","BOSS"],"build_version":"2019-02-06","purchased_purges":3,"victory":true,"max_hp_per_floor":[88,88,88,88,88,88,88,88,88,88,91,91,94,97,97,100,100,103,103,103,103,106,108,108,113,113,113,113,79,79,79,79,82,82,84,80,85,87,92,94,96,98,98,98,98,98,98,105,105,105,105,105,105,110,110],"card_choices":[{"not_picked":["Perfected Strike","Clash","Sword Boomerang"],"picked":"SKIP","floor":1},{"not_picked":["Hemokinesis","Rage"],"picked":"Shrug It Off","floor":3},{"not_picked":["Fiend Fire","Metallicize","Perfected Strike"],"picked":"SKIP","floor":6},{"not_picked":["Feel No Pain","Inflame"],"picked":"Feed","floor":8},{"not_picked":["Battle Trance","Hemokinesis"],"picked":"Dropkick","floor":10},{"not_picked":["Twin Strike","Corruption","Flex"],"picked":"SKIP","floor":11},{"not_picked":["Thunderclap","Havoc","Power Through"],"picked":"SKIP","floor":13},{"not_picked":["Thunderclap","Dual Wield","Rupture"],"picked":"SKIP","floor":14},{"not_picked":["Juggernaut","Bludgeon"],"picked":"Impervious","floor":16},{"not_picked":["Iron Wave+1","Perfected Strike","True Grit"],"picked":"SKIP","floor":18},{"not_picked":["Cleave","Perfected Strike","Rampage"],"picked":"Shrug It Off+1","floor":22},{"not_picked":["Evolve+1","Juggernaut","Sword Boomerang","Whirlwind"],"picked":"Singing Bowl","floor":23},{"not_picked":["Clothesline+1","Clash","Flex","Hemokinesis+1"],"picked":"Singing Bowl","floor":25},{"not_picked":["Body Slam","Metallicize","Bloodletting+1"],"picked":"Heavy Blade+1","floor":31},{"not_picked":["Fiend Fire","Offering","Impervious"],"picked":"Double Tap","floor":33},{"not_picked":["Dropkick","Perfected Strike","Headbutt+1","Anger"],"picked":"Singing Bowl","floor":35},{"not_picked":["Clothesline+1","Entrench","True Grit+1","Intimidate+1"],"picked":"Singing Bowl","floor":37},{"not_picked":["True Grit+1","Headbutt+1","Flex+1","Shrug It Off"],"picked":"Singing Bowl","floor":38},{"not_picked":["Anger+1","Heavy Blade+1","Twin Strike","Combust+1"],"picked":"Singing Bowl","floor":39},{"not_picked":["Heavy Blade+1","Cleave+1","Dropkick","Feed"],"picked":"Singing Bowl","floor":40},{"not_picked":["Battle Trance","Hemokinesis+1","Havoc","Pommel Strike+1"],"picked":"Singing Bowl","floor":41},{"not_picked":["Clothesline+1","Reckless Charge+1","Wild Strike+1","Armaments+1"],"picked":"Singing Bowl","floor":42},{"not_picked":["Heavy Blade+1","Twin Strike+1","Entrench"],"picked":"Uppercut+1","floor":45},{"not_picked":["Iron Wave+1","Infernal Blade","Barricade"],"picked":"Demon Form","floor":47},{"not_picked":["Clash+1","Uppercut+1","Combust","Barricade"],"picked":"Singing Bowl","floor":54}],"player_experience":1195310,"relics_obtained":[{"floor":6,"key":"Girya"},{"floor":8,"key":"Dream Catcher"},{"floor":9,"key":"Old Coin"},{"floor":13,"key":"Happy Flower"},{"floor":23,"key":"Sundial"},{"floor":30,"key":"Nilry\u0027s Codex"},{"floor":40,"key":"Molten Egg 2"},{"floor":41,"key":"Dead Branch"},{"floor":42,"key":"Bag of Marbles"},{"floor":43,"key":"Pantograph"},{"floor":45,"key":"Prayer Wheel"},{"floor":47,"key":"Dodecahedron"},{"floor":54,"key":"Art of War"}],"event_choices":[{"damage_healed":0,"gold_gain":0,"player_choice":"0 cards matched","damage_taken":0,"max_hp_gain":0,"max_hp_loss":0,"event_name":"Match and Keep!","floor":2,"gold_loss":0,"cards_obtained":[]},{"damage_healed":0,"gold_gain":0,"player_choice":"Grow","damage_taken":0,"max_hp_gain":0,"max_hp_loss":0,"event_name":"Living Wall","floor":4,"gold_loss":0,"cards_upgraded":["Bash"]},{"damage_healed":0,"gold_gain":0,"player_choice":"Upgraded","damage_taken":0,"max_hp_gain":0,"max_hp_loss":0,"event_name":"Upgrade Shrine","floor":7,"gold_loss":0,"cards_upgraded":["Shrug It Off"]},{"damage_healed":0,"gold_gain":0,"player_choice":"Gave Potion","damage_taken":0,"relics_obtained":["Question Card"],"max_hp_gain":0,"max_hp_loss":0,"event_name":"WeMeetAgain","floor":20,"gold_loss":0},{"damage_healed":0,"gold_gain":0,"player_choice":"Inject Mutagens","damage_taken":0,"relics_obtained":["MutagenicStrength"],"max_hp_gain":0,"max_hp_loss":0,"event_name":"Drug Dealer","floor":27,"gold_loss":0},{"damage_healed":0,"gold_gain":0,"player_choice":"Became a vampire","damage_taken":0,"max_hp_gain":0,"max_hp_loss":34,"event_name":"Vampires","floor":29,"gold_loss":0,"cards_obtained":["Bite","Bite","Bite","Bite","Bite"]},{"damage_healed":0,"gold_gain":0,"player_choice":"Obtained Book","damage_taken":16,"max_hp_gain":0,"max_hp_loss":0,"event_name":"Cursed Tome","floor":30,"gold_loss":0},{"damage_healed":0,"gold_gain":0,"player_choice":"Max HP","damage_taken":0,"max_hp_gain":0,"max_hp_loss":4,"event_name":"Winding Halls","floor":36,"gold_loss":0},{"damage_healed":0,"gold_gain":0,"player_choice":"Fight","damage_taken":0,"max_hp_gain":0,"max_hp_loss":0,"event_name":"Mysterious Sphere","floor":41,"gold_loss":0}],"is_beta":true,"boss_relics":[{"not_picked":["Busted Crown","Ectoplasm"],"picked":"Astrolabe"},{"not_picked":["Black Blood","Tiny House"],"picked":"Cursed Key"}],"items_purged_floors":[5,19,48],"is_endless":false,"potions_floor_spawned":[1,3,8,14,25,38,39,41,45,47,54],"ascension_level":0}