{"gold_per_floor":[114,124,124,124,149,149,224,224,250,271,294,294],"floor_reached":12,"playtime":351,"items_purged":[],"score":140,"play_id":"376a9ca2-54d6-47b7-981b-0f34cfead263","local_time":"20190330002446","is_ascension_mode":true,"campfire_choices":[{"data":"Bash","floor":6,"key":"SMITH"},{"floor":8,"key":"REST"}],"neow_cost":"CURSE","seed_source_timestamp":778251009284900,"circlet_count":0,"master_deck":["AscendersBane","Strike_R","Strike_R","Strike_R","Strike_R","Strike_R","Defend_R","Defend_R","Defend_R","Defend_R","Bash+1","Decay","Shrug It Off","Flame Barrier","Regret","Shrug It Off","Shrug It Off"],"relics":["Burning Blood","Dream Catcher","Golden Idol","Blood Vial"],"potions_floor_usage":[],"damage_taken":[{"damage":0,"enemies":"2 Louse","floor":1,"turns":4},{"damage":3,"enemies":"Small Slimes","floor":2,"turns":5},{"damage":15,"enemies":"Jaw Worm","floor":5,"turns":4},{"damage":14,"enemies":"Blue Slaver","floor":10,"turns":6},{"damage":27,"enemies":"3 Louse","floor":11,"turns":7},{"damage":44,"enemies":"Large Slime","floor":12,"turns":12}],"seed_played":"7757580032222796542","potions_obtained":[{"floor":1,"key":"Dexterity Potion"},{"floor":5,"key":"Poison Potion"}],"is_trial":false,"path_per_floor":["M","M","?","?","M","R","?","R","T","M","M","M"],"character_chosen":"IRONCLAD","items_purchased":[],"campfire_rested":1,"item_purchase_floors":[],"current_hp_per_floor":[88,89,89,58,49,49,38,64,64,58,39,0],"gold":294,"neow_bonus":"TWENTY_PERCENT_HP_BONUS","is_prod":false,"is_daily":false,"chose_seed":false,"campfire_upgraded":1,"win_rate":0,"timestamp":1553901886,"path_taken":["M","M","?","?","M","R","?","R","T","M","M","?"],"build_version":"2019-03-15","purchased_purges":0,"victory":false,"max_hp_per_floor":[89,89,89,89,89,89,89,89,89,89,89,89],"card_choices":[{"not_picked":["True Grit","Whirlwind"],"picked":"Shrug It Off","floor":1},{"not_picked":["Anger","True Grit"],"picked":"Flame Barrier","floor":2},{"not_picked":["Clash","Body Slam","Havoc"],"picked":"SKIP","floor":5},{"not_picked":["Pommel Strike","True Grit"],"picked":"Shrug It Off","floor":8},{"not_picked":["Anger","Barricade","Second Wind"],"picked":"SKIP","floor":10},{"not_picked":["Clash","Shockwave"],"picked":"Shrug It Off","floor":11}],"player_experience":1302965,"relics_obtained":[{"floor":9,"key":"Blood Vial"}],"event_choices":[{"damage_healed":0,"gold_gain":0,"player_choice":"Box","damage_taken":0,"relics_obtained":["Dream Catcher"],"max_hp_gain":0,"max_hp_loss":0,"event_name":"Big Fish","floor":3,"gold_loss":0,"cards_obtained":["Regret"]},{"damage_healed":0,"gold_gain":0,"player_choice":"Take Damage","damage_taken":31,"relics_obtained":["Golden Idol"],"max_hp_gain":0,"max_hp_loss":0,"event_name":"Golden Idol","floor":4,"gold_loss":0},{"damage_healed":0,"gold_gain":75,"player_choice":"Gather Gold","damage_taken":11,"max_hp_gain":0,"max_hp_loss":0,"event_name":"World of Goop","floor":7,"gold_loss":0}],"is_beta":true,"boss_relics":[],"items_purged_floors":[],"is_endless":false,"potions_floor_spawned":[1,5,11],"killed_by":"Large Slime","ascension_level":20}