{"gold_per_floor":[119,269,170,183,183,183,217,217,217,236,236,249,292,307,307,400,400,418,418,442,456,456],"floor_reached":22,"playtime":1006,"items_purged":["Doubt"],"score":392,"play_id":"8e767d24-b34f-4944-b3ae-c7c413afd02e","local_time":"20190326193656","is_ascension_mode":true,"campfire_choices":[{"data":"Bash","floor":6.0,"key":"SMITH"},{"floor":8.0,"key":"REST"},{"data":"Fiend Fire","floor":11.0,"key":"SMITH"},{"data":"Shrug It Off","floor":15.0,"key":"SMITH"}],"neow_cost":"NONE","seed_source_timestamp":0,"circlet_count":0,"master_deck":["AscendersBane","Strike_R","Strike_R","Strike_R","Strike_R","Strike_R","Defend_R","Defend_R","Defend_R","Defend_R","Bash+1","Reaper","Shrug It Off","Shrug It Off+1","Fiend Fire+1","Heavy Blade","Demon Form","Sword Boomerang","Pummel"],"special_seed":0,"relics":["Burning Blood","Golden Idol","Singing Bowl","Incense Burner","Omamori","Orrery","WarpedTongs"],"potions_floor_usage":[22,22],"damage_taken":[{"damage":7.0,"enemies":"2 Louse","floor":1.0,"turns":5.0},{"damage":4.0,"enemies":"Jaw Worm","floor":4.0,"turns":10.0},{"damage":50.0,"enemies":"3 Sentries","floor":7.0,"turns":15.0},{"damage":1.0,"enemies":"Cultist","floor":10.0,"turns":3.0},{"damage":17.0,"enemies":"3 Louse","floor":12.0,"turns":7.0},{"damage":25.0,"enemies":"Gremlin Nob","floor":13.0,"turns":4.0},{"damage":3.0,"enemies":"Exordium Wildlife","floor":14.0,"turns":6.0},{"damage":33.0,"enemies":"The Guardian","floor":16.0,"turns":12.0},{"damage":43.0,"enemies":"Shell Parasite","floor":18.0,"turns":5.0},{"damage":37.0,"enemies":"3 Byrds","floor":20.0,"turns":7.0},{"damage":12.0,"enemies":"Snecko","floor":21.0,"turns":6.0},{"damage":14,"enemies":"Centurion and Healer","floor":22,"turns":2}],"seed_played":"7539761708680562888","potions_obtained":[{"floor":4.0,"key":"FearPotion"},{"floor":10.0,"key":"Poison Potion"},{"floor":16.0,"key":"Dexterity Potion"},{"floor":21.0,"key":"PowerPotion"}],"is_trial":false,"path_per_floor":["M","?","$","M","?","R","E","R","T","M","R","M","E","M","R","B",null,"M","?","M","M","M"],"character_chosen":"IRONCLAD","items_purchased":["Shrug It Off"],"campfire_rested":1,"item_purchase_floors":[3],"current_hp_per_floor":[71,71,71,75,49,49,17,39,39,50,50,49,32,41,41,18,73,38,38,14,8,0],"gold":456,"neow_bonus":"ONE_RANDOM_RARE_CARD","is_prod":false,"is_daily":false,"chose_seed":false,"campfire_upgraded":3,"win_rate":0,"timestamp":1553625416,"path_taken":["M","?","$","M","?","R","E","R","T","M","R","M","E","M","R","BOSS","M","?","M","M","?"],"build_version":"2019-03-15","purchased_purges":1,"victory":false,"max_hp_per_floor":[75,75,75,75,75,75,75,75,75,75,75,77,79,81,81,81,89,91,91,93,93,93],"card_choices":[{"not_picked":["Power Through","Flex"],"picked":"Shrug It Off","floor":1.0},{"not_picked":["Rupture","Clash","Feel No Pain"],"picked":"SKIP","floor":4.0},{"not_picked":["Wild Strike","Corruption"],"picked":"Fiend Fire","floor":7.0},{"not_picked":["Thunderclap","Cleave"],"picked":"Heavy Blade","floor":10.0},{"not_picked":["Searing Blow","Uppercut","Dropkick"],"picked":"Singing Bowl","floor":12.0},{"not_picked":["Flex","Shrug It Off","Rampage"],"picked":"Singing Bowl","floor":13.0},{"not_picked":["Heavy Blade","Warcry","Perfected Strike"],"picked":"Singing Bowl","floor":14.0},{"not_picked":["Limit Break","Juggernaut"],"picked":"Demon Form","floor":16.0},{"not_picked":["Iron Wave","Twin Strike"],"picked":"Sword Boomerang","floor":17.0},{"not_picked":["Clothesline","Metallicize","Havoc"],"picked":"Singing Bowl","floor":17.0},{"not_picked":["Anger","Wild Strike","Rage"],"picked":"Singing Bowl","floor":17.0},{"not_picked":["Iron Wave","Anger","Barricade"],"picked":"Singing Bowl","floor":17.0},{"not_picked":["Warcry","Perfected Strike","Havoc"],"picked":"Singing Bowl","floor":17.0},{"not_picked":["Fire Breathing","Anger","Whirlwind+1"],"picked":"Singing Bowl","floor":18.0},{"not_picked":["Clash+1","Pommel Strike","Bludgeon"],"picked":"Singing Bowl","floor":20.0},{"not_picked":["Dual Wield","Headbutt"],"picked":"Pummel","floor":21.0}],"player_experience":1287414,"relics_obtained":[{"floor":7.0,"key":"Singing Bowl"},{"floor":9.0,"key":"Incense Burner"},{"floor":13.0,"key":"Omamori"}],"event_choices":[{"damage_healed":0.0,"max_hp_gain":0.0,"max_hp_loss":0.0,"gold_gain":150.0,"event_name":"Liars Game","player_choice":"AGREE","floor":2.0,"gold_loss":0.0,"damage_taken":0.0,"cards_obtained":["Doubt"]},{"damage_healed":0.0,"max_hp_gain":0.0,"max_hp_loss":0.0,"gold_gain":0.0,"event_name":"Golden Idol","player_choice":"Take Damage","floor":5.0,"gold_loss":0.0,"damage_taken":26.0,"relics_obtained":["Golden Idol"]},{"damage_healed":0.0,"max_hp_gain":0.0,"max_hp_loss":0.0,"gold_gain":0.0,"event_name":"Accursed Blacksmith","player_choice":"Rummage","floor":19.0,"gold_loss":0.0,"damage_taken":0.0,"relics_obtained":["WarpedTongs"],"cards_obtained":["Pain"]}],"is_beta":true,"boss_relics":[{"not_picked":["Eternal Feather","Runic Cube"],"picked":"Orrery"}],"items_purged_floors":[3],"is_endless":false,"potions_floor_spawned":[4,10,12,16,21],"killed_by":"Centurion and Healer","ascension_level":20}