{"gold_per_floor":[111,123,134,152,227,227,255,255,280,305,324,339,339],"floor_reached":13,"playtime":623,"items_purged":[],"score":160,"play_id":"7b2753df-43df-4bde-b6a8-9b0bb999e8f7","local_time":"20190417162241","is_ascension_mode":true,"campfire_choices":[{"data":"Feel No Pain","floor":6,"key":"SMITH"},{"data":"Battle Trance","floor":8,"key":"SMITH"}],"neow_cost":"NONE","seed_source_timestamp":1404473584439722,"circlet_count":0,"master_deck":["AscendersBane","Strike_R","Strike_R","Strike_R","Strike_R","Strike_R","Defend_R","Defend_R","Defend_R","Defend_R","Bash","Feel No Pain+1","Cleave","Headbutt","Shockwave","Battle Trance+1","Dropkick","Shrug It Off"],"relics":["Burning Blood","Orichalcum","Juzu Bracelet","Art of War"],"potions_floor_usage":[4,7,7,10],"damage_taken":[{"damage":8,"enemies":"Jaw Worm","floor":1,"turns":4},{"damage":7,"enemies":"2 Louse","floor":2,"turns":3},{"damage":5,"enemies":"Small Slimes","floor":3,"turns":3},{"damage":25,"enemies":"Gremlin Gang","floor":4,"turns":5},{"damage":14,"enemies":"Lagavulin","floor":7,"turns":8},{"damage":16,"enemies":"Gremlin Nob","floor":10,"turns":4},{"damage":6,"enemies":"2 Fungi Beasts","floor":11,"turns":3},{"damage":12,"enemies":"Looter","floor":12,"turns":3},{"damage":24,"enemies":"Large Slime","floor":13,"turns":4}],"seed_played":"-4113628746074902953","potions_obtained":[{"floor":1,"key":"Ancient Potion"},{"floor":3,"key":"Poison Potion"},{"floor":4,"key":"SpeedPotion"},{"floor":7,"key":"AttackPotion"}],"is_trial":false,"path_per_floor":["M","M","M","M","?","R","E","R","T","E","M","M","M"],"character_chosen":"IRONCLAD","items_purchased":[],"campfire_rested":0,"item_purchase_floors":[],"current_hp_per_floor":[78,77,78,59,48,48,40,40,40,30,30,24,0],"gold":339,"neow_bonus":"TEN_PERCENT_HP_BONUS","is_prod":false,"is_daily":false,"chose_seed":false,"campfire_upgraded":2,"win_rate":0,"timestamp":1555496561,"path_taken":["M","M","M","M","?","R","E","R","T","E","M","M","M"],"build_version":"2019-01-23","purchased_purges":0,"victory":false,"max_hp_per_floor":[88,88,88,88,88,88,88,88,88,88,88,88,88],"card_choices":[{"not_picked":["Dual Wield","Perfected Strike"],"picked":"Feel No Pain","floor":1},{"not_picked":["Rampage","Warcry"],"picked":"Cleave","floor":2},{"not_picked":["Iron Wave","Sword Boomerang"],"picked":"Headbutt","floor":3},{"not_picked":["Headbutt","Burning Pact"],"picked":"Shockwave","floor":4},{"not_picked":["Searing Blow","Clothesline"],"picked":"Battle Trance","floor":7},{"not_picked":["Clothesline","Armaments"],"picked":"Dropkick","floor":10},{"not_picked":["Body Slam","Searing Blow","Demon Form"],"picked":"SKIP","floor":11},{"not_picked":["Perfected Strike","Iron Wave"],"picked":"Shrug It Off","floor":12}],"player_experience":1174445,"relics_obtained":[{"floor":7,"key":"Orichalcum"},{"floor":9,"key":"Juzu Bracelet"},{"floor":10,"key":"Art of War"}],"event_choices":[{"damage_healed":0,"gold_gain":75,"player_choice":"Gather Gold","damage_taken":11,"max_hp_gain":0,"max_hp_loss":0,"event_name":"World of Goop","floor":5,"gold_loss":0}],"is_beta":false,"boss_relics":[],"items_purged_floors":[],"is_endless":false,"potions_floor_spawned":[1,3,4,7],"killed_by":"Large Slime","ascension_level":13}