{"gold_per_floor":[117,137,157,232,182,210,48,48,71,86,101,101,115,125,125,125],"floor_reached":16,"playtime":488,"items_purged":[],"score":125,"play_id":"df555a69-cb55-4be4-b449-b65ef670e712","local_time":"20180728170820","is_ascension_mode":true,"campfire_choices":[{"data":"Armaments","floor":8,"key":"SMITH"},{"data":"Searing Blow","floor":12,"key":"SMITH"},{"data":"Armaments","floor":15,"key":"SMITH"}],"neow_cost":"NONE","seed_source_timestamp":338288525380400,"circlet_count":0,"master_deck":["Strike_R","Strike_R","Strike_R","Strike_R","Defend_R","Defend_R","Defend_R","Defend_R","Bash","Armaments+1","Ghostly Armor","Thunderclap","Cleave","Shrug It Off","Inflame","Shrug It Off","Searing Blow+1","Shockwave","Shrug It Off","Armaments+1"],"relics":["Burning Blood","Vajra","Regal Pillow"],"potions_floor_usage":[11,16],"damage_taken":[{"damage":7,"enemies":"Jaw Worm","floor":1,"turns":3},{"damage":1,"enemies":"Cultist","floor":2,"turns":4},{"damage":3,"enemies":"Small Slimes","floor":3,"turns":3},{"damage":32,"enemies":"Gremlin Nob","floor":6,"turns":4},{"damage":6,"enemies":"Exordium Wildlife","floor":10,"turns":3},{"damage":5,"enemies":"Gremlin Gang","floor":11,"turns":4},{"damage":13,"enemies":"Lots of Slimes","floor":13,"turns":3},{"damage":9,"enemies":"Looter","floor":14,"turns":4},{"damage":34,"enemies":"Slime Boss","floor":16,"turns":8}],"seed_played":"5991142765827645299","potions_obtained":[{"floor":2,"key":"Fire Potion"},{"floor":3,"key":"Strength Potion"},{"floor":11,"key":"SkillPotion"}],"is_trial":false,"path_per_floor":["M","M","M","?","?","E","$","R","T","M","M","R","M","M","R"],"character_chosen":"IRONCLAD","items_purchased":["Inflame","Shrug It Off","Searing Blow"],"campfire_rested":0,"item_purchase_floors":[7,7,7],"current_hp_per_floor":[79,80,80,69,69,43,43,43,43,43,44,44,37,34,34,0],"gold":125,"neow_bonus":"THREE_CARDS","is_prod":false,"is_daily":false,"chose_seed":false,"campfire_upgraded":3,"win_rate":0,"timestamp":1532822900,"path_taken":["M","M","M","?","?","E","$","R","T","M","M","R","?","M","R","BOSS"],"build_version":"2018-07-26","purchased_purges":0,"victory":false,"max_hp_per_floor":[80,80,80,80,80,80,80,80,80,80,80,80,80,80,80,80],"card_choices":[{"not_picked":["Reckless Charge","Flex"],"picked":"Armaments","floor":0},{"not_picked":["Twin Strike","Carnage"],"picked":"Ghostly Armor","floor":1},{"not_picked":["Second Wind","Body Slam"],"picked":"Thunderclap","floor":2},{"not_picked":["Thunderclap","Headbutt"],"picked":"Cleave","floor":3},{"not_picked":["Body Slam","Dropkick"],"picked":"Shrug It Off","floor":6},{"not_picked":["Sentinel","Combust"],"picked":"Shockwave","floor":10},{"not_picked":["Rupture","Body Slam"],"picked":"Shrug It Off","floor":11},{"not_picked":["Heavy Blade","Twin Strike","Thunderclap"],"picked":"SKIP","floor":13},{"not_picked":["Pommel Strike","Shrug It Off"],"picked":"Armaments","floor":14}],"player_experience":190557,"relics_obtained":[{"floor":6,"key":"Vajra"},{"floor":9,"key":"Regal Pillow"}],"event_choices":[{"event_name":"World of Goop","player_choice":"Gather Gold","floor":4,"damage_taken":0},{"event_name":"The Cleric","player_choice":"Card Removal","floor":5,"damage_taken":0}],"is_beta":true,"boss_relics":[],"items_purged_floors":[],"is_endless":false,"potions_floor_spawned":[2,3,11],"killed_by":"Slime Boss","ascension_level":4}