{"gold_per_floor":[117,42,42,60,10,10,10,10,10,20,20,20,37,71,71,171,171,187,187,205,222,239,239,257,257],"floor_reached":25,"playtime":813,"items_purged":[],"score":203,"play_id":"f2dbdd5e-3772-4ea6-ae1b-f74d240beca6","local_time":"20181103122907","is_ascension_mode":false,"campfire_choices":[{"data":"Noxious Fumes","floor":6.0,"key":"SMITH"},{"data":"Neutralize","floor":8.0,"key":"SMITH"},{"data":"Terror","floor":11.0,"key":"SMITH"},{"data":"Infinite Blades","floor":15.0,"key":"SMITH"},{"floor":23.0,"key":"REST"}],"neow_cost":"NONE","seed_source_timestamp":0,"circlet_count":0,"master_deck":["Defend_G","Defend_G","Defend_G","Defend_G","Defend_G","Strike_G","Strike_G","Survivor+1","Neutralize+1","Infinite Blades","Infinite Blades+1","Poisoned Stab","Noxious Fumes+1","Terror+1","Envenom","Finisher+1"],"special_seed":0,"relics":["Ring of the Snake","Kunai","Pen Nib","Philosopher\u0027s Stone"],"potions_floor_usage":[24,25],"damage_taken":[{"damage":0.0,"enemies":"Cultist","floor":1.0,"turns":4.0},{"damage":6.0,"enemies":"Jaw Worm","floor":4.0,"turns":4.0},{"damage":0.0,"enemies":"2 Louse","floor":10.0,"turns":3.0},{"damage":0.0,"enemies":"Exordium Wildlife","floor":13.0,"turns":3.0},{"damage":14.0,"enemies":"3 Sentries","floor":14.0,"turns":7.0},{"damage":10.0,"enemies":"Hexaghost","floor":16.0,"turns":7.0},{"damage":25.0,"enemies":"2 Thieves","floor":18.0,"turns":5.0},{"damage":8.0,"enemies":"Chosen","floor":20.0,"turns":5.0},{"damage":20.0,"enemies":"Snake Plant","floor":21.0,"turns":6.0},{"damage":23.0,"enemies":"3 Cultists","floor":22.0,"turns":6.0},{"damage":6,"enemies":"Cultist and Chosen","floor":24,"turns":6},{"damage":19,"enemies":"Gremlin Leader","floor":25,"turns":4}],"seed_played":"3281502511180331364","potions_obtained":[{"floor":1.0,"key":"GamblersBrew"},{"floor":13.0,"key":"Dexterity Potion"},{"floor":18.0,"key":"GamblersBrew"},{"floor":22.0,"key":"Swift Potion"}],"is_trial":false,"path_per_floor":["M","$","?","M","?","R","?","R","T","M","R","$","M","E","R","B",null,"M","?","M","M","M","R","M","E"],"character_chosen":"THE_SILENT","items_purchased":["Infinite Blades"],"campfire_rested":1,"item_purchase_floors":[2],"current_hp_per_floor":[77,77,77,71,71,71,71,71,71,71,71,71,71,57,57,47,77,52,52,44,24,1,24,18,0],"gold":257,"neow_bonus":"TEN_PERCENT_HP_BONUS","is_prod":false,"is_daily":false,"chose_seed":false,"campfire_upgraded":4,"win_rate":0,"timestamp":1541273347,"path_taken":["M","?","?","?","?","R","?","R","T","M","R","?","M","E","R","BOSS","M","?","?","M","M","R","M","E"],"build_version":"2018-11-02","purchased_purges":0,"victory":false,"max_hp_per_floor":[77,77,77,77,77,77,77,77,77,77,77,77,77,77,77,77,77,77,77,77,77,77,77,77,77],"card_choices":[{"not_picked":["PiercingWail","Slice"],"picked":"Infinite Blades","floor":1.0},{"not_picked":["Outmaneuver","Bane"],"picked":"Noxious Fumes","floor":4.0},{"not_picked":["Flying Knee","Underhanded Strike"],"picked":"Terror","floor":10.0},{"not_picked":["Dagger Throw","Skewer","Masterful Stab"],"picked":"SKIP","floor":13.0},{"not_picked":["Dagger Throw","Bane","Deflect"],"picked":"SKIP","floor":14.0},{"not_picked":["Grand Finale","Bullet Time"],"picked":"Envenom","floor":16.0},{"not_picked":["Quick Slash","Poisoned Stab","PiercingWail"],"picked":"SKIP","floor":18.0},{"not_picked":["Quick Slash+1","Outmaneuver","Acrobatics+1"],"picked":"SKIP","floor":20.0},{"not_picked":["PiercingWail","Backstab+1","Terror+1"],"picked":"SKIP","floor":21.0},{"not_picked":["Leg Sweep+1","Bane"],"picked":"Finisher+1","floor":22.0},{"not_picked":["Underhanded Strike","Blade Dance","Endless Agony+1"],"picked":"SKIP","floor":24}],"player_experience":407613,"relics_obtained":[{"floor":9.0,"key":"Kunai"},{"floor":14.0,"key":"Pen Nib"}],"event_choices":[{"damage_healed":0.0,"max_hp_gain":0.0,"max_hp_loss":0.0,"gold_gain":0.0,"cards_transformed":["Strike_G"],"event_name":"Transmorgrifier","player_choice":"Transformed","floor":3.0,"gold_loss":0.0,"damage_taken":0.0,"cards_obtained":["Poisoned Stab"]},{"cards_removed":["Strike_G"],"damage_healed":0.0,"max_hp_gain":0.0,"max_hp_loss":0.0,"gold_gain":0.0,"event_name":"The Cleric","player_choice":"Card Removal","floor":5.0,"gold_loss":50.0,"damage_taken":0.0},{"damage_healed":0.0,"max_hp_gain":0.0,"max_hp_loss":0.0,"gold_gain":0.0,"event_name":"Living Wall","player_choice":"Grow","floor":7.0,"gold_loss":0.0,"damage_taken":0.0,"cards_upgraded":["Survivor"]},{"cards_removed":["Strike_G"],"damage_healed":0.0,"max_hp_gain":0.0,"max_hp_loss":0.0,"gold_gain":0.0,"event_name":"Purifier","player_choice":"Purged","floor":19.0,"gold_loss":0.0,"damage_taken":0.0}],"is_beta":true,"boss_relics":[{"not_picked":["Runic Pyramid","Calling Bell"],"picked":"Philosopher\u0027s Stone"}],"items_purged_floors":[],"is_endless":false,"potions_floor_spawned":[1,13,18,22],"killed_by":"Gremlin Leader","ascension_level":0}