{"path_per_floor":["M","M","?","M","M","R","E","R","T","M","M","?","M","M","R","B",null,"M","M","M","$","?","E","?","E","T","?","M","M","M","$","R"],"character_chosen":"IRONCLAD","items_purchased":["Fiend Fire","Happy Flower","Toolbox"],"gold_per_floor":[114,134,134,144,157,157,191,191,191,211,222,222,235,255,255,358,358,378,397,408,115,115,142,142,172,218,418,434,450,468,134,134,134],"floor_reached":33,"campfire_rested":1,"playtime":1320,"item_purchase_floors":[],"current_hp_per_floor":[42,48,40,44,30,30,25,25,25,31,27,11,24,30,30,10,80,80,80,67,67,52,50,50,38,38,38,34,36,20,20,45,0],"items_purged":["Strike_R"],"gold":134,"score":308,"play_id":"3dd00745-613c-45ff-9dd2-c68ef2d265f2","local_time":"20180612204254","is_prod":false,"is_daily":false,"chose_seed":false,"is_ascension_mode":true,"campfire_upgraded":3,"win_rate":0,"timestamp":1528861374,"campfire_choices":[{"data":"Whirlwind","floor":6.0,"key":"SMITH"},{"data":"Shockwave","floor":8.0,"key":"SMITH"},{"data":"Shrug It Off","floor":15.0,"key":"SMITH"},{"floor":32.0,"key":"REST"}],"path_taken":["M","M","?","M","M","R","E","R","T","M","?","?","M","M","R","BOSS","M","M","M","$","?","E","?","E","T","?","M","M","M","$","R","BOSS"],"build_version":"2018-06-11","seed_source_timestamp":0,"purchased_purges":1,"victory":false,"master_deck":["Strike_R","Strike_R","Strike_R","Defend_R","Defend_R","Defend_R","Defend_R","Havoc","Cleave","Battle Trance","Pommel Strike","Whirlwind+1","Seeing Red+1","Shockwave+1","Burning Pact+1","Shrug It Off+1","Flex","Offering","Warcry","Flame Barrier+1","Fiend Fire+1","Feel No Pain","Corruption","Flame Barrier","Clash","Warcry+1"],"max_hp_per_floor":[80,80,80,80,80,80,80,80,80,80,80,80,80,80,80,80,80,80,80,80,80,85,85,85,85,85,85,85,85,85,85,85,85],"special_seed":0,"relics":["Burning Blood","Vajra","Anchor","Philosopher\u0027s Stone","Happy Flower","Mercury Hourglass","Orichalcum","Lantern","Toolbox"],"card_choices":[{"not_picked":["Warcry","Havoc"],"picked":"Battle Trance","floor":1.0},{"not_picked":["Combust","Clash"],"picked":"Pommel Strike","floor":2.0},{"not_picked":["Heavy Blade","Iron Wave"],"picked":"Whirlwind","floor":4.0},{"not_picked":["Sword Boomerang","Cleave"],"picked":"Seeing Red","floor":5.0},{"not_picked":["Berserk","Sentinel"],"picked":"Shockwave","floor":7.0},{"not_picked":["Twin Strike","Blood for Blood","Perfected Strike"],"picked":"SKIP","floor":10.0},{"not_picked":["Sever Soul","Warcry"],"picked":"Burning Pact","floor":11.0},{"not_picked":["Iron Wave","Spot Weakness"],"picked":"Shrug It Off","floor":13.0},{"not_picked":["Wild Strike","True Grit"],"picked":"Flex","floor":14.0},{"not_picked":["Impervious","Double Tap"],"picked":"Offering","floor":16.0},{"not_picked":["Flex","Pommel Strike+1"],"picked":"Warcry","floor":18.0},{"not_picked":["Spot Weakness","Twin Strike","Heavy Blade"],"picked":"SKIP","floor":19.0},{"not_picked":["Shrug It Off","Cleave"],"picked":"Flame Barrier+1","floor":20.0},{"not_picked":["Juggernaut","Evolve+1"],"picked":"Feel No Pain","floor":23.0},{"not_picked":["Headbutt","Warcry"],"picked":"Corruption","floor":25.0},{"not_picked":["Havoc","Armaments"],"picked":"Flame Barrier","floor":28.0},{"not_picked":["Thunderclap","Shrug It Off"],"picked":"Clash","floor":29.0},{"not_picked":["Iron Wave","Sword Boomerang"],"picked":"Warcry+1","floor":30.0}],"player_experience":129364,"potions_floor_usage":[33],"damage_taken":[{"damage":4.0,"enemies":"Cultist","floor":1.0,"turns":4.0},{"damage":0.0,"enemies":"Small Slimes","floor":2.0,"turns":2.0},{"damage":2.0,"enemies":"2 Louse","floor":4.0,"turns":2.0},{"damage":20.0,"enemies":"Large Slime","floor":5.0,"turns":7.0},{"damage":11.0,"enemies":"3 Sentries","floor":7.0,"turns":3.0},{"damage":0.0,"enemies":"Looter","floor":10.0,"turns":2.0},{"damage":10.0,"enemies":"Exordium Thugs","floor":11.0,"turns":3.0},{"damage":1.0,"enemies":"Large Slime","floor":13.0,"turns":3.0},{"damage":0.0,"enemies":"Gremlin Gang","floor":14.0,"turns":3.0},{"damage":34.0,"enemies":"Hexaghost","floor":16.0,"turns":9.0},{"damage":4.0,"enemies":"Chosen","floor":18.0,"turns":4.0},{"damage":4.0,"enemies":"2 Thieves","floor":19.0,"turns":2.0},{"damage":19.0,"enemies":"Snecko","floor":20.0,"turns":5.0},{"damage":8.0,"enemies":"Gremlin Leader","floor":23.0,"turns":5.0},{"damage":18.0,"enemies":"Book of Stabbing","floor":25.0,"turns":3.0},{"damage":10.0,"enemies":"Cultist and Chosen","floor":28.0,"turns":6.0},{"damage":4.0,"enemies":"Snake Plant","floor":29.0,"turns":2.0},{"damage":22.0,"enemies":"Sentry and Sphere","floor":30.0,"turns":4.0},{"damage":48,"enemies":"Champ","floor":33,"turns":6}],"relics_obtained":[{"floor":7.0,"key":"Vajra"},{"floor":9.0,"key":"Anchor"},{"floor":23.0,"key":"Mercury Hourglass"},{"floor":25.0,"key":"Orichalcum"},{"floor":26.0,"key":"Lantern"}],"event_choices":[{"event_name":"Wheel of Change","player_choice":"Damage","floor":3.0,"damage_taken":0.0},{"event_name":"Shining Light","player_choice":"Entered Light","floor":12.0,"damage_taken":0.0},{"event_name":"Forgotten Altar","player_choice":"Shed Blood","floor":22.0,"damage_taken":0.0},{"event_name":"Accursed Blacksmith","player_choice":"Forge","floor":24.0,"damage_taken":0.0},{"event_name":"Wheel of Change","player_choice":"Gold","floor":27.0,"damage_taken":0.0}],"boss_relics":[{"not_picked":["Astrolabe","Calling Bell"],"picked":"Philosopher\u0027s Stone"}],"items_purged_floors":[],"potions_floor_spawned":[4,7,11,14,23,28],"seed_played":"6079262518767957785","killed_by":"Champ","ascension_level":1,"potions_obtained":[{"floor":4.0,"key":"Ancient Potion"},{"floor":7.0,"key":"Strength Potion"},{"floor":11.0,"key":"BloodPotion"},{"floor":14.0,"key":"BloodPotion"},{"floor":23.0,"key":"SteroidPotion"},{"floor":28.0,"key":"FearPotion"}],"is_trial":false}