{"gold_per_floor":[211,211,228,238,14,49,11,11,86,106,106,131,131,142,142,243,243,259,273,70,70,70,100,100,127,153,164,180,180,95,125,125,220,220,230,230,244,244,37,65,27,62,62,109,23,23,23,23,23,23],"floor_reached":51,"playtime":4644,"items_purged":["Defend_G","Parasite","Strike_G","Strike_G"],"score":1264,"play_id":"48ad623d-12f5-4e81-beb1-d710e4c06686","local_time":"20190501001348","is_ascension_mode":true,"campfire_choices":[{"data":"Footwork","floor":8,"key":"SMITH"},{"floor":11,"key":"REST"},{"data":"Catalyst","floor":15,"key":"SMITH"},{"data":"Burst","floor":24,"key":"SMITH"},{"floor":29,"key":"REST"},{"data":"Doppelganger","floor":32,"key":"SMITH"},{"data":"Footwork","floor":46,"key":"SMITH"},{"data":"Dodge and Roll","floor":49,"key":"SMITH"}],"neow_cost":"NONE","seed_source_timestamp":226826066347442,"circlet_count":0,"master_deck":["Defend_G","Defend_G","Defend_G","Survivor","Neutralize","Footwork+1","Catalyst+1","Flying Knee","Leg Sweep","Deadly Poison","Burst+1","Backflip","Doppelganger+1","Dagger Throw+1","Crippling Poison","Slice+1","Dodge and Roll+1","Die Die Die+1","Bouncing Flask+1","Deadly Poison+1","Footwork+1","Malaise+1","Dodge and Roll+1"],"relics":["Ring of the Snake","Membership Card","Boot","Mercury Hourglass","Busted Crown","Oddly Smooth Stone","Enchiridion","Regal Pillow","Molten Egg 2","Anchor","Gremlin Horn","Toxic Egg 2","Empty Cage","Centennial Puzzle","Matryoshka","Frozen Egg 2","MawBank","Letter Opener","Snake Skull"],"potions_floor_usage":[6,16,16,16,25,33,42,50],"damage_taken":[{"damage":1,"enemies":"Jaw Worm","floor":1,"turns":7},{"damage":0,"enemies":"Cultist","floor":3,"turns":5},{"damage":2,"enemies":"Small Slimes","floor":4,"turns":5},{"damage":17,"enemies":"Lagavulin","floor":6,"turns":8},{"damage":16,"enemies":"Exordium Wildlife","floor":10,"turns":6},{"damage":37,"enemies":"3 Sentries","floor":12,"turns":16},{"damage":5,"enemies":"Blue Slaver","floor":14,"turns":3},{"damage":5,"enemies":"The Guardian","floor":16,"turns":11},{"damage":5,"enemies":"Chosen","floor":18,"turns":5},{"damage":25,"enemies":"3 Byrds","floor":19,"turns":6},{"damage":0,"enemies":"Gremlin Leader","floor":23,"turns":12},{"damage":8,"enemies":"Slavers","floor":25,"turns":6},{"damage":0,"enemies":"Cultist and Chosen","floor":27,"turns":4},{"damage":18,"enemies":"Snake Plant","floor":28,"turns":3},{"damage":0,"enemies":"Book of Stabbing","floor":31,"turns":5},{"damage":21,"enemies":"Collector","floor":33,"turns":14},{"damage":0,"enemies":"Orb Walker","floor":35,"turns":4},{"damage":0,"enemies":"3 Darklings","floor":37,"turns":4},{"damage":0,"enemies":"Giant Head","floor":40,"turns":6},{"damage":0,"enemies":"Reptomancer","floor":42,"turns":5},{"damage":6,"enemies":"Nemesis","floor":44,"turns":5},{"damage":11,"enemies":"Time Eater","floor":50,"turns":7}],"seed_played":"-2330655649273274083","potions_obtained":[{"floor":1,"key":"EssenceOfSteel"},{"floor":12,"key":"Dexterity Potion"},{"floor":14,"key":"Dexterity Potion"},{"floor":23,"key":"AttackPotion"},{"floor":28,"key":"PowerPotion"},{"floor":33,"key":"FearPotion"},{"floor":35,"key":"SteroidPotion"},{"floor":37,"key":"SpeedPotion"}],"is_trial":false,"path_per_floor":["M","?","M","M","$","E","$","R","T","M","R","E","?","M","R","B",null,"M","M","$","?","?","E","R","E","T","M","M","R","?","E","R","B",null,"M","?","M","?","$","E","$","E","T","E","$","R","$","?","R","B",null],"character_chosen":"THE_SILENT","items_purchased":["Membership Card","Poison Potion","Oddly Smooth Stone","GhostInAJar","Crippling Poison","Bouncing Flask+1","Deadly Poison+1","Centennial Puzzle","Poison Potion","Footwork","Dodge and Roll+1"],"campfire_rested":2,"item_purchase_floors":[5,5,20,20,20,39,39,39,39,41,45],"current_hp_per_floor":[62,62,62,60,60,43,43,43,43,27,48,11,28,23,23,18,57,52,27,27,49,33,33,33,25,25,25,7,42,42,42,42,21,56,56,56,56,56,56,56,56,56,56,50,50,50,50,50,50,39],"gold":23,"neow_bonus":"HUNDRED_GOLD","is_prod":false,"is_daily":false,"chose_seed":false,"campfire_upgraded":6,"win_rate":0,"timestamp":1556705628,"path_taken":["M","?","?","M","$","E","$","R","T","?","R","E","?","M","R","BOSS","M","M","$","?","?","E","R","E","T","M","M","R","?","E","R","BOSS","M","?","M","?","$","E","?","E","T","E","$","R","$","?","R","BOSS"],"build_version":"2019-01-23","purchased_purges":4,"victory":true,"max_hp_per_floor":[70,70,70,70,70,70,70,70,70,70,70,70,70,70,70,70,70,70,70,67,67,67,67,67,67,67,67,67,67,67,67,67,67,67,67,67,67,67,67,67,67,67,67,67,67,67,67,67,67,67],"card_choices":[{"not_picked":["Eviscerate","Outmaneuver"],"picked":"Footwork","floor":1},{"not_picked":["Prepared","Underhanded Strike"],"picked":"Catalyst","floor":3},{"not_picked":["Choke","Quick Slash"],"picked":"Flying Knee","floor":4},{"not_picked":["Dagger Throw","Outmaneuver"],"picked":"Leg Sweep","floor":6},{"not_picked":["Sucker Punch","Acrobatics"],"picked":"Deadly Poison","floor":10},{"not_picked":["Deadly Poison","Unload"],"picked":"Burst","floor":12},{"not_picked":["Slice","Distraction"],"picked":"Backflip","floor":14},{"not_picked":["Die Die Die","Grand Finale"],"picked":"Doppelganger","floor":16},{"not_picked":["Slice"],"picked":"SKIP","floor":18},{"not_picked":[],"picked":"Dagger Throw+1","floor":19},{"not_picked":[],"picked":"Slice+1","floor":23},{"not_picked":["Cloak And Dagger"],"picked":"SKIP","floor":25},{"not_picked":["Sucker Punch+1"],"picked":"SKIP","floor":27},{"not_picked":[],"picked":"Dodge and Roll","floor":28},{"not_picked":["Setup"],"picked":"SKIP","floor":31},{"not_picked":[],"picked":"Die Die Die+1","floor":33},{"not_picked":["Caltrops"],"picked":"SKIP","floor":35},{"not_picked":["Prepared+1"],"picked":"SKIP","floor":37},{"not_picked":["Accuracy+1"],"picked":"SKIP","floor":40},{"not_picked":["Sucker Punch+1"],"picked":"SKIP","floor":42},{"not_picked":[],"picked":"Malaise+1","floor":44}],"player_experience":335887,"relics_obtained":[{"floor":6,"key":"Boot"},{"floor":12,"key":"Mercury Hourglass"},{"floor":22,"key":"Enchiridion"},{"floor":23,"key":"Regal Pillow"},{"floor":25,"key":"Molten Egg 2"},{"floor":26,"key":"Anchor"},{"floor":31,"key":"Toxic Egg 2"},{"floor":40,"key":"Matryoshka"},{"floor":42,"key":"Frozen Egg 2"},{"floor":43,"key":"MawBank"},{"floor":43,"key":"Letter Opener"},{"floor":44,"key":"Snake Skull"}],"event_choices":[{"cards_removed":["Strike_G"],"damage_healed":0,"gold_gain":0,"player_choice":"Offered Basic","damage_taken":0,"max_hp_gain":0,"max_hp_loss":0,"event_name":"Bonfire Elementals","floor":2,"gold_loss":0},{"damage_healed":17,"gold_gain":0,"player_choice":"Healed and dodged fight","damage_taken":0,"max_hp_gain":0,"max_hp_loss":0,"event_name":"Mushrooms","floor":13,"gold_loss":0,"cards_obtained":["Parasite"]},{"damage_healed":22,"gold_gain":0,"player_choice":"Heal","damage_taken":0,"max_hp_gain":0,"max_hp_loss":0,"event_name":"The Library","floor":21,"gold_loss":0},{"damage_healed":0,"gold_gain":0,"player_choice":"Obtained Book","damage_taken":16,"max_hp_gain":0,"max_hp_loss":0,"event_name":"Cursed Tome","floor":22,"gold_loss":0},{"damage_healed":0,"gold_gain":0,"player_choice":"Obtained Relic","damage_taken":0,"relics_obtained":["Gremlin Horn"],"max_hp_gain":0,"max_hp_loss":0,"event_name":"Addict","floor":30,"gold_loss":85},{"damage_healed":0,"gold_gain":0,"player_choice":"Memory 1","damage_taken":0,"max_hp_gain":0,"max_hp_loss":0,"event_name":"SensoryStone","floor":36,"gold_loss":0},{"damage_healed":0,"gold_gain":0,"player_choice":"Ignored","damage_taken":0,"max_hp_gain":0,"max_hp_loss":0,"event_name":"Tomb of Lord Red Mask","floor":38,"gold_loss":0},{"cards_removed":["Defend_G"],"damage_healed":0,"gold_gain":0,"player_choice":"Removed Skill","damage_taken":0,"max_hp_gain":0,"max_hp_loss":0,"event_name":"Falling","floor":48,"gold_loss":0}],"is_beta":false,"boss_relics":[{"not_picked":["Snecko Eye","Sozu"],"picked":"Busted Crown"},{"not_picked":["HoveringKite","White Beast Statue"],"picked":"Empty Cage"}],"items_purged_floors":[7,20,39,45],"is_endless":false,"potions_floor_spawned":[1,12,14,23,28,33,35,37,40],"ascension_level":9}