{"gold_per_floor":[109,34,53,63,83,83,112,112,112,112,137,137,312,312,312,412,412,426,444,344,358,375,375,196,136,191,41,41,71,83,95,107,222,234,264,276,288,318,349,361],"floor_reached":40,"playtime":1244,"items_purged":["Defend_R","Doubt","Brutality","Cleave"],"score":462,"play_id":"a4ca6f8a-fa7a-4abc-ab8e-9fad0e8a4633","local_time":"20190222000519","is_ascension_mode":false,"campfire_choices":[{"data":"Bash","floor":6,"key":"SMITH"},{"data":"Strike_R","floor":8,"key":"SMITH"},{"floor":12,"key":"REST"},{"floor":15,"key":"REST"},{"floor":23,"key":"REST"},{"data":"Shrug It Off","floor":28,"key":"SMITH"},{"data":"Whirlwind","floor":30,"key":"SMITH"},{"floor":32,"key":"REST"}],"neow_cost":"PERCENT_DAMAGE","seed_source_timestamp":172233088329100,"circlet_count":0,"master_deck":["Bash+1","Dual Wield","Whirlwind+1","Pommel Strike","Dropkick","Shrug It Off+1"],"relics":["Burning Blood","Vajra","Red Skull","Bottled Flame","Pandora\u0027s Box","Anchor","MawBank","Orrery"],"potions_floor_usage":[11,33,33,33,40],"damage_taken":[{"damage":6,"enemies":"Cultist","floor":1,"turns":3},{"damage":1,"enemies":"Jaw Worm","floor":3,"turns":3},{"damage":2,"enemies":"2 Louse","floor":4,"turns":3},{"damage":0,"enemies":"Large Slime","floor":5,"turns":5},{"damage":20,"enemies":"Gremlin Nob","floor":7,"turns":4},{"damage":26,"enemies":"Lagavulin","floor":11,"turns":5},{"damage":51,"enemies":"Slime Boss","floor":16,"turns":12},{"damage":20,"enemies":"Chosen","floor":18,"turns":4},{"damage":6,"enemies":"3 Byrds","floor":19,"turns":4},{"damage":36,"enemies":"3 Cultists","floor":21,"turns":4},{"damage":28,"enemies":"Centurion and Healer","floor":22,"turns":8},{"damage":18,"enemies":"Gremlin Leader","floor":29,"turns":6},{"damage":76,"enemies":"Automaton","floor":33,"turns":9},{"damage":16,"enemies":"3 Darklings","floor":35,"turns":3},{"damage":6,"enemies":"Orb Walker","floor":38,"turns":3},{"damage":34,"enemies":"Jaw Worm Horde","floor":39,"turns":3},{"damage":83,"enemies":"Nemesis","floor":40,"turns":6}],"seed_played":"-4876047621111452347","potions_obtained":[{"floor":3,"key":"SkillPotion"},{"floor":5,"key":"Block Potion"},{"floor":7,"key":"SmokeBomb"},{"floor":19,"key":"Swift Potion"},{"floor":29,"key":"Energy Potion"},{"floor":33,"key":"Swift Potion"}],"is_trial":false,"path_per_floor":["M","$","M","M","M","R","E","R","T","?","E","R","?","?","R","B",null,"M","M","$","M","M","R","$","?","T","$","R","E","R","?","R","B",null,"M","?","?","M","M","E"],"character_chosen":"IRONCLAD","items_purchased":["Shrug It Off"],"campfire_rested":4,"item_purchase_floors":[24],"current_hp_per_floor":[72,72,77,81,87,87,73,73,73,66,46,74,74,55,83,38,96,82,88,88,72,62,90,90,90,90,90,90,78,78,59,89,19,101,91,91,111,111,83,0],"gold":361,"neow_bonus":"TWENTY_PERCENT_HP_BONUS","is_prod":false,"is_daily":false,"chose_seed":false,"campfire_upgraded":4,"win_rate":0,"timestamp":1550790319,"path_taken":["M","?","M","M","?","R","E","R","T","?","E","R","?","?","R","BOSS","M","M","$","M","M","R","$","?","T","?","R","E","R","?","R","BOSS","M","?","?","M","?","E"],"build_version":"2019-02-06","purchased_purges":4,"victory":false,"max_hp_per_floor":[96,96,96,96,96,96,96,96,96,96,96,96,96,96,96,96,96,96,96,96,96,96,96,96,96,96,96,96,96,96,101,101,101,101,101,101,111,111,111,111],"card_choices":[{"not_picked":["Armaments","Burning Pact","Headbutt"],"picked":"SKIP","floor":1},{"not_picked":["Clash","Pommel Strike","Clothesline"],"picked":"SKIP","floor":3},{"not_picked":["Reckless Charge","Wild Strike","Sword Boomerang"],"picked":"SKIP","floor":4},{"not_picked":["Wild Strike","Blood for Blood","Evolve"],"picked":"SKIP","floor":5},{"not_picked":["Body Slam","Blood for Blood","Headbutt"],"picked":"SKIP","floor":7},{"not_picked":["Warcry","Seeing Red","Clothesline"],"picked":"SKIP","floor":11},{"not_picked":["Blood for Blood","Pummel","Sentinel"],"picked":"SKIP","floor":18},{"not_picked":["Carnage","Anger","Evolve+1"],"picked":"SKIP","floor":19},{"not_picked":["Battle Trance","Flex","Sword Boomerang"],"picked":"SKIP","floor":21},{"not_picked":["Thunderclap","Shrug It Off+1"],"picked":"Dropkick","floor":22},{"not_picked":["Fire Breathing+1","Thunderclap","Heavy Blade"],"picked":"SKIP","floor":29},{"not_picked":["Sword Boomerang+1","Rage+1","Body Slam"],"picked":"SKIP","floor":35},{"not_picked":["Clothesline+1","Wild Strike","Headbutt"],"picked":"SKIP","floor":38},{"not_picked":["Burning Pact+1","Thunderclap","Anger+1"],"picked":"SKIP","floor":39}],"player_experience":1168106,"relics_obtained":[{"floor":7,"key":"Vajra"},{"floor":9,"key":"Red Skull"},{"floor":11,"key":"Bottled Flame"},{"floor":26,"key":"Anchor"},{"floor":29,"key":"MawBank"}],"event_choices":[{"cards_removed":["Strike_R"],"damage_healed":0,"gold_gain":0,"player_choice":"Card Removal","damage_taken":7,"max_hp_gain":0,"max_hp_loss":0,"event_name":"Golden Wing","floor":10,"gold_loss":0},{"damage_healed":0,"gold_gain":175,"player_choice":"AGREE","damage_taken":0,"max_hp_gain":0,"max_hp_loss":0,"event_name":"Liars Game","floor":13,"gold_loss":0,"cards_obtained":["Doubt"]},{"damage_healed":0,"gold_gain":0,"player_choice":"Entered Light","damage_taken":19,"max_hp_gain":0,"max_hp_loss":0,"event_name":"Shining Light","floor":14,"gold_loss":0,"cards_upgraded":["Strike_R","Strike_R"]},{"cards_removed":["Perfected Strike"],"damage_healed":0,"gold_gain":0,"player_choice":"Single Remove","damage_taken":0,"max_hp_gain":0,"max_hp_loss":0,"event_name":"Designer","floor":25,"gold_loss":60},{"damage_healed":0,"gold_gain":0,"player_choice":"Shed Blood","damage_taken":24,"max_hp_gain":5,"max_hp_loss":0,"event_name":"Forgotten Altar","floor":31,"gold_loss":0},{"damage_healed":0,"gold_gain":0,"player_choice":"Ignored","damage_taken":0,"max_hp_gain":0,"max_hp_loss":0,"event_name":"Mysterious Sphere","floor":36,"gold_loss":0},{"cards_removed":["Reaper"],"damage_healed":10,"gold_gain":0,"player_choice":"Offered Rare","damage_taken":0,"max_hp_gain":10,"max_hp_loss":0,"event_name":"Bonfire Elementals","floor":37,"gold_loss":0}],"is_beta":true,"boss_relics":[{"not_picked":["Mark of Pain","Black Blood"],"picked":"Pandora\u0027s Box"},{"not_picked":["White Beast Statue","Fusion Hammer"],"picked":"Orrery"}],"items_purged_floors":[2,20,24,27],"is_endless":false,"potions_floor_spawned":[3,5,7,19,29,33],"killed_by":"Nemesis","ascension_level":0}