{"gold_per_floor":[14,29,29,29,29,29,58,17,17,29,44,20,20,54,54,131,131,84,84,9,9,25,44,44],"floor_reached":24,"playtime":1401,"items_purged":["Strike_B"],"score":508,"play_id":"bc79e933-0262-4ffc-ae9d-e0e69738fb75","local_time":"20190425184202","is_ascension_mode":true,"campfire_choices":[{"data":"Zap","floor":6.0,"key":"SMITH"},{"floor":13.0,"key":"REST"},{"data":"Defragment","floor":15,"key":"SMITH"}],"neow_cost":"NO_GOLD","seed_source_timestamp":600021020966287,"circlet_count":0,"master_deck":["AscendersBane","Strike_B","Defend_B","Defend_B","Defend_B","Defend_B","Zap+1","Dualcast","Cold Snap","Gash","Defragment+1","Go for the Eyes","Hologram","Coolheaded","Core Surge","Cold Snap+1","Ghostly","Ghostly","Ghostly","J.A.X.","Self Repair+1"],"special_seed":0,"relics":["Cracked Core","Ginger","Ancient Tea Set","Gremlin Horn","Oddly Smooth Stone","Coffee Dripper"],"potions_floor_usage":[16,22,24],"damage_taken":[{"damage":7.0,"enemies":"Jaw Worm","floor":1.0,"turns":4.0},{"damage":3.0,"enemies":"2 Louse","floor":2.0,"turns":3.0},{"damage":36.0,"enemies":"Gremlin Nob","floor":7.0,"turns":4.0},{"damage":0.0,"enemies":"Cultist","floor":10.0,"turns":3.0},{"damage":9.0,"enemies":"2 Fungi Beasts","floor":11.0,"turns":3.0},{"damage":13,"enemies":"Lagavulin","floor":14,"turns":10},{"damage":0,"enemies":"The Guardian","floor":16,"turns":12},{"damage":16,"enemies":"2 Thieves","floor":18,"turns":5},{"damage":0,"enemies":"3 Byrds","floor":22,"turns":3},{"damage":4,"enemies":"Snake Plant","floor":23,"turns":5},{"damage":31,"enemies":"Book of Stabbing","floor":24,"turns":7}],"seed_played":"169028076139250480","potions_obtained":[{"floor":2.0,"key":"FocusPotion"},{"floor":11.0,"key":"LiquidBronze"},{"floor":14,"key":"SpeedPotion"},{"floor":23,"key":"EssenceOfSteel"}],"is_trial":false,"path_per_floor":["M","M","?","?","?","R","E","$","T","M","M","$","R","E","R","B",null,"M","?","$","?","M","M","E"],"character_chosen":"DEFECT","items_purchased":["Defragment","Coolheaded"],"campfire_rested":1,"item_purchase_floors":[8,12],"current_hp_per_floor":[57,54,47,47,47,47,11,11,11,11,2,2,23,10,10,10,56,40,35,35,35,35,31,0],"gold":44,"neow_bonus":"ONE_RARE_RELIC","is_prod":false,"is_daily":false,"chose_seed":false,"campfire_upgraded":2,"win_rate":0,"timestamp":1556239322,"path_taken":["M","M","?","?","?","R","E","?","T","M","M","$","R","E","R","BOSS","M","?","$","?","M","M","E"],"build_version":"2019-04-23","purchased_purges":1,"victory":false,"max_hp_per_floor":[71,71,71,71,71,71,71,71,71,71,71,71,71,71,71,71,71,71,35,35,35,35,35,35],"card_choices":[{"not_picked":["Coolheaded","Hologram"],"picked":"Cold Snap","floor":1.0},{"not_picked":["Reinforced Body","Barrage"],"picked":"Gash","floor":2.0},{"not_picked":["Static Discharge","Aggregate","Blizzard"],"picked":"SKIP","floor":7.0},{"not_picked":["Sweeping Beam","Streamline"],"picked":"Go for the Eyes","floor":10.0},{"not_picked":["Sweeping Beam","Compile Driver"],"picked":"Hologram","floor":11.0},{"not_picked":["Stack","Barrage","Sweeping Beam"],"picked":"SKIP","floor":14},{"not_picked":["Multi-Cast","Rainbow"],"picked":"Core Surge","floor":16},{"not_picked":["Turbo","Streamline"],"picked":"Cold Snap+1","floor":18},{"not_picked":["Darkness","Fusion","Stack"],"picked":"SKIP","floor":22},{"not_picked":["Gash","Stack"],"picked":"Self Repair+1","floor":23}],"player_experience":3062971,"relics_obtained":[{"floor":7.0,"key":"Ancient Tea Set"},{"floor":9.0,"key":"Gremlin Horn"},{"floor":14,"key":"Oddly Smooth Stone"}],"event_choices":[{"cards_removed":["Strike_B"],"damage_healed":0.0,"max_hp_gain":0.0,"max_hp_loss":0.0,"gold_gain":0.0,"event_name":"Golden Wing","player_choice":"Card Removal","floor":3.0,"gold_loss":0.0,"damage_taken":7.0},{"cards_removed":["Strike_B"],"damage_healed":0.0,"max_hp_gain":0.0,"max_hp_loss":0.0,"gold_gain":0.0,"event_name":"Living Wall","player_choice":"Forget","floor":4.0,"gold_loss":0.0,"damage_taken":0.0},{"damage_healed":0.0,"max_hp_gain":0.0,"max_hp_loss":0.0,"gold_gain":0.0,"event_name":"Liars Game","player_choice":"Ignored","floor":5.0,"gold_loss":0.0,"damage_taken":0.0},{"damage_healed":0,"gold_gain":0,"player_choice":"Became a Ghost","damage_taken":0,"max_hp_gain":0,"max_hp_loss":36,"event_name":"Ghosts","floor":19,"gold_loss":0,"cards_obtained":["Ghostly","Ghostly","Ghostly"]},{"damage_healed":0,"gold_gain":0,"player_choice":"Obtain J.A.X.","damage_taken":0,"max_hp_gain":0,"max_hp_loss":0,"event_name":"Drug Dealer","floor":21,"gold_loss":0,"cards_obtained":["J.A.X."]}],"is_beta":true,"boss_relics":[{"not_picked":["Black Star","Calling Bell"],"picked":"Coffee Dripper"}],"items_purged_floors":[20],"is_endless":false,"potions_floor_spawned":[2,11,14,23],"killed_by":"Book of Stabbing","ascension_level":20}