{"gold_per_floor":[360,510,520,537,462,462,462,477,477,477,477,477,322],"floor_reached":13,"playtime":264,"items_purged":["Doubt","Injury"],"score":146,"play_id":"e63b47f3-1abb-4ad6-bf8a-5a776ee3b618","local_time":"20190414175924","is_ascension_mode":true,"campfire_choices":[{"data":"Bash","floor":10,"key":"SMITH"}],"neow_cost":"TEN_PERCENT_HP_LOSS","seed_source_timestamp":362621678173100,"circlet_count":0,"master_deck":["AscendersBane","Strike_R","Strike_R","Strike_R","Strike_R","Strike_R","Defend_R","Defend_R","Defend_R","Defend_R","Bash+1","Whirlwind+1","Sword Boomerang","Shrug It Off"],"relics":["Burning Blood","Self Forming Clay","Golden Idol"],"potions_floor_usage":[],"damage_taken":[{"damage":15,"enemies":"Small Slimes","floor":1,"turns":4},{"damage":16,"enemies":"Jaw Worm","floor":3,"turns":6},{"damage":6,"enemies":"Cultist","floor":4,"turns":3},{"damage":39,"enemies":"Large Slime","floor":8,"turns":8}],"seed_played":"6003037807262395280","potions_obtained":[{"floor":3,"key":"Explosive Potion"}],"is_trial":false,"path_per_floor":["M","?","M","M","$","?","?","M","T","R","?","?","$"],"character_chosen":"IRONCLAD","items_purchased":["Shrug It Off"],"campfire_rested":0,"item_purchase_floors":[13],"current_hp_per_floor":[59,59,49,49,49,49,49,16,16,16,16,16,16],"gold":322,"neow_bonus":"TWO_FIFTY_GOLD","is_prod":false,"is_daily":false,"chose_seed":false,"campfire_upgraded":1,"win_rate":0,"timestamp":1555257564,"path_taken":["M","?","M","M","$","?","?","?","T","R","?","?","$"],"build_version":"2019-04-04","purchased_purges":2,"victory":false,"max_hp_per_floor":[68,68,68,68,68,68,68,68,68,68,68,68,68],"card_choices":[{"not_picked":["Iron Wave","Flex"],"picked":"Whirlwind","floor":1},{"not_picked":["Heavy Blade","Shockwave"],"picked":"Sword Boomerang","floor":3},{"not_picked":["Combust","Perfected Strike","Clash"],"picked":"SKIP","floor":4},{"not_picked":["Disarm","Warcry","Exhume"],"picked":"SKIP","floor":8}],"player_experience":1386470,"relics_obtained":[],"event_choices":[{"damage_healed":0,"gold_gain":150,"player_choice":"AGREE","damage_taken":0,"max_hp_gain":0,"max_hp_loss":0,"event_name":"Liars Game","floor":2,"gold_loss":0,"cards_obtained":["Doubt"]},{"damage_healed":0,"gold_gain":0,"player_choice":"Box","damage_taken":0,"relics_obtained":["Self Forming Clay"],"max_hp_gain":0,"max_hp_loss":0,"event_name":"Big Fish","floor":6,"gold_loss":0,"cards_obtained":["Regret"]},{"cards_removed":["Regret"],"damage_healed":0,"gold_gain":0,"player_choice":"Forget","damage_taken":0,"max_hp_gain":0,"max_hp_loss":0,"event_name":"Living Wall","floor":7,"gold_loss":0},{"damage_healed":0,"gold_gain":0,"player_choice":"Take Wound","damage_taken":0,"relics_obtained":["Golden Idol"],"max_hp_gain":0,"max_hp_loss":0,"event_name":"Golden Idol","floor":11,"gold_loss":0,"cards_obtained":["Injury"]},{"damage_healed":0,"gold_gain":0,"player_choice":"Upgraded","damage_taken":0,"max_hp_gain":0,"max_hp_loss":0,"event_name":"Upgrade Shrine","floor":12,"gold_loss":0,"cards_upgraded":["Whirlwind"]}],"is_beta":true,"boss_relics":[],"items_purged_floors":[5,13],"is_endless":false,"potions_floor_spawned":[3],"ascension_level":20}