{"gold_per_floor":[115,134,134,146,163,163,195,195,195,195,132,132,159,174,174,174],"floor_reached":16,"playtime":1211,"items_purged":[],"score":220,"play_id":"ecd0524a-2651-4b73-993f-7b3a990afff4","local_time":"20190423000645","is_ascension_mode":true,"campfire_choices":[{"data":"Deadly Poison","floor":6,"key":"SMITH"},{"data":"Neutralize","floor":10,"key":"SMITH"},{"floor":12,"key":"REST"},{"data":"Bane","floor":15,"key":"SMITH"}],"neow_cost":"PERCENT_DAMAGE","seed_source_timestamp":360636833961348,"circlet_count":0,"master_deck":["AscendersBane","Defend_G","Defend_G","Defend_G","Defend_G","Defend_G","Strike_G","Strike_G","Strike_G+1","Strike_G+1","Strike_G","Survivor","Neutralize+1","Dagger Throw","Dagger Spray","Deadly Poison+1","Well Laid Plans","Backflip","PiercingWail","Parasite","Deadly Poison+1","Bane+1"],"relics":["Ring of the Snake","Prayer Wheel","Whetstone","Bag of Marbles","Toxic Egg 2","Gremlin Horn"],"potions_floor_usage":[16,16],"damage_taken":[{"damage":1,"enemies":"Cultist","floor":1,"turns":4},{"damage":0,"enemies":"Jaw Worm","floor":2,"turns":5},{"damage":0,"enemies":"Small Slimes","floor":4,"turns":4},{"damage":5,"enemies":"Gremlin Gang","floor":5,"turns":5},{"damage":29,"enemies":"3 Sentries","floor":7,"turns":13},{"damage":15,"enemies":"Lagavulin","floor":13,"turns":8},{"damage":5,"enemies":"Exordium Wildlife","floor":14,"turns":4},{"damage":30,"enemies":"Slime Boss","floor":16,"turns":8}],"seed_played":"-779157745717771938","potions_obtained":[{"floor":7,"key":"Swift Potion"},{"floor":14,"key":"SteroidPotion"}],"is_trial":false,"path_per_floor":["M","M","?","M","M","R","E","?","T","R","?","R","E","M","R","B"],"character_chosen":"THE_SILENT","items_purchased":[],"campfire_rested":1,"item_purchase_floors":[],"current_hp_per_floor":[43,43,43,43,38,38,9,25,25,25,25,44,29,24,24,0],"gold":174,"neow_bonus":"ONE_RARE_RELIC","is_prod":false,"is_daily":false,"chose_seed":false,"campfire_upgraded":3,"win_rate":0,"timestamp":1555999605,"path_taken":["M","M","?","M","M","R","E","?","T","R","?","R","E","M","R","BOSS"],"build_version":"2019-04-20","purchased_purges":0,"victory":false,"max_hp_per_floor":[66,66,66,66,66,66,66,66,66,66,66,66,66,66,66,66],"card_choices":[{"not_picked":["Prepared","Flying Knee"],"picked":"Dagger Throw","floor":1},{"not_picked":["Dodge and Roll","Underhanded Strike"],"picked":"Dagger Spray","floor":1},{"not_picked":["Backflip","Night Terror"],"picked":"Deadly Poison","floor":2},{"not_picked":["Expertise","Dagger Spray","Quick Slash"],"picked":"SKIP","floor":2},{"not_picked":["Distraction","Riddle With Holes","Sucker Punch"],"picked":"SKIP","floor":4},{"not_picked":["Choke","Poisoned Stab","Blade Dance"],"picked":"SKIP","floor":4},{"not_picked":["Heel Hook","Deadly Poison"],"picked":"Well Laid Plans","floor":5},{"not_picked":["Endless Agony","Outmaneuver"],"picked":"Backflip","floor":5},{"not_picked":["Cloak And Dagger","Dodge and Roll"],"picked":"PiercingWail","floor":7},{"not_picked":["Riddle With Holes","Poisoned Stab"],"picked":"Deadly Poison+1","floor":13},{"not_picked":["Underhanded Strike","Prepared+1"],"picked":"Bane","floor":14},{"not_picked":["Accuracy","Concentrate+1","Heel Hook"],"picked":"SKIP","floor":14}],"player_experience":2965565,"relics_obtained":[{"floor":7,"key":"Whetstone"},{"floor":9,"key":"Bag of Marbles"},{"floor":13,"key":"Gremlin Horn"}],"event_choices":[{"damage_healed":0,"gold_gain":0,"player_choice":"Ignored","damage_taken":0,"max_hp_gain":0,"max_hp_loss":0,"event_name":"Liars Game","floor":3,"gold_loss":0},{"damage_healed":16,"gold_gain":0,"player_choice":"Healed and dodged fight","damage_taken":0,"max_hp_gain":0,"max_hp_loss":0,"event_name":"Mushrooms","floor":8,"gold_loss":0,"cards_obtained":["Parasite"]},{"damage_healed":0,"gold_gain":0,"player_choice":"Paid Gold","damage_taken":0,"relics_obtained":["Toxic Egg 2"],"max_hp_gain":0,"max_hp_loss":0,"event_name":"WeMeetAgain","floor":11,"gold_loss":63}],"is_beta":true,"boss_relics":[],"items_purged_floors":[],"is_endless":false,"potions_floor_spawned":[7,14],"killed_by":"Slime Boss","ascension_level":20}