{"gold_per_floor":[112,112,37,55,72,72,102,113,113,113,123,23,3],"floor_reached":13,"playtime":279,"items_purged":["Defend_G","Endless Agony"],"score":170,"play_id":"d0e47809-30a9-42df-a93b-bc30544e9abf","local_time":"20190121204341","is_ascension_mode":true,"campfire_choices":[{"data":"Neutralize","floor":6,"key":"SMITH"}],"neow_cost":"NONE","seed_source_timestamp":202228061157700,"circlet_count":0,"master_deck":["AscendersBane","Defend_G","Defend_G","Defend_G","Defend_G","Strike_G","Strike_G","Strike_G","Strike_G","Survivor","Neutralize+1","Well Laid Plans","Poisoned Stab","Deadly Poison","Blur"],"relics":["Ring of the Snake","NeowsBlessing","Bottled Flame","Mummified Hand"],"potions_floor_usage":[13],"damage_taken":[{"damage":0,"enemies":"2 Louse","floor":1,"turns":1},{"damage":0,"enemies":"Cultist","floor":4,"turns":1},{"damage":0,"enemies":"Jaw Worm","floor":5,"turns":1},{"damage":30,"enemies":"Gremlin Nob","floor":7,"turns":4},{"damage":10,"enemies":"Large Slime","floor":8,"turns":6},{"damage":9,"enemies":"Blue Slaver","floor":11,"turns":4},{"damage":3,"enemies":"Exordium Thugs","floor":13,"turns":1}],"seed_played":"-5567358975583157561","potions_obtained":[{"floor":1,"key":"Explosive Potion"},{"floor":8,"key":"Weak Potion"}],"is_trial":false,"path_per_floor":["?","M","M","?"],"character_chosen":"THE_SILENT","items_purchased":[],"campfire_rested":0,"item_purchase_floors":[],"current_hp_per_floor":[59,59,59,59,59,59,29,19,19,12,3,3,0],"gold":3,"neow_bonus":"THREE_ENEMY_KILL","is_prod":false,"is_daily":false,"chose_seed":false,"campfire_upgraded":1,"win_rate":0,"timestamp":1548099821,"path_taken":["M","?","$","?","?","R","E","M","T","?","M","$","M"],"build_version":"2019-01-20","purchased_purges":2,"victory":false,"max_hp_per_floor":[66,66,66,66,66,66,66,66,66,66,66,66,66],"card_choices":[{"not_picked":["Setup","Masterful Stab"],"picked":"Well Laid Plans","floor":1},{"not_picked":["Underhanded Strike","Outmaneuver","Catalyst"],"picked":"SKIP","floor":4},{"not_picked":["Choke","PiercingWail"],"picked":"Poisoned Stab","floor":5},{"not_picked":["Escape Plan","Reflex"],"picked":"Deadly Poison","floor":7},{"not_picked":["Masterful Stab","Distraction","Bane"],"picked":"SKIP","floor":8},{"not_picked":["Acrobatics","Riddle With Holes"],"picked":"Blur","floor":11}],"player_experience":1068709,"relics_obtained":[{"floor":7,"key":"Bottled Flame"},{"floor":9,"key":"Mummified Hand"}],"event_choices":[{"damage_healed":0,"gold_gain":0,"player_choice":"1 cards matched","damage_taken":0,"max_hp_gain":0,"max_hp_loss":0,"event_name":"Match and Keep!","floor":2,"gold_loss":0,"cards_obtained":["Endless Agony"]},{"cards_removed":["Strike_G"],"damage_healed":0,"gold_gain":0,"player_choice":"Card Removal","damage_taken":7,"max_hp_gain":0,"max_hp_loss":0,"event_name":"Golden Wing","floor":10,"gold_loss":0}],"is_beta":true,"boss_relics":[],"items_purged_floors":[3,12],"is_endless":false,"potions_floor_spawned":[1,8,11],"killed_by":"Exordium Thugs","ascension_level":20}