{"gold_per_floor":[114,129,146,146,165,165,181,250,298,322,322],"floor_reached":11,"playtime":347,"items_purged":[],"score":134,"play_id":"5eb088db-d5f1-4655-b102-9fe51e70ef02","local_time":"20190320225524","is_ascension_mode":true,"campfire_choices":[{"data":"Bash","floor":6.0,"key":"SMITH"}],"neow_cost":"NONE","seed_source_timestamp":0,"circlet_count":0,"master_deck":["AscendersBane","Strike_R","Strike_R","Strike_R","Strike_R","Strike_R","Defend_R","Defend_R","Defend_R","Defend_R","Bash+1","Disarm","Heavy Blade","Sword Boomerang"],"special_seed":0,"relics":["Burning Blood","Bag of Marbles","Golden Idol","Matryoshka","Paper Frog","Omamori"],"potions_floor_usage":[],"damage_taken":[{"damage":7.0,"enemies":"Jaw Worm","floor":1.0,"turns":3.0},{"damage":2.0,"enemies":"Cultist","floor":2.0,"turns":4.0},{"damage":3.0,"enemies":"2 Louse","floor":3.0,"turns":4.0},{"damage":5.0,"enemies":"2 Fungi Beasts","floor":5.0,"turns":4.0},{"damage":11.0,"enemies":"Exordium Wildlife","floor":7.0,"turns":3.0},{"damage":58.0,"enemies":"3 Sentries","floor":8.0,"turns":10.0},{"damage":6.0,"enemies":"Looter","floor":10.0,"turns":2.0},{"damage":17,"enemies":"Gremlin Gang","floor":11,"turns":3}],"seed_played":"-3627036829350488765","potions_obtained":[{"floor":2.0,"key":"Energy Potion"},{"floor":5.0,"key":"FearPotion"},{"floor":7.0,"key":"Regen Potion"},{"floor":8.0,"key":"BloodPotion"}],"is_trial":false,"path_per_floor":["M","M","M","?","M","R","M","?","T","M","M"],"character_chosen":"IRONCLAD","items_purchased":[],"campfire_rested":0,"item_purchase_floors":[],"current_hp_per_floor":[67,71,74,48,49,49,44,7,7,14,0],"gold":322,"neow_bonus":"RANDOM_COMMON_RELIC","is_prod":false,"is_daily":false,"chose_seed":false,"campfire_upgraded":1,"win_rate":0,"timestamp":1553118924,"path_taken":["M","M","M","?","M","R","M","?","T","M","M"],"build_version":"2019-03-15","purchased_purges":0,"victory":false,"max_hp_per_floor":[75,75,75,75,75,75,75,75,75,75,75],"card_choices":[{"not_picked":["True Grit","Clothesline","Clash"],"picked":"SKIP","floor":1.0},{"not_picked":["Bloodletting","Clash","Cleave"],"picked":"SKIP","floor":2.0},{"not_picked":["Rupture","Exhume"],"picked":"Disarm","floor":3.0},{"not_picked":["Clash","Headbutt"],"picked":"Heavy Blade","floor":5.0},{"not_picked":["Cleave","Warcry","Shockwave"],"picked":"SKIP","floor":7.0},{"not_picked":["Iron Wave","Cleave"],"picked":"Sword Boomerang","floor":8.0},{"not_picked":["Fire Breathing","Flex","Dropkick"],"picked":"SKIP","floor":10.0}],"player_experience":1266904,"relics_obtained":[{"floor":8.0,"key":"Matryoshka"},{"floor":9.0,"key":"Paper Frog"},{"floor":9.0,"key":"Omamori"}],"event_choices":[{"damage_healed":0.0,"max_hp_gain":0.0,"max_hp_loss":0.0,"gold_gain":0.0,"event_name":"Golden Idol","player_choice":"Take Damage","floor":4.0,"gold_loss":0.0,"damage_taken":26.0,"relics_obtained":["Golden Idol"]},{"damage_healed":0.0,"max_hp_gain":0.0,"max_hp_loss":0.0,"gold_gain":0.0,"event_name":"Dead Adventurer","player_choice":"Searched \u00271\u0027 times","floor":8.0,"gold_loss":0.0,"damage_taken":0.0}],"is_beta":true,"boss_relics":[],"items_purged_floors":[],"is_endless":false,"potions_floor_spawned":[2,5,7,8],"killed_by":"Gremlin Gang","ascension_level":20}