{"gold_per_floor":[110,90,101,101,118,118,151,170,219,219,219,239,239,251,251,251],"floor_reached":16,"playtime":489,"items_purged":[],"score":204,"play_id":"3f285fc0-9a32-4c22-b283-75467b0d9f8b","local_time":"20190421190140","is_ascension_mode":true,"campfire_choices":[{"data":"Bash","floor":6.0,"key":"SMITH"},{"data":"Inflame","floor":11.0,"key":"SMITH"},{"data":"True Grit","floor":15,"key":"SMITH"}],"neow_cost":"NONE","seed_source_timestamp":0,"circlet_count":0,"master_deck":["AscendersBane","Strike_R","Strike_R","Strike_R","Strike_R","Strike_R","Defend_R","Defend_R","Defend_R","Defend_R","Bash+1","Twin Strike","True Grit+1","Heavy Blade","Inflame+1","Feed"],"special_seed":0,"relics":["Burning Blood","Art of War","Pantograph","Regal Pillow","Blood Vial"],"potions_floor_usage":[14,16],"damage_taken":[{"damage":2.0,"enemies":"2 Louse","floor":1.0,"turns":4.0},{"damage":1.0,"enemies":"Cultist","floor":3.0,"turns":3.0},{"damage":4.0,"enemies":"Jaw Worm","floor":5.0,"turns":5.0},{"damage":58.0,"enemies":"3 Sentries","floor":7.0,"turns":10.0},{"damage":22.0,"enemies":"Lots of Slimes","floor":8.0,"turns":6.0},{"damage":9.0,"enemies":"Exordium Wildlife","floor":12.0,"turns":4.0},{"damage":0,"enemies":"2 Fungi Beasts","floor":14,"turns":2},{"damage":58,"enemies":"Hexaghost","floor":16,"turns":8}],"seed_played":"-6890769705744855850","potions_obtained":[{"floor":2.0,"key":"FearPotion"},{"floor":4.0,"key":"Fruit Juice"},{"floor":4.0,"key":"SpeedPotion"},{"floor":7.0,"key":"BloodPotion"},{"floor":8.0,"key":"GamblersBrew"},{"floor":12.0,"key":"AttackPotion"}],"is_trial":false,"path_per_floor":["M","?","M","?","M","R","E","M","T","T","R","M","?","M","R","B"],"character_chosen":"IRONCLAD","items_purchased":[],"campfire_rested":0,"item_purchase_floors":[],"current_hp_per_floor":[72,72,75,80,80,80,28,20,20,20,20,19,19,30,30,0],"gold":251,"neow_bonus":"RANDOM_COMMON_RELIC","is_prod":false,"is_daily":false,"chose_seed":false,"campfire_upgraded":3,"win_rate":0,"timestamp":1555866100,"path_taken":["M","?","?","?","?","R","E","M","T","?","R","M","?","M","R","BOSS"],"build_version":"2019-04-20","purchased_purges":0,"victory":false,"max_hp_per_floor":[75,75,75,80,80,80,80,80,80,80,80,80,80,83,83,83],"card_choices":[{"not_picked":["Wild Strike","Iron Wave"],"picked":"Twin Strike","floor":1.0},{"not_picked":["Havoc","Clash"],"picked":"True Grit","floor":3.0},{"not_picked":["Spot Weakness","Sever Soul","Blood for Blood"],"picked":"SKIP","floor":5.0},{"not_picked":["True Grit","Sentinel"],"picked":"Heavy Blade","floor":7.0},{"not_picked":["True Grit","Sentinel"],"picked":"Inflame","floor":8.0},{"not_picked":["Iron Wave","Body Slam","Thunderclap"],"picked":"SKIP","floor":12.0},{"not_picked":["Dual Wield","Burning Pact","Searing Blow"],"picked":"SKIP","floor":14}],"player_experience":1407397,"relics_obtained":[{"floor":7.0,"key":"Pantograph"},{"floor":9.0,"key":"Regal Pillow"},{"floor":10.0,"key":"Blood Vial"}],"event_choices":[{"damage_healed":0.0,"max_hp_gain":0.0,"max_hp_loss":0.0,"gold_gain":0.0,"event_name":"The Woman in Blue","player_choice":"Bought 1 Potion","floor":2.0,"gold_loss":0.0,"damage_taken":0.0},{"damage_healed":0.0,"max_hp_gain":0.0,"max_hp_loss":0.0,"gold_gain":0.0,"event_name":"Lab","player_choice":"Got Potions","floor":4.0,"gold_loss":0.0,"damage_taken":0.0},{"damage_healed":0.0,"max_hp_gain":0.0,"max_hp_loss":0.0,"gold_gain":0.0,"event_name":"Match and Keep!","player_choice":"1 cards matched","floor":13.0,"gold_loss":0.0,"damage_taken":0.0,"cards_obtained":["Feed"]}],"is_beta":true,"boss_relics":[],"items_purged_floors":[],"is_endless":false,"potions_floor_spawned":[7,8,12],"killed_by":"Hexaghost","ascension_level":20}