{"gold_per_floor":[117,117,135,145,163,189,189,114,166,66,66,91,110,124,124,220,220,208,208,208,223,240,274,274,293,342,359,359],"floor_reached":28,"playtime":903,"items_purged":["Defend_R","Defend_R"],"score":242,"play_id":"78c52e72-3911-4663-b70d-7b18dd55daeb","local_time":"20190209193339","is_ascension_mode":false,"campfire_choices":[{"floor":7,"key":"REST"},{"data":"Bash","floor":11,"key":"SMITH"},{"floor":15,"key":"REST"},{"floor":24,"key":"REST"}],"neow_cost":"PERCENT_DAMAGE","seed_source_timestamp":1839082699561800,"circlet_count":0,"master_deck":["Strike_R","Strike_R","Strike_R","Strike_R","Bash+1","Shrug It Off","Clash"],"relics":["Burning Blood","Matryoshka","Happy Flower","Orichalcum","Odd Mushroom","White Beast Statue","Boot","Bronze Scales","Omamori"],"potions_floor_usage":[16,16,22,23,23,27,27,28],"damage_taken":[{"damage":6,"enemies":"Cultist","floor":1,"turns":3},{"damage":10,"enemies":"Jaw Worm","floor":3,"turns":4},{"damage":0,"enemies":"Small Slimes","floor":4,"turns":3},{"damage":8,"enemies":"Gremlin Gang","floor":5,"turns":6},{"damage":52,"enemies":"Lagavulin","floor":6,"turns":9},{"damage":13,"enemies":"The Mushroom Lair","floor":12,"turns":4},{"damage":2,"enemies":"2 Fungi Beasts","floor":13,"turns":3},{"damage":8,"enemies":"Red Slaver","floor":14,"turns":2},{"damage":47,"enemies":"The Guardian","floor":16,"turns":9},{"damage":12,"enemies":"2 Thieves","floor":18,"turns":4},{"damage":16,"enemies":"Spheric Guardian","floor":21,"turns":4},{"damage":11,"enemies":"Centurion and Healer","floor":22,"turns":5},{"damage":44,"enemies":"Book of Stabbing","floor":23,"turns":5},{"damage":18,"enemies":"3 Cultists","floor":25,"turns":5},{"damage":17,"enemies":"Sentry and Sphere","floor":27,"turns":5},{"damage":38,"enemies":"Gremlin Leader","floor":28,"turns":4}],"seed_played":"-4245273890671358004","potions_obtained":[{"floor":4,"key":"LiquidBronze"},{"floor":6,"key":"GamblersBrew"},{"floor":14,"key":"BloodPotion"},{"floor":16,"key":"EssenceOfSteel"},{"floor":18,"key":"Dexterity Potion"},{"floor":22,"key":"EssenceOfSteel"},{"floor":23,"key":"SteroidPotion"},{"floor":25,"key":"Fire Potion"},{"floor":27,"key":"FairyPotion"}],"is_trial":false,"path_per_floor":["M","$","M","M","M","E","R","$","T","$","R","?","M","M","R","B",null,"M","$","?","M","M","E","R","M","T","M","E"],"character_chosen":"IRONCLAD","items_purchased":[],"campfire_rested":3,"item_purchase_floors":[],"current_hp_per_floor":[56,56,52,58,56,10,34,34,34,34,34,27,31,29,53,20,80,74,74,74,64,59,21,45,33,33,22,0],"gold":359,"neow_bonus":"REMOVE_TWO","is_prod":false,"is_daily":false,"chose_seed":false,"campfire_upgraded":1,"win_rate":0,"timestamp":1549737219,"path_taken":["M","?","M","M","M","E","R","$","T","$","R","?","M","M","R","BOSS","M","$","?","M","M","E","R","?","T","M","E"],"build_version":"2019-02-06","purchased_purges":2,"victory":false,"max_hp_per_floor":[80,80,80,80,80,80,80,80,80,80,80,80,80,80,80,80,80,80,80,80,80,80,80,80,80,80,80,80],"card_choices":[{"not_picked":["Pommel Strike","Whirlwind","Perfected Strike"],"picked":"SKIP","floor":1},{"not_picked":["Clothesline","Armaments"],"picked":"Shrug It Off","floor":3},{"not_picked":["Whirlwind","Sentinel","Twin Strike"],"picked":"SKIP","floor":4},{"not_picked":["Warcry","Headbutt","Flex"],"picked":"SKIP","floor":5},{"not_picked":["Searing Blow","Flex"],"picked":"Clash","floor":6},{"not_picked":["Headbutt","Body Slam","Wild Strike"],"picked":"SKIP","floor":13},{"not_picked":["Heavy Blade","Wild Strike","True Grit"],"picked":"SKIP","floor":14},{"not_picked":["Shrug It Off","Wild Strike+1","Blood for Blood+1"],"picked":"SKIP","floor":18},{"not_picked":["Flex","Cleave","Headbutt"],"picked":"SKIP","floor":21},{"not_picked":["Wild Strike","Cleave","Flex"],"picked":"SKIP","floor":22},{"not_picked":["Clash","Uppercut","Fire Breathing"],"picked":"SKIP","floor":23},{"not_picked":["Shrug It Off","Spot Weakness","Armaments"],"picked":"SKIP","floor":25},{"not_picked":["Impervious","Thunderclap","Clothesline"],"picked":"SKIP","floor":27}],"player_experience":1133739,"relics_obtained":[{"floor":6,"key":"Matryoshka"},{"floor":9,"key":"Happy Flower"},{"floor":9,"key":"Orichalcum"},{"floor":12,"key":"Odd Mushroom"},{"floor":23,"key":"Boot"},{"floor":26,"key":"Bronze Scales"},{"floor":26,"key":"Omamori"}],"event_choices":[{"damage_healed":0,"gold_gain":0,"player_choice":"Fought Mushrooms","damage_taken":0,"max_hp_gain":0,"max_hp_loss":0,"event_name":"Mushrooms","floor":12,"gold_loss":0},{"cards_removed":["Defend_R"],"damage_healed":0,"gold_gain":0,"player_choice":"Offered Basic","damage_taken":0,"max_hp_gain":0,"max_hp_loss":0,"event_name":"Bonfire Elementals","floor":20,"gold_loss":0}],"is_beta":true,"boss_relics":[{"not_picked":["Coffee Dripper","Runic Pyramid"],"picked":"White Beast Statue"}],"items_purged_floors":[8,10],"is_endless":false,"potions_floor_spawned":[4,6,14,16,18,21,22,23,25,27],"killed_by":"Gremlin Leader","ascension_level":0}