{"gold_per_floor":[119,134,134,134,148,148,177,177,177,206,7,17,17,17,17,115,115,115,115,70,70,70,70,70,70],"floor_reached":25,"playtime":869,"items_purged":[],"score":335,"play_id":"625c0a24-ac7f-4a46-b3aa-66d4d51af753","local_time":"20181009104923","is_ascension_mode":true,"campfire_choices":[{"data":"Neutralize","floor":6,"key":"SMITH"},{"floor":8,"key":"REST"},{"data":"Envenom","floor":13,"key":"SMITH"},{"data":"Survivor","floor":15,"key":"SMITH"},{"floor":24,"key":"REST"}],"neow_cost":"NONE","seed_source_timestamp":44495889753900,"circlet_count":0,"master_deck":["Defend_G","Defend_G","Defend_G","Defend_G","Strike_G","Strike_G","Strike_G","Strike_G","Strike_G","Survivor+1","Neutralize+1","Poisoned Stab","Infinite Blades","Envenom+1","Bane","Die Die Die","Riddle With Holes+1","Infinite Blades","Dagger Spray+1","Deflect+1","Backstab"],"relics":["White Beast Statue","Gremlin Horn","Mummified Hand","Matryoshka","Lee\u0027s Waffle","Ectoplasm","Orichalcum"],"potions_floor_usage":[7,10,10,16,16,18,20,20,23,23,23,25],"damage_taken":[{"damage":8,"enemies":"Jaw Worm","floor":1,"turns":7},{"damage":5,"enemies":"2 Louse","floor":2,"turns":3},{"damage":2,"enemies":"Cultist","floor":5,"turns":4},{"damage":37,"enemies":"3 Sentries","floor":7,"turns":8},{"damage":20,"enemies":"Lagavulin","floor":10,"turns":7},{"damage":27,"enemies":"Gremlin Gang","floor":12,"turns":5},{"damage":26,"enemies":"Slime Boss","floor":16,"turns":8},{"damage":0,"enemies":"Spheric Guardian","floor":18,"turns":4},{"damage":11,"enemies":"2 Thieves","floor":20,"turns":3},{"damage":12,"enemies":"3 Cultists","floor":21,"turns":4},{"damage":15,"enemies":"Snecko","floor":22,"turns":4},{"damage":25,"enemies":"Slavers","floor":23,"turns":4},{"damage":36,"enemies":"Snake Plant","floor":25,"turns":4}],"seed_played":"7065655094485998800","potions_obtained":[{"floor":1,"key":"GhostInAJar"},{"floor":2,"key":"Swift Potion"},{"floor":5,"key":"SteroidPotion"},{"floor":7,"key":"FearPotion"},{"floor":10,"key":"SteroidPotion"},{"floor":12,"key":"Swift Potion"},{"floor":16,"key":"Strength Potion"},{"floor":18,"key":"SkillPotion"},{"floor":20,"key":"LiquidBronze"},{"floor":21,"key":"Block Potion"},{"floor":22,"key":"Fire Potion"},{"floor":23,"key":"FearPotion"}],"is_trial":false,"path_per_floor":["M","M","?","?","M","R","E","R","T","E","$","M","R","?","R","B",null,"M","?","M","M","M","E","R"],"character_chosen":"THE_SILENT","items_purchased":["Lee\u0027s Waffle"],"campfire_rested":2,"item_purchase_floors":[11],"current_hp_per_floor":[55,50,43,43,41,41,4,25,25,5,77,50,50,55,55,29,69,69,69,58,46,31,6,30,0],"gold":70,"neow_bonus":"BOSS_RELIC","is_prod":false,"is_daily":false,"chose_seed":false,"campfire_upgraded":3,"win_rate":0,"timestamp":1539107363,"path_taken":["M","M","?","?","?","R","E","R","T","E","?","?","R","?","R","BOSS","M","?","M","M","M","E","R","M"],"build_version":"2018-10-08","purchased_purges":0,"victory":false,"max_hp_per_floor":[70,70,70,70,70,70,70,70,70,70,77,77,77,82,82,82,82,82,82,82,82,82,82,82,82],"card_choices":[{"not_picked":["Outmaneuver","Deflect"],"picked":"Poisoned Stab","floor":1},{"not_picked":["Blade Dance","Underhanded Strike","Masterful Stab"],"picked":"SKIP","floor":2},{"not_picked":["Dodge and Roll","Deadly Poison"],"picked":"Infinite Blades","floor":5},{"not_picked":["Outmaneuver","Deadly Poison","Quick Slash"],"picked":"SKIP","floor":7},{"not_picked":["Dodge and Roll","Heel Hook"],"picked":"Envenom","floor":10},{"not_picked":["Flying Knee","Cloak And Dagger"],"picked":"Bane","floor":12},{"not_picked":["Tools of the Trade","Night Terror"],"picked":"Die Die Die","floor":16},{"not_picked":["Backflip","Masterful Stab"],"picked":"Riddle With Holes+1","floor":18},{"not_picked":["Backflip","Outmaneuver"],"picked":"Dagger Spray+1","floor":20},{"not_picked":["Underhanded Strike+1","Deadly Poison+1","Dodge and Roll"],"picked":"SKIP","floor":21},{"not_picked":["Accuracy","Blade Dance"],"picked":"Deflect+1","floor":22},{"not_picked":["Poisoned Stab","Flechettes"],"picked":"Backstab","floor":23}],"player_experience":359453,"relics_obtained":[{"floor":7,"key":"Gremlin Horn"},{"floor":9,"key":"Mummified Hand"},{"floor":10,"key":"Matryoshka"},{"floor":23,"key":"Orichalcum"}],"event_choices":[{"event_name":"Golden Wing","player_choice":"Card Removal","floor":3,"damage_taken":0},{"event_name":"Liars Game","player_choice":"disagreed","floor":4,"damage_taken":0},{"event_name":"Big Fish","player_choice":"Donut","floor":14,"damage_taken":0},{"event_name":"The Library","player_choice":"Read","floor":19,"damage_taken":0}],"is_beta":true,"boss_relics":[{"not_picked":["Fusion Hammer","Pandora\u0027s Box"],"picked":"Ectoplasm"}],"items_purged_floors":[],"is_endless":false,"potions_floor_spawned":[1,2,5,7,10,12,16,18,20,21,22,23],"killed_by":"Snake Plant","ascension_level":9}