{"gold_per_floor":[119,119,119,44,59,86,86,115,115,128,128,142,122,155,155,155],"floor_reached":16,"playtime":322,"items_purged":["Defend_R"],"score":286,"play_id":"2f32298e-8e37-4cea-8e8a-52b6b24dd1da","local_time":"20190407224837","is_ascension_mode":true,"campfire_choices":[{"data":"Sword Boomerang","floor":7,"key":"SMITH"},{"floor":11,"key":"REST"},{"floor":15,"key":"REST"}],"neow_cost":"NONE","seed_source_timestamp":28297021069700,"circlet_count":0,"master_deck":["AscendersBane","Strike_R","Strike_R","Strike_R","Strike_R","Strike_R","Defend_R","Defend_R","Defend_R","Bash+1","Sword Boomerang+1","Sword Boomerang","Heavy Blade"],"relics":["Burning Blood","NeowsBlessing","Pocketwatch","Bronze Scales","Oddly Smooth Stone","Pear","Blood Vial"],"potions_floor_usage":[14],"damage_taken":[{"damage":0,"enemies":"Jaw Worm","floor":1,"turns":1},{"damage":0,"enemies":"2 Louse","floor":5,"turns":1},{"damage":0,"enemies":"Lagavulin","floor":6,"turns":1},{"damage":32,"enemies":"Gremlin Nob","floor":8,"turns":4},{"damage":0,"enemies":"Small Slimes","floor":10,"turns":2},{"damage":27,"enemies":"Exordium Thugs","floor":12,"turns":3},{"damage":36,"enemies":"3 Sentries","floor":14,"turns":7},{"damage":68,"enemies":"Slime Boss","floor":16,"turns":8}],"seed_played":"-2557559825217835783","potions_obtained":[{"floor":5,"key":"Dexterity Potion"},{"floor":6,"key":"Dexterity Potion"}],"is_trial":false,"path_per_floor":["M","?","?","$","M","E","R","E","T","M","R","M","?","E","R","B"],"character_chosen":"IRONCLAD","items_purchased":[],"campfire_rested":2,"item_purchase_floors":[],"current_hp_per_floor":[74,56,56,56,62,68,68,42,52,58,83,62,62,32,57,0],"gold":155,"neow_bonus":"THREE_ENEMY_KILL","is_prod":false,"is_daily":false,"chose_seed":false,"campfire_upgraded":1,"win_rate":0,"timestamp":1554670117,"path_taken":["M","?","?","$","?","E","R","E","T","M","R","M","?","E","R","BOSS"],"build_version":"2019-04-04","purchased_purges":1,"victory":false,"max_hp_per_floor":[75,75,75,75,75,75,75,75,85,85,85,85,85,85,85,85],"card_choices":[{"not_picked":["True Grit","Havoc","Entrench"],"picked":"SKIP","floor":1},{"not_picked":["Flex","Twin Strike"],"picked":"Sword Boomerang","floor":5},{"not_picked":["Armaments","Dropkick","Fire Breathing"],"picked":"SKIP","floor":6},{"not_picked":["Rampage","Clash","Feel No Pain"],"picked":"SKIP","floor":8},{"not_picked":["Wild Strike","Seeing Red","Fire Breathing"],"picked":"SKIP","floor":10},{"not_picked":["Second Wind","Pommel Strike"],"picked":"Sword Boomerang","floor":12},{"not_picked":["Burning Pact","Flame Barrier"],"picked":"Heavy Blade","floor":14}],"player_experience":1344876,"relics_obtained":[{"floor":6,"key":"Bronze Scales"},{"floor":8,"key":"Oddly Smooth Stone"},{"floor":9,"key":"Pear"},{"floor":14,"key":"Blood Vial"}],"event_choices":[{"damage_healed":0,"gold_gain":0,"player_choice":"Success","damage_taken":18,"relics_obtained":["Pocketwatch"],"max_hp_gain":0,"max_hp_loss":0,"event_name":"Scrap Ooze","floor":2,"gold_loss":0},{"damage_healed":0,"gold_gain":0,"player_choice":"Grow","damage_taken":0,"max_hp_gain":0,"max_hp_loss":0,"event_name":"Living Wall","floor":3,"gold_loss":0,"cards_upgraded":["Bash"]},{"damage_healed":0,"gold_gain":0,"player_choice":"Bought 1 Potion","damage_taken":0,"max_hp_gain":0,"max_hp_loss":0,"event_name":"The Woman in Blue","floor":13,"gold_loss":0}],"is_beta":true,"boss_relics":[],"items_purged_floors":[4],"is_endless":false,"potions_floor_spawned":[5,6,10],"killed_by":"Slime Boss","ascension_level":20}