{"gold_per_floor":[111,186,186,186,206,206,206,216,216,229,244,244,263,62,62,62],"floor_reached":16,"playtime":411,"items_purged":[],"score":184,"play_id":"9861546b-fbdd-4824-9150-c4984b229bff","local_time":"20190423225813","is_ascension_mode":true,"campfire_choices":[{"data":"Bash","floor":6.0,"key":"SMITH"},{"data":"Immolate","floor":12.0,"key":"SMITH"},{"data":"True Grit","floor":15.0,"key":"SMITH"}],"neow_cost":"CURSE","seed_source_timestamp":0,"circlet_count":0,"master_deck":["AscendersBane","Strike_R","Strike_R","Strike_R","Strike_R","Strike_R","Defend_R","Defend_R","Defend_R","Defend_R","Bash+1","Immolate+1","Sword Boomerang","True Grit+1","Twin Strike","Shrug It Off"],"special_seed":0,"relics":["Burning Blood","Pen Nib","Bird Faced Urn","Omamori"],"potions_floor_usage":[],"damage_taken":[{"damage":0.0,"enemies":"2 Louse","floor":1.0,"turns":1.0},{"damage":6.0,"enemies":"Small Slimes","floor":5.0,"turns":3.0},{"damage":7.0,"enemies":"Jaw Worm","floor":8.0,"turns":3.0},{"damage":4.0,"enemies":"Gremlin Gang","floor":10.0,"turns":4.0},{"damage":17.0,"enemies":"Exordium Thugs","floor":11.0,"turns":4.0},{"damage":7.0,"enemies":"2 Fungi Beasts","floor":13.0,"turns":3.0},{"damage":26,"enemies":"Hexaghost","floor":16,"turns":5}],"seed_played":"5073080889752914553","potions_obtained":[{"floor":5.0,"key":"Explosive Potion"},{"floor":8.0,"key":"SmokeBomb"},{"floor":13.0,"key":"Swift Potion"}],"is_trial":false,"path_per_floor":["M","?","?","?","M","R","?","M","T","M","M","R","M","$","R","B"],"character_chosen":"IRONCLAD","items_purchased":["Shrug It Off","Omamori"],"campfire_rested":0,"item_purchase_floors":[14,14],"current_hp_per_floor":[74,63,56,56,56,56,56,55,55,57,46,46,45,45,45,19],"gold":62,"neow_bonus":"THREE_RARE_CARDS","is_prod":false,"is_daily":false,"chose_seed":false,"campfire_upgraded":3,"win_rate":0,"timestamp":1556053093,"path_taken":["M","?","?","?","M","R","?","M","T","M","M","R","?","$","R","BOSS"],"build_version":"2019-04-21","purchased_purges":0,"victory":false,"max_hp_per_floor":[75,75,75,75,75,75,75,75,75,75,75,75,75,75,75,75],"card_choices":[{"not_picked":["Berserk","Barricade"],"picked":"Immolate","floor":0.0},{"not_picked":["Rage","Fire Breathing"],"picked":"Sword Boomerang","floor":1.0},{"not_picked":["Infernal Blade","Headbutt"],"picked":"True Grit","floor":5.0},{"not_picked":["Clothesline","Intimidate","True Grit"],"picked":"SKIP","floor":8.0},{"not_picked":["Second Wind","Intimidate","Berserk"],"picked":"SKIP","floor":10.0},{"not_picked":["Warcry","Sentinel"],"picked":"Twin Strike","floor":11.0},{"not_picked":["Anger","Headbutt","True Grit"],"picked":"SKIP","floor":13.0}],"player_experience":1410773,"relics_obtained":[{"floor":9.0,"key":"Bird Faced Urn"}],"event_choices":[{"damage_healed":0.0,"max_hp_gain":0.0,"max_hp_loss":0.0,"gold_gain":75.0,"event_name":"World of Goop","player_choice":"Gather Gold","floor":2.0,"gold_loss":0.0,"damage_taken":11.0},{"cards_removed":["Writhe"],"damage_healed":0.0,"max_hp_gain":0.0,"max_hp_loss":0.0,"gold_gain":0.0,"event_name":"Golden Wing","player_choice":"Card Removal","floor":3.0,"gold_loss":0.0,"damage_taken":7.0},{"damage_healed":0.0,"max_hp_gain":0.0,"max_hp_loss":0.0,"gold_gain":0.0,"event_name":"Big Fish","player_choice":"Box","floor":4.0,"gold_loss":0.0,"damage_taken":0.0,"relics_obtained":["Pen Nib"],"cards_obtained":["Regret"]},{"cards_removed":["Regret"],"damage_healed":0.0,"max_hp_gain":0.0,"max_hp_loss":0.0,"gold_gain":0.0,"event_name":"Living Wall","player_choice":"Forget","floor":7.0,"gold_loss":0.0,"damage_taken":0.0}],"is_beta":true,"boss_relics":[],"items_purged_floors":[],"is_endless":false,"potions_floor_spawned":[5,8,10,13],"killed_by":"Hexaghost","ascension_level":20}