{"gold_per_floor":[116,133,150,150,162,162,181,181,181,181,200,200,213,227,227,323,323,338,191,202,202,222,222,222,222,222,257,270,304,324,324,324,324],"floor_reached":33,"playtime":1220,"items_purged":[],"score":306,"play_id":"cebd330d-092b-4026-9c61-e7dd66181687","local_time":"20190209001641","is_ascension_mode":false,"campfire_choices":[{"data":"Cleave","floor":6.0,"key":"SMITH"},{"data":"Bash","floor":8.0,"key":"SMITH"},{"data":"Clash","floor":10.0,"key":"SMITH"},{"data":"Strike_R","floor":15.0,"key":"SMITH"},{"data":"Pommel Strike","floor":23,"key":"SMITH"},{"data":"RitualDagger","floor":25,"key":"SMITH"},{"floor":32,"key":"REST"}],"neow_cost":"NONE","seed_source_timestamp":0,"circlet_count":0,"master_deck":["Defend_R","Defend_R","Defend_R","Defend_R","Bash+1","Cleave+1","Clash+1","Clash+1","Pommel Strike+1","Bite","Bite","Bite","Bite","Bite+1","RitualDagger+1","Shrug It Off"],"special_seed":0,"relics":["Burning Blood","Boot","Bag of Preparation","Omamori","Black Star","Whetstone","Letter Opener","Singing Bowl","Ancient Tea Set","Juzu Bracelet","Happy Flower"],"potions_floor_usage":[18,20,22,27,29,33],"damage_taken":[{"damage":5.0,"enemies":"Small Slimes","floor":1.0,"turns":6.0},{"damage":1.0,"enemies":"Cultist","floor":2.0,"turns":4.0},{"damage":1.0,"enemies":"Jaw Worm","floor":3.0,"turns":4.0},{"damage":15.0,"enemies":"Looter","floor":5.0,"turns":3.0},{"damage":0.0,"enemies":"Lots of Slimes","floor":7.0,"turns":1.0},{"damage":2.0,"enemies":"Gremlin Gang","floor":11.0,"turns":3.0},{"damage":0.0,"enemies":"3 Louse","floor":13.0,"turns":2.0},{"damage":6.0,"enemies":"Exordium Wildlife","floor":14.0,"turns":3.0},{"damage":29.0,"enemies":"The Guardian","floor":16.0,"turns":11.0},{"damage":17,"enemies":"Spheric Guardian","floor":18,"turns":4},{"damage":20,"enemies":"3 Byrds","floor":20,"turns":5},{"damage":19,"enemies":"Shelled Parasite and Fungi","floor":22,"turns":5},{"damage":36,"enemies":"Book of Stabbing","floor":27,"turns":4},{"damage":5,"enemies":"Centurion and Healer","floor":28,"turns":13},{"damage":32,"enemies":"Gremlin Leader","floor":29,"turns":8},{"damage":42,"enemies":"Sentry and Sphere","floor":30,"turns":6},{"damage":78,"enemies":"Champ","floor":33,"turns":7}],"seed_played":"-794400492117045691","potions_obtained":[{"floor":2.0,"key":"PowerPotion"},{"floor":3.0,"key":"SkillPotion"},{"floor":5.0,"key":"Dexterity Potion"},{"floor":13.0,"key":"SpeedPotion"},{"floor":16.0,"key":"SteroidPotion"},{"floor":18,"key":"Swift Potion"},{"floor":20,"key":"EssenceOfSteel"},{"floor":30,"key":"AttackPotion"}],"is_trial":false,"path_per_floor":["M","M","M","?","M","R","M","R","T","R","M","?","M","M","R","B",null,"M","$","M","?","M","R","?","R","T","E","M","E","M","?","R","B"],"character_chosen":"IRONCLAD","items_purchased":["Whetstone"],"campfire_rested":1,"item_purchase_floors":[19],"current_hp_per_floor":[80,80,80,80,71,71,77,77,77,77,80,80,80,80,80,57,80,69,69,55,55,50,50,44,44,44,26,60,49,29,29,47,0],"gold":324,"neow_bonus":"RANDOM_COMMON_RELIC","is_prod":false,"is_daily":false,"chose_seed":false,"campfire_upgraded":6,"win_rate":0,"timestamp":1549667801,"path_taken":["M","M","M","?","M","R","M","R","T","R","M","?","?","M","R","BOSS","M","$","M","?","M","R","?","R","T","E","M","E","M","?","R","BOSS"],"build_version":"2019-02-06","purchased_purges":0,"victory":false,"max_hp_per_floor":[80,80,80,80,80,80,80,80,80,80,80,80,80,80,80,80,80,80,80,80,56,56,56,56,56,56,58,60,60,62,62,62,62],"card_choices":[{"not_picked":["Wild Strike","Sword Boomerang","Burning Pact"],"picked":"SKIP","floor":1.0},{"not_picked":["Heavy Blade","Havoc","Sentinel"],"picked":"SKIP","floor":2.0},{"not_picked":["Rage","Burning Pact"],"picked":"Cleave","floor":3.0},{"not_picked":["Rage","Spot Weakness","Heavy Blade"],"picked":"SKIP","floor":5.0},{"not_picked":["Sword Boomerang","Headbutt"],"picked":"Clash","floor":7.0},{"not_picked":["Iron Wave","Rage","Clash"],"picked":"SKIP","floor":11.0},{"not_picked":["Anger","Feed","Twin Strike"],"picked":"SKIP","floor":13.0},{"not_picked":["Fire Breathing","Rupture","Warcry"],"picked":"SKIP","floor":14.0},{"not_picked":["Flex","Dropkick"],"picked":"Clash+1","floor":18},{"not_picked":["Havoc","Limit Break"],"picked":"Pommel Strike","floor":20},{"not_picked":["Metallicize+1","Pommel Strike+1","Blood for Blood+1"],"picked":"SKIP","floor":22},{"not_picked":["Heavy Blade","Carnage","Havoc+1"],"picked":"Singing Bowl","floor":27},{"not_picked":["Iron Wave","Offering","Intimidate+1"],"picked":"Singing Bowl","floor":28},{"not_picked":["Metallicize","Armaments"],"picked":"Shrug It Off","floor":29},{"not_picked":["Perfected Strike","Rupture","Twin Strike"],"picked":"Singing Bowl","floor":30}],"player_experience":1128356,"relics_obtained":[{"floor":9.0,"key":"Omamori"},{"floor":26,"key":"Letter Opener"},{"floor":27,"key":"Singing Bowl"},{"floor":27,"key":"Ancient Tea Set"},{"floor":29,"key":"Juzu Bracelet"},{"floor":29,"key":"Happy Flower"}],"event_choices":[{"damage_healed":0.0,"max_hp_gain":0.0,"max_hp_loss":0.0,"gold_gain":0.0,"event_name":"Big Fish","player_choice":"Box","floor":4.0,"gold_loss":0.0,"damage_taken":0.0,"relics_obtained":["Bag of Preparation"],"cards_obtained":["Regret"]},{"cards_removed":["Regret"],"damage_healed":0.0,"max_hp_gain":0.0,"max_hp_loss":0.0,"gold_gain":0.0,"event_name":"Fountain of Cleansing","player_choice":"Removed Curses","floor":12.0,"gold_loss":0.0,"damage_taken":0.0},{"damage_healed":0,"gold_gain":0,"player_choice":"Became a vampire","damage_taken":0,"max_hp_gain":0,"max_hp_loss":24,"event_name":"Vampires","floor":21,"gold_loss":0,"cards_obtained":["Bite","Bite","Bite","Bite","Bite"]},{"damage_healed":0,"gold_gain":0,"player_choice":"Joined the Cult","damage_taken":6,"max_hp_gain":0,"max_hp_loss":0,"event_name":"Nest","floor":24,"gold_loss":0,"cards_obtained":["RitualDagger"]},{"damage_healed":0,"gold_gain":0,"player_choice":"Upgraded","damage_taken":0,"max_hp_gain":0,"max_hp_loss":0,"event_name":"Upgrade Shrine","floor":31,"gold_loss":0,"cards_upgraded":["Bite"]}],"is_beta":true,"boss_relics":[{"not_picked":["Sozu","Pandora\u0027s Box"],"picked":"Black Star"}],"items_purged_floors":[],"is_endless":false,"potions_floor_spawned":[2,3,5,13,16,18,20,30],"killed_by":"Champ","ascension_level":0}