{"gold_per_floor":[110,125,136,147,147,147,147,147,147,181,198,214,214,232,232,232],"floor_reached":16,"playtime":1059,"items_purged":[],"score":151,"play_id":"1c838941-3b5a-4b53-a5e0-c31ffd9a726f","local_time":"20190318133946","is_ascension_mode":true,"campfire_choices":[{"data":"Corpse Explosion","floor":6,"key":"SMITH"},{"floor":13,"key":"REST"},{"floor":15,"key":"REST"}],"neow_cost":"NONE","seed_source_timestamp":2656978390042566,"circlet_count":0,"master_deck":["Defend_G","Defend_G","Defend_G","Defend_G","Defend_G","Strike_G","Strike_G","Strike_G","Strike_G","Strike_G","Survivor","Neutralize","Corpse Explosion+1","Backstab","Predator","Noxious Fumes+1","Crippling Poison","Flechettes","Quick Slash"],"relics":["Ring of the Snake","Darkstone Periapt","Juzu Bracelet","Matryoshka","Question Card"],"potions_floor_usage":[10,11],"damage_taken":[{"damage":0,"enemies":"2 Louse","floor":1,"turns":2},{"damage":1,"enemies":"Small Slimes","floor":2,"turns":3},{"damage":4,"enemies":"Jaw Worm","floor":3,"turns":2},{"damage":6,"enemies":"Exordium Wildlife","floor":4,"turns":3},{"damage":21,"enemies":"Lagavulin","floor":10,"turns":7},{"damage":4,"enemies":"Blue Slaver","floor":11,"turns":3},{"damage":10,"enemies":"3 Louse","floor":12,"turns":3},{"damage":16,"enemies":"Large Slime","floor":14,"turns":7},{"damage":37,"enemies":"Slime Boss","floor":16,"turns":7}],"seed_played":"4957683804066456361","potions_obtained":[{"floor":2,"key":"Dexterity Potion"},{"floor":10,"key":"AttackPotion"},{"floor":14,"key":"AttackPotion"}],"is_trial":false,"path_per_floor":["M","M","M","M","?","R","?","T","T","E","M","M","R","M","R","B"],"character_chosen":"THE_SILENT","items_purchased":[],"campfire_rested":2,"item_purchase_floors":[],"current_hp_per_floor":[63,62,58,52,52,52,40,40,40,19,15,5,26,10,31,0],"gold":232,"neow_bonus":"ONE_RANDOM_RARE_CARD","is_prod":false,"is_daily":false,"chose_seed":false,"campfire_upgraded":1,"win_rate":0,"timestamp":1552894786,"path_taken":["M","M","M","M","?","R","?","?","T","E","M","M","R","M","R","BOSS"],"build_version":"2019-01-23","purchased_purges":0,"victory":false,"max_hp_per_floor":[70,70,70,70,70,70,70,70,70,70,70,70,70,70,70,70],"card_choices":[{"not_picked":["Slice","Dodge and Roll"],"picked":"Backstab","floor":1},{"not_picked":["Deadly Poison","Dodge and Roll"],"picked":"Predator","floor":2},{"not_picked":["Reflex","Blade Dance","Sucker Punch"],"picked":"SKIP","floor":3},{"not_picked":["Flying Knee","Cloak And Dagger"],"picked":"Noxious Fumes","floor":4},{"not_picked":["Venomology","Sucker Punch","Blade Dance"],"picked":"SKIP","floor":10},{"not_picked":["Infinite Blades","Bouncing Flask","Noxious Fumes"],"picked":"Crippling Poison","floor":11},{"not_picked":["Prepared","Slice","Sucker Punch"],"picked":"Flechettes","floor":12},{"not_picked":["Terror","Crippling Poison","Dagger Spray"],"picked":"Quick Slash","floor":14}],"player_experience":1004360,"relics_obtained":[{"floor":8,"key":"Juzu Bracelet"},{"floor":9,"key":"Matryoshka"},{"floor":10,"key":"Question Card"}],"event_choices":[{"damage_healed":0,"gold_gain":0,"player_choice":"Grow","damage_taken":0,"max_hp_gain":0,"max_hp_loss":0,"event_name":"Living Wall","floor":5,"gold_loss":0,"cards_upgraded":["Noxious Fumes"]},{"damage_healed":0,"gold_gain":0,"player_choice":"Success","damage_taken":12,"relics_obtained":["Darkstone Periapt"],"max_hp_gain":0,"max_hp_loss":0,"event_name":"Scrap Ooze","floor":7,"gold_loss":0}],"is_beta":false,"boss_relics":[],"items_purged_floors":[],"is_endless":false,"potions_floor_spawned":[2,10,14],"killed_by":"Slime Boss","ascension_level":9}