{"gold_per_floor":[116,134,39,39,39,39,65,65,112,112,123,123,123,205,205,279,279,291,306,306,145,145,145],"floor_reached":23,"playtime":876,"items_purged":["Strike_B"],"score":494,"play_id":"f2a9e620-840d-46c4-b25b-03287675515a","local_time":"20190417151309","is_ascension_mode":true,"campfire_choices":[{"floor":6,"key":"REST"},{"floor":10,"key":"REST"},{"floor":12,"key":"REST"},{"floor":15,"key":"REST"}],"neow_cost":"NONE","seed_source_timestamp":1400048104532960,"circlet_count":0,"master_deck":["AscendersBane","Strike_B+1","Strike_B","Defend_B","Defend_B","Defend_B","Defend_B","Zap","Dualcast","Hologram+1","Cold Snap","BootSequence","Reinforced Body+1","Undo","Doom and Gloom","BootSequence","Redo","Coolheaded","BootSequence","Genetic Algorithm"],"relics":["Cracked Core","NeowsBlessing","Incense Burner","Bronze Scales","Dream Catcher","Bottled Flame","Sozu"],"potions_floor_usage":[16,23,23],"damage_taken":[{"damage":0,"enemies":"Jaw Worm","floor":1,"turns":1},{"damage":0,"enemies":"Small Slimes","floor":2,"turns":1},{"damage":0,"enemies":"Gremlin Nob","floor":7,"turns":1},{"damage":0,"enemies":"2 Louse","floor":11,"turns":2},{"damage":0,"enemies":"Slime Boss","floor":16,"turns":5},{"damage":0,"enemies":"3 Byrds","floor":18,"turns":3},{"damage":1,"enemies":"Chosen","floor":19,"turns":6},{"damage":74,"enemies":"Gremlin Leader","floor":23,"turns":10}],"seed_played":"2134573171831334389","potions_obtained":[{"floor":7,"key":"FocusPotion"},{"floor":16,"key":"Explosive Potion"}],"is_trial":false,"path_per_floor":["M","M","$","?","$","R","E","?","T","R","M","R","?","T","R","B",null,"M","M","?","$","?","E"],"character_chosen":"DEFECT","items_purchased":["BootSequence","Swift Potion","Genetic Algorithm"],"campfire_rested":4,"item_purchase_floors":[3,3,21],"current_hp_per_floor":[64,64,64,8,8,29,29,29,29,50,50,71,50,50,71,71,71,71,70,70,70,70,0],"gold":145,"neow_bonus":"THREE_ENEMY_KILL","is_prod":false,"is_daily":false,"chose_seed":false,"campfire_upgraded":0,"win_rate":0,"timestamp":1555492389,"path_taken":["M","M","$","?","$","R","E","?","T","R","M","R","?","?","R","BOSS","M","M","?","?","?","E"],"build_version":"2019-01-23","purchased_purges":1,"victory":false,"max_hp_per_floor":[71,71,71,71,71,71,71,71,71,71,71,71,71,71,71,71,71,71,71,71,71,71,71],"card_choices":[{"not_picked":["Stack","Heatsinks"],"picked":"Hologram","floor":1},{"not_picked":["Ball Lightning","Melter"],"picked":"Cold Snap","floor":2},{"not_picked":["Sweeping Beam","Barrage"],"picked":"Reinforced Body","floor":7},{"not_picked":["Redo","Rebound"],"picked":"Undo","floor":10},{"not_picked":["Rip and Tear","Reinforced Body","Steam Power"],"picked":"SKIP","floor":11},{"not_picked":["Reprogram","Compile Driver"],"picked":"Doom and Gloom","floor":12},{"not_picked":["Buffer","Streamline"],"picked":"BootSequence","floor":15},{"not_picked":["Streamline","Stack"],"picked":"Redo","floor":18},{"not_picked":["Beam Cell","Compile Driver"],"picked":"Coolheaded","floor":19}],"player_experience":1171701,"relics_obtained":[{"floor":7,"key":"Bronze Scales"},{"floor":9,"key":"Dream Catcher"},{"floor":14,"key":"Bottled Flame"}],"event_choices":[{"damage_healed":0,"gold_gain":0,"player_choice":"Success","damage_taken":56,"relics_obtained":["Incense Burner"],"max_hp_gain":0,"max_hp_loss":0,"event_name":"Scrap Ooze","floor":4,"gold_loss":0},{"cards_removed":["Strike_B"],"damage_healed":0,"gold_gain":0,"player_choice":"Forget","damage_taken":0,"max_hp_gain":0,"max_hp_loss":0,"event_name":"Living Wall","floor":8,"gold_loss":0},{"damage_healed":0,"gold_gain":0,"player_choice":"Entered Light","damage_taken":21,"max_hp_gain":0,"max_hp_loss":0,"event_name":"Shining Light","floor":13,"gold_loss":0,"cards_upgraded":["Strike_B","Reinforced Body"]},{"damage_healed":0,"gold_gain":0,"player_choice":"1 cards matched","damage_taken":0,"max_hp_gain":0,"max_hp_loss":0,"event_name":"Match and Keep!","floor":20,"gold_loss":0,"cards_obtained":["BootSequence"]},{"damage_healed":0,"gold_gain":0,"player_choice":"Upgraded","damage_taken":0,"max_hp_gain":0,"max_hp_loss":0,"event_name":"Upgrade Shrine","floor":22,"gold_loss":0,"cards_upgraded":["Hologram"]}],"is_beta":false,"boss_relics":[{"not_picked":["Ectoplasm","Runic Dome"],"picked":"Sozu"}],"items_purged_floors":[21],"is_endless":false,"potions_floor_spawned":[7,16,19],"killed_by":"Gremlin Leader","ascension_level":18}