{"gold_per_floor":[116,116,116,266,266,266,295,295,295,320,44,73,73,90,90,163,163,179,179,179,193,213,226,226,151,151,168,184,184,194,212,212,212],"floor_reached":33,"playtime":1366,"items_purged":["Decay"],"score":630,"play_id":"a94b5403-663b-4c5a-be51-89589ede904e","local_time":"20190113234505","is_ascension_mode":true,"campfire_choices":[{"data":"Neutralize","floor":6,"key":"SMITH"},{"data":"Terror","floor":8,"key":"SMITH"},{"floor":15,"key":"REST"},{"data":"Dagger Spray","floor":24,"key":"SMITH"},{"floor":29,"key":"REST"},{"floor":32,"key":"REST"}],"neow_cost":"NONE","seed_source_timestamp":358208680374800,"circlet_count":0,"master_deck":["AscendersBane","Defend_G","Defend_G","Defend_G+1","Strike_G","Strike_G","Strike_G+1","Strike_G","Survivor","Neutralize+1","Terror+1","Backflip","Dagger Spray+1","Flying Knee","Adrenaline","Bane+1","Finisher+1","Unload+1","Sucker Punch+1","Dodge and Roll","Tools of the Trade","Backflip","Dash","Footwork+1"],"relics":["Ring of the Snake","NeowsBlessing","Strawberry","Vajra","Bird Faced Urn","Potion Belt","Ninja Scroll","Blue Candle","Astrolabe","Sundial"],"potions_floor_usage":[12,16,27,31,33,33],"damage_taken":[{"damage":0,"enemies":"Jaw Worm","floor":1,"turns":1},{"damage":0,"enemies":"3 Sentries","floor":7,"turns":1},{"damage":0,"enemies":"Lagavulin","floor":10,"turns":1},{"damage":12,"enemies":"3 Sentries","floor":12,"turns":7},{"damage":0,"enemies":"Small Slimes","floor":14,"turns":1},{"damage":42,"enemies":"Hexaghost","floor":16,"turns":11},{"damage":0,"enemies":"Spheric Guardian","floor":18,"turns":1},{"damage":0,"enemies":"2 Thieves","floor":21,"turns":2},{"damage":8,"enemies":"Centurion and Healer","floor":22,"turns":5},{"damage":1,"enemies":"Sentry and Sphere","floor":23,"turns":2},{"damage":6,"enemies":"3 Cultists","floor":27,"turns":4},{"damage":5,"enemies":"Centurion and Healer","floor":28,"turns":3},{"damage":29,"enemies":"Shelled Parasite and Fungi","floor":30,"turns":5},{"damage":26,"enemies":"Snake Plant","floor":31,"turns":4},{"damage":38,"enemies":"Champ","floor":33,"turns":10}],"seed_played":"8061424393619894490","potions_obtained":[{"floor":1,"key":"Explosive Potion"},{"floor":12,"key":"Swift Potion"},{"floor":18,"key":"GamblersBrew"},{"floor":20,"key":"Strength Potion"},{"floor":20,"key":"Poison Potion"},{"floor":23,"key":"EssenceOfSteel"},{"floor":28,"key":"FearPotion"},{"floor":31,"key":"Explosive Potion"}],"is_trial":false,"path_per_floor":["M","?","$","?","?","R","E","R","T","E","$","E","?","M","R","B",null,"M","?","?","M","M","M","R","$","T","M","M","R","M","M","R","B"],"character_chosen":"THE_SILENT","items_purchased":["Ninja Scroll"],"campfire_rested":3,"item_purchase_floors":[11],"current_hp_per_floor":[59,39,39,39,41,41,41,41,41,41,41,29,29,29,50,8,57,57,57,57,57,49,48,48,48,48,42,39,60,33,9,30,0],"gold":212,"neow_bonus":"THREE_ENEMY_KILL","is_prod":false,"is_daily":false,"chose_seed":false,"campfire_upgraded":3,"win_rate":0,"timestamp":1547419505,"path_taken":["M","?","$","?","?","R","E","R","T","E","$","E","?","M","R","BOSS","M","?","?","M","M","M","R","$","T","M","M","R","M","M","R","BOSS"],"build_version":"2019-01-10","purchased_purges":1,"victory":false,"max_hp_per_floor":[66,66,66,66,73,73,73,73,73,73,73,73,73,73,73,73,73,73,73,73,73,73,73,73,73,73,73,73,73,73,73,73,73],"card_choices":[{"not_picked":["Flechettes","PiercingWail","Dagger Throw"],"picked":"SKIP","floor":1},{"not_picked":["Bane","Underhanded Strike"],"picked":"Terror","floor":7},{"not_picked":["All Out Attack","Bullet Time"],"picked":"Backflip","floor":10},{"not_picked":["Blade Dance","Underhanded Strike"],"picked":"Dagger Spray","floor":12},{"not_picked":["Poisoned Stab","Expertise"],"picked":"Flying Knee","floor":14},{"not_picked":["Bullet Time","Unload"],"picked":"Adrenaline","floor":16},{"not_picked":["Quick Slash","Choke+1"],"picked":"Sucker Punch+1","floor":18},{"not_picked":["Slice","Bane+1"],"picked":"Dodge and Roll","floor":21},{"not_picked":["Sucker Punch","Crippling Poison+1"],"picked":"Tools of the Trade","floor":22},{"not_picked":["All Out Attack","Bane","Dagger Throw"],"picked":"SKIP","floor":23},{"not_picked":["Quick Slash","Masterful Stab","Dagger Throw"],"picked":"SKIP","floor":27},{"not_picked":["Terror","Dagger Spray","Backflip"],"picked":"SKIP","floor":28},{"not_picked":["Terror","Dagger Spray"],"picked":"Backflip","floor":28},{"not_picked":["Bane","Concentrate"],"picked":"Dash","floor":30},{"not_picked":["Accuracy","Distraction"],"picked":"Footwork+1","floor":31}],"player_experience":1033742,"relics_obtained":[{"floor":7,"key":"Vajra"},{"floor":9,"key":"Bird Faced Urn"},{"floor":10,"key":"Potion Belt"},{"floor":12,"key":"Blue Candle"},{"floor":26,"key":"Sundial"}],"event_choices":[{"damage_healed":0,"gold_gain":0,"player_choice":"Entered Light","damage_taken":20,"max_hp_gain":0,"max_hp_loss":0,"event_name":"Shining Light","floor":2,"gold_loss":0,"cards_upgraded":["Defend_G","Strike_G"]},{"damage_healed":0,"gold_gain":150,"player_choice":"AGREE","damage_taken":0,"max_hp_gain":0,"max_hp_loss":0,"event_name":"Liars Game","floor":4,"gold_loss":0,"cards_obtained":["Doubt"]},{"damage_healed":0,"gold_gain":0,"player_choice":"Success","damage_taken":5,"relics_obtained":["Strawberry"],"max_hp_gain":0,"max_hp_loss":0,"event_name":"Scrap Ooze","floor":5,"gold_loss":0},{"cards_removed":["Doubt"],"damage_healed":0,"gold_gain":0,"player_choice":"Forget","damage_taken":0,"max_hp_gain":0,"max_hp_loss":0,"event_name":"Living Wall","floor":13,"gold_loss":0},{"damage_healed":0,"gold_gain":0,"player_choice":"Smashed Altar","damage_taken":0,"max_hp_gain":0,"max_hp_loss":0,"event_name":"Forgotten Altar","floor":19,"gold_loss":0,"cards_obtained":["Decay"]},{"damage_healed":0,"gold_gain":0,"player_choice":"Got Potions","damage_taken":0,"max_hp_gain":0,"max_hp_loss":0,"event_name":"Lab","floor":20,"gold_loss":0}],"is_beta":true,"boss_relics":[{"not_picked":["Tiny House","Runic Pyramid"],"picked":"Astrolabe"}],"items_purged_floors":[25],"is_endless":false,"potions_floor_spawned":[1,12,18,23,28,30,31],"killed_by":"Champ","ascension_level":20}