{"gold_per_floor":[114,124,66,86,86,86,86,98,98,98,111,36,1,20,20,94,94,114,114,124,137,137,137,137,148,148,148,161,161,171,43,43,122,122,137,137,37,47,47,10,10,24,24,36,36,51,68,68,68,68],"floor_reached":51,"playtime":4309,"items_purged":["Strike_G","Defend_G"],"score":1232,"play_id":"01bb172e-1dad-485a-9557-c052732f19e1","local_time":"20190503134919","is_ascension_mode":true,"campfire_choices":[{"data":"Crippling Poison","floor":6.0,"key":"SMITH"},{"data":"Prepared","floor":10.0,"key":"SMITH"},{"data":"Footwork","floor":15.0,"key":"SMITH"},{"data":"Calculated Gamble","floor":23.0,"key":"SMITH"},{"floor":27.0,"key":"REST"},{"data":"Tactician","floor":29.0,"key":"SMITH"},{"floor":32.0,"key":"REST"},{"data":"Reflex","floor":41.0,"key":"SMITH"},{"floor":45.0,"key":"RECALL"},{"floor":49,"key":"REST"}],"neow_cost":"TEN_PERCENT_HP_LOSS","seed_source_timestamp":10210978949931,"circlet_count":0,"master_deck":["AscendersBane","Defend_G+1","Defend_G+1","Defend_G+1","Strike_G+1","Survivor+1","Neutralize+1","Crippling Poison+1","Dagger Throw+1","Acrobatics+1","Acrobatics+1","Prepared+1","Dash+1","Footwork+1","Noxious Fumes+1","Malaise+1","Tactician+1","Calculated Gamble+1","After Image+1","Concentrate+1","After Image+1","Calculated Gamble+1","Escape Plan+1","Reflex+1","Acrobatics+1","Backstab+1","Noxious Fumes+1"],"special_seed":0,"relics":["Ring of the Serpent","Tingsha","Bronze Scales","Paper Crane","Cursed Key","Mark of the Bloom"],"potions_floor_usage":[],"damage_taken":[{"damage":0.0,"enemies":"2 Louse","floor":1.0,"turns":3.0},{"damage":1.0,"enemies":"Jaw Worm","floor":2.0,"turns":4.0},{"damage":0.0,"enemies":"Cultist","floor":4.0,"turns":4.0},{"damage":0.0,"enemies":"2 Fungi Beasts","floor":8.0,"turns":3.0},{"damage":3.0,"enemies":"Looter","floor":11.0,"turns":2.0},{"damage":4.0,"enemies":"Exordium Thugs","floor":14.0,"turns":3.0},{"damage":3.0,"enemies":"The Guardian","floor":16.0,"turns":10.0},{"damage":17.0,"enemies":"Spheric Guardian","floor":18.0,"turns":9.0},{"damage":10.0,"enemies":"Chosen","floor":20.0,"turns":6.0},{"damage":11.0,"enemies":"Centurion and Healer","floor":21.0,"turns":10.0},{"damage":3.0,"enemies":"Snake Plant","floor":25.0,"turns":3.0},{"damage":6.0,"enemies":"Shelled Parasite and Fungi","floor":28.0,"turns":5.0},{"damage":1.0,"enemies":"Centurion and Healer","floor":30.0,"turns":6.0},{"damage":21.0,"enemies":"Automaton","floor":33.0,"turns":11.0},{"damage":0.0,"enemies":"3 Shapes","floor":35.0,"turns":5.0},{"damage":3.0,"enemies":"3 Darklings","floor":38.0,"turns":4.0},{"damage":5.0,"enemies":"Transient","floor":42.0,"turns":6.0},{"damage":0.0,"enemies":"Spire Growth","floor":44.0,"turns":3.0},{"damage":0.0,"enemies":"4 Shapes","floor":46.0,"turns":3.0},{"damage":2,"enemies":"Writhing Mass","floor":47,"turns":3},{"damage":0,"enemies":"Time Eater","floor":50,"turns":9}],"seed_played":"8397406778819806219","potions_obtained":[{"floor":1.0,"key":"Swift Potion"},{"floor":2.0,"key":"Explosive Potion"},{"floor":20.0,"key":"SteroidPotion"},{"floor":21.0,"key":"EssenceOfSteel"},{"floor":33.0,"key":"Fire Potion"},{"floor":47,"key":"FearPotion"}],"is_trial":false,"path_per_floor":["M","M","$","M","?","R","?","M","T","R","M","$","?","M","R","B",null,"M","?","M","M","?","R","?","M","T","R","M","R","M","$","R","B",null,"M","?","$","M","?","$","R","M","T","M","R","M","M","?","R","B",null],"character_chosen":"THE_SILENT","items_purchased":["Acrobatics","Footwork","Block Potion","Reflex"],"campfire_rested":3,"item_purchase_floors":[3,12,31,40],"current_hp_per_floor":[59,58,58,58,40,40,40,40,40,40,37,37,52,48,48,45,56,39,39,29,18,18,18,18,15,15,33,27,27,26,26,44,23,51,51,51,51,48,48,48,48,43,43,43,43,43,41,41,41,41],"gold":68,"neow_bonus":"ONE_RARE_RELIC","is_prod":false,"is_daily":false,"chose_seed":false,"campfire_upgraded":6,"win_rate":0,"timestamp":1556858959,"path_taken":["M","M","$","M","?","R","?","M","T","R","?","$","?","M","R","BOSS","M","?","M","M","?","R","?","?","T","R","M","R","M","?","R","BOSS","M","?","?","M","?","$","R","M","T","M","R","M","M","?","R","BOSS"],"build_version":"2019-01-23","purchased_purges":2,"victory":true,"max_hp_per_floor":[60,60,60,60,60,60,60,60,60,60,60,60,60,60,60,60,60,60,60,60,60,60,60,60,60,60,60,60,60,60,60,60,60,60,60,60,60,60,60,60,60,60,60,60,60,60,60,60,60,60],"card_choices":[{"not_picked":["Dodge and Roll","Eviscerate"],"picked":"Crippling Poison","floor":1.0},{"not_picked":["Outmaneuver","Sucker Punch"],"picked":"Dagger Throw","floor":2.0},{"not_picked":["Flying Knee","Poisoned Stab"],"picked":"Acrobatics","floor":4.0},{"not_picked":["Predator","Sucker Punch"],"picked":"Prepared","floor":8.0},{"not_picked":["Distraction","Blade Dance"],"picked":"Dash","floor":11.0},{"not_picked":["PiercingWail","Flying Knee"],"picked":"Noxious Fumes","floor":14.0},{"not_picked":["Wraith Form v2","Bullet Time"],"picked":"Malaise","floor":16.0},{"not_picked":["Eviscerate","Dodge and Roll","Poisoned Stab"],"picked":"SKIP","floor":18.0},{"not_picked":["Choke","Deadly Poison"],"picked":"Tactician","floor":20.0},{"not_picked":["Predator","Bane","Flying Knee"],"picked":"SKIP","floor":21.0},{"not_picked":["Riddle With Holes","Dagger Spray","Infinite Blades"],"picked":"SKIP","floor":25.0},{"not_picked":["PiercingWail","Outmaneuver","Acrobatics"],"picked":"SKIP","floor":28.0},{"not_picked":["Setup","Bane"],"picked":"Concentrate","floor":30.0},{"not_picked":["Bullet Time","Night Terror"],"picked":"After Image","floor":33.0},{"not_picked":["Prepared","Footwork"],"picked":"Calculated Gamble","floor":35.0},{"not_picked":["Crippling Poison+1","Bane"],"picked":"Escape Plan+1","floor":38.0},{"not_picked":["Flying Knee+1","Setup","Underhanded Strike+1"],"picked":"SKIP","floor":42.0},{"not_picked":["PiercingWail","Cloak And Dagger"],"picked":"Acrobatics+1","floor":44.0},{"not_picked":["Cloak And Dagger+1","All Out Attack+1"],"picked":"Backstab+1","floor":46.0},{"not_picked":["Flying Knee+1","Outmaneuver"],"picked":"Noxious Fumes","floor":47}],"player_experience":741092,"relics_obtained":[{"floor":9.0,"key":"Bronze Scales"},{"floor":26.0,"key":"Paper Crane"}],"event_choices":[{"damage_healed":0.0,"max_hp_gain":0.0,"max_hp_loss":0.0,"gold_gain":0.0,"event_name":"Shining Light","player_choice":"Entered Light","floor":5.0,"gold_loss":0.0,"damage_taken":18.0,"cards_upgraded":["Neutralize","Strike_G"]},{"cards_removed":["Strike_G"],"damage_healed":0.0,"max_hp_gain":0.0,"max_hp_loss":0.0,"gold_gain":0.0,"event_name":"Bonfire Elementals","player_choice":"Offered Basic","floor":7.0,"gold_loss":0.0,"damage_taken":0.0},{"damage_healed":15.0,"max_hp_gain":0.0,"max_hp_loss":0.0,"gold_gain":0.0,"event_name":"The Cleric","player_choice":"Healed","floor":13.0,"gold_loss":35.0,"damage_taken":0.0},{"damage_healed":0.0,"max_hp_gain":0.0,"max_hp_loss":0.0,"gold_gain":0.0,"event_name":"Cursed Tome","player_choice":"Ignored","floor":19.0,"gold_loss":0.0,"damage_taken":0.0},{"damage_healed":0.0,"max_hp_gain":0.0,"max_hp_loss":0.0,"gold_gain":0.0,"cards_transformed":["Strike_G","Defend_G"],"event_name":"Drug Dealer","player_choice":"Became Test Subject","floor":22.0,"gold_loss":0.0,"damage_taken":0.0,"cards_obtained":["Calculated Gamble","After Image"]},{"damage_healed":0.0,"max_hp_gain":0.0,"max_hp_loss":0.0,"gold_gain":0.0,"event_name":"Vampires","player_choice":"Ignored","floor":24.0,"gold_loss":0.0,"damage_taken":0.0},{"cards_removed":["Strike_G"],"damage_healed":0.0,"max_hp_gain":0.0,"max_hp_loss":0.0,"gold_gain":0.0,"event_name":"Purifier","player_choice":"Purged","floor":36.0,"gold_loss":0.0,"damage_taken":0.0},{"damage_healed":0.0,"max_hp_gain":0.0,"max_hp_loss":0.0,"gold_gain":0.0,"event_name":"MindBloom","player_choice":"Upgrade","floor":39.0,"gold_loss":0.0,"damage_taken":0.0,"cards_upgraded":["Defend_G","Defend_G","Defend_G","Survivor","Dagger Throw","Acrobatics","Acrobatics","Dash","Noxious Fumes","Malaise","After Image","Concentrate","After Image","Calculated Gamble"],"relics_obtained":["Mark of the Bloom"]},{"damage_healed":0,"gold_gain":0,"player_choice":"Forge","damage_taken":0,"max_hp_gain":0,"max_hp_loss":0,"event_name":"Accursed Blacksmith","floor":48,"gold_loss":0,"cards_upgraded":["Noxious Fumes"]}],"is_beta":false,"boss_relics":[{"not_picked":["White Beast Statue","Tiny House"],"picked":"Ring of the Serpent"},{"not_picked":["Calling Bell","Eternal Feather"],"picked":"Cursed Key"}],"items_purged_floors":[31,37],"is_endless":false,"potions_floor_spawned":[1,2,4,8,20,21,33,35,47],"ascension_level":17}