{"gold_per_floor":[117,117,117,117,130,157,169,31,57,72,97,108,108,142,142,238,238,250,285,285,304,319,319,344,344,397,428,2,2,2,17,17,115,115,134,234,234,83,305,305,42,42,42,42,58,76,76,76,76,76],"floor_reached":50,"playtime":5314,"items_purged":["Strike_G"],"score":800,"play_id":"7be6f0dc-ec8b-41aa-954a-66777dada780","local_time":"20190415190728","is_ascension_mode":true,"campfire_choices":[{"floor":7,"key":"REST"},{"floor":15,"key":"REST"},{"floor":23,"key":"REST"},{"floor":25,"key":"REST"},{"floor":30,"key":"REST"},{"data":"Calculated Gamble","floor":32,"key":"SMITH"},{"floor":40,"key":"REST"},{"floor":42,"key":"DIG"},{"floor":47,"key":"REST"},{"data":"After Image","floor":49,"key":"SMITH"}],"neow_cost":"NONE","seed_source_timestamp":1236870214242543,"circlet_count":0,"master_deck":["Defend_G","Defend_G+1","Defend_G","Defend_G","Strike_G","Strike_G","Strike_G","Survivor","Neutralize+1","Sucker Punch","Dagger Throw","All Out Attack","Acrobatics","Leg Sweep","After Image+1","Prepared","After Image+1","Well Laid Plans","Noxious Fumes","Deflect","Reflex","Infinite Blades","Underhanded Strike","Blur","Flechettes","Heel Hook+1","After Image+1","Calculated Gamble+1","Bullet Time","Calculated Gamble","Envenom","Prepared+1","Tactician","Underhanded Strike","Concentrate","Well Laid Plans","Catalyst","Cloak And Dagger+1"],"relics":["Ring of the Snake","NeowsBlessing","Art of War","MawBank","PreservedInsect","Shovel","Gremlin Horn","Orrery","Red Mask","Dodecahedron","Tiny Chest","Regal Pillow","Strawberry","DollysMirror","Lizard Tail","WingedGreaves","Blood Vial","Potion Belt","Happy Flower","Shuriken"],"potions_floor_usage":[11,14,16,16,16,19,19,27,33,46,46,46,50],"damage_taken":[{"damage":0,"enemies":"Jaw Worm","floor":1,"turns":1},{"damage":0,"enemies":"2 Louse","floor":5,"turns":1},{"damage":0,"enemies":"Lagavulin","floor":6,"turns":1},{"damage":5,"enemies":"Small Slimes","floor":10,"turns":4},{"damage":13,"enemies":"3 Sentries","floor":11,"turns":5},{"damage":2,"enemies":"Blue Slaver","floor":12,"turns":4},{"damage":13,"enemies":"Lagavulin","floor":14,"turns":5},{"damage":17,"enemies":"The Guardian","floor":16,"turns":19},{"damage":9,"enemies":"3 Byrds","floor":18,"turns":6},{"damage":43,"enemies":"Masked Bandits","floor":19,"turns":6},{"damage":4,"enemies":"Shell Parasite","floor":21,"turns":10},{"damage":27,"enemies":"Cultist and Chosen","floor":22,"turns":9},{"damage":38,"enemies":"Book of Stabbing","floor":24,"turns":8},{"damage":38,"enemies":"Gremlin Leader","floor":27,"turns":7},{"damage":1,"enemies":"Shelled Parasite and Fungi","floor":31,"turns":7},{"damage":43,"enemies":"Collector","floor":33,"turns":16},{"damage":34,"enemies":"3 Darklings","floor":35,"turns":11},{"damage":12,"enemies":"Mind Bloom Boss Battle","floor":36,"turns":11},{"damage":3,"enemies":"Orb Walker","floor":45,"turns":7},{"damage":41,"enemies":"Spire Growth","floor":46,"turns":8},{"damage":117,"enemies":"Donu and Deca","floor":50,"turns":10}],"seed_played":"-6144221085543671129","potions_obtained":[{"floor":5,"key":"Poison Potion"},{"floor":6,"key":"Energy Potion"},{"floor":12,"key":"Fire Potion"},{"floor":14,"key":"Fire Potion"},{"floor":16,"key":"Poison Potion"},{"floor":18,"key":"SkillPotion"},{"floor":22,"key":"FearPotion"},{"floor":24,"key":"Poison Potion"},{"floor":45,"key":"Regen Potion"},{"floor":46,"key":"FearPotion"}],"is_trial":false,"path_per_floor":["M","?","?","?","M","E","R","$","T","M","E","M","?","E","R","B",null,"M","?","?","M","M","R","E","R","T","E","$","?","R","M","R","B",null,"M","?","?","$","?","R","$","R","T","?","M","M","R","T","R","B"],"character_chosen":"THE_SILENT","items_purchased":["Acrobatics","Fire Potion","Strawberry","DollysMirror","Calculated Gamble","Underhanded Strike","LiquidBronze","Dexterity Potion","Blood Vial","Concentrate","Well Laid Plans"],"campfire_rested":7,"item_purchase_floors":[8,8,28,28,28,38,38,38,41,41,41],"current_hp_per_floor":[63,56,42,35,35,35,56,56,56,51,38,36,36,23,44,27,59,50,7,70,66,39,60,22,43,43,5,12,12,50,49,49,6,59,25,13,13,13,13,51,51,51,51,51,50,26,64,64,64,0],"gold":76,"neow_bonus":"THREE_ENEMY_KILL","is_prod":false,"is_daily":false,"chose_seed":false,"campfire_upgraded":2,"win_rate":0,"timestamp":1555333648,"path_taken":["M","?","?","?","M","E","R","$","T","M","E","?","?","E","R","BOSS","M","?","?","M","?","R","E","R","T","E","$","?","R","?","R","BOSS","M","?","?","$","?","R","$","R","T","?","M","M","R","?","R","BOSS"],"build_version":"2019-01-23","purchased_purges":1,"victory":false,"max_hp_per_floor":[70,70,70,70,70,70,70,70,70,70,70,70,70,70,70,70,70,70,70,70,70,70,70,70,70,70,70,77,77,77,77,77,77,77,77,77,77,77,77,77,77,77,77,77,77,77,77,77,77,77],"card_choices":[{"not_picked":["Flying Knee","Deadly Poison"],"picked":"Sucker Punch","floor":1},{"not_picked":["Dodge and Roll","Flying Knee"],"picked":"Dagger Throw","floor":5},{"not_picked":["Prepared","Dagger Throw"],"picked":"All Out Attack","floor":6},{"not_picked":["Outmaneuver","Sucker Punch"],"picked":"Leg Sweep","floor":10},{"not_picked":["Outmaneuver","Dagger Throw","Bane"],"picked":"SKIP","floor":11},{"not_picked":["Cloak And Dagger","Prepared"],"picked":"After Image","floor":12},{"not_picked":["Flying Knee","A Thousand Cuts"],"picked":"Prepared","floor":14},{"not_picked":["Storm of Steel","Adrenaline"],"picked":"After Image","floor":16},{"not_picked":["Cloak And Dagger","Sucker Punch"],"picked":"Well Laid Plans","floor":17},{"not_picked":["Slice","PiercingWail"],"picked":"Noxious Fumes","floor":17},{"not_picked":["Crippling Poison","Setup"],"picked":"Deflect","floor":17},{"not_picked":["Noxious Fumes","Endless Agony"],"picked":"Reflex","floor":17},{"not_picked":["Die Die Die","Slice"],"picked":"Infinite Blades","floor":17},{"not_picked":["Acrobatics+1","Deadly Poison+1"],"picked":"Underhanded Strike","floor":18},{"not_picked":["Prepared","Poisoned Stab+1"],"picked":"Infinite Blades","floor":21},{"not_picked":["Slice","Malaise"],"picked":"Blur","floor":22},{"not_picked":["Distraction","Blade Dance"],"picked":"Flechettes","floor":24},{"not_picked":["Quick Slash","Flechettes"],"picked":"Heel Hook+1","floor":27},{"not_picked":["PiercingWail","All Out Attack"],"picked":"Calculated Gamble","floor":31},{"not_picked":["Adrenaline","Storm of Steel"],"picked":"Envenom","floor":33},{"not_picked":["Masterful Stab","Dodge and Roll"],"picked":"Prepared+1","floor":35},{"not_picked":["Poisoned Stab+1","Dagger Spray"],"picked":"Tactician","floor":36},{"not_picked":["Dodge and Roll","Deadly Poison"],"picked":"Catalyst","floor":45},{"not_picked":["Distraction+1","Flechettes+1"],"picked":"Cloak And Dagger+1","floor":46}],"player_experience":1151756,"relics_obtained":[{"floor":6,"key":"MawBank"},{"floor":9,"key":"PreservedInsect"},{"floor":11,"key":"Shovel"},{"floor":14,"key":"Gremlin Horn"},{"floor":19,"key":"Red Mask"},{"floor":24,"key":"Dodecahedron"},{"floor":26,"key":"Tiny Chest"},{"floor":27,"key":"Regal Pillow"},{"floor":36,"key":"WingedGreaves"},{"floor":42,"key":"Potion Belt"},{"floor":43,"key":"Happy Flower"},{"floor":48,"key":"Shuriken"}],"event_choices":[{"cards_removed":["Defend_G"],"damage_healed":0,"gold_gain":0,"player_choice":"Card Removal","damage_taken":7,"max_hp_gain":0,"max_hp_loss":0,"event_name":"Golden Wing","floor":2,"gold_loss":0},{"damage_healed":0,"gold_gain":0,"player_choice":"Entered Light","damage_taken":14,"max_hp_gain":0,"max_hp_loss":0,"event_name":"Shining Light","floor":3,"gold_loss":0,"cards_upgraded":["Defend_G","Neutralize"]},{"damage_healed":0,"gold_gain":0,"player_choice":"Success","damage_taken":7,"relics_obtained":["Art of War"],"max_hp_gain":0,"max_hp_loss":0,"event_name":"Scrap Ooze","floor":4,"gold_loss":0},{"damage_healed":0,"gold_gain":0,"player_choice":"Grow","damage_taken":0,"max_hp_gain":0,"max_hp_loss":0,"event_name":"Living Wall","floor":13,"gold_loss":0,"cards_upgraded":["After Image"]},{"damage_healed":0,"gold_gain":0,"player_choice":"Fought Bandits","damage_taken":0,"max_hp_gain":0,"max_hp_loss":0,"event_name":"Masked Bandits","floor":19,"gold_loss":0},{"damage_healed":63,"gold_gain":0,"player_choice":"Full Heal","damage_taken":0,"max_hp_gain":0,"max_hp_loss":0,"event_name":"Wheel of Change","floor":20,"gold_loss":0},{"damage_healed":0,"gold_gain":0,"cards_transformed":["Strike_G"],"player_choice":"Transformed","damage_taken":0,"max_hp_gain":0,"max_hp_loss":0,"event_name":"Transmorgrifier","floor":29,"gold_loss":0,"cards_obtained":["Bullet Time"]},{"damage_healed":0,"gold_gain":0,"player_choice":"Fight","damage_taken":0,"max_hp_gain":0,"max_hp_loss":0,"event_name":"MindBloom","floor":36,"gold_loss":0},{"cards_removed":["Infinite Blades"],"damage_healed":0,"gold_gain":0,"player_choice":"Removed Power","damage_taken":0,"max_hp_gain":0,"max_hp_loss":0,"event_name":"Falling","floor":37,"gold_loss":0},{"damage_healed":0,"gold_gain":222,"player_choice":"Wore Mask","damage_taken":0,"max_hp_gain":0,"max_hp_loss":0,"event_name":"Tomb of Lord Red Mask","floor":39,"gold_loss":0},{"damage_healed":0,"gold_gain":0,"player_choice":"Ignored","damage_taken":0,"max_hp_gain":0,"max_hp_loss":0,"event_name":"Mysterious Sphere","floor":44,"gold_loss":0}],"is_beta":false,"boss_relics":[{"not_picked":["Snecko Eye","HoveringKite"],"picked":"Orrery"},{"not_picked":["Pandora\u0027s Box","Black Star"],"picked":"Lizard Tail"}],"items_purged_floors":[8],"is_endless":false,"potions_floor_spawned":[5,6,12,14,16,18,22,24,45,46],"killed_by":"Donu and Deca","ascension_level":9}