{"path_per_floor":["M","?","M","?","?","R","E","M","T","?","T","M","$","?","R","B",null,"M","?","$","M","?","E","M","E","T","$","M","M","E","M","R","B",null,"M","M","M","?","?","R","?","M","T","M","M","M","E","$","R","B"],"character_chosen":"THE_SILENT","items_purchased":["Matryoshka","Infinite Blades","Accuracy","Backflip","War Paint","Shuriken"],"gold_per_floor":[111,111,126,126,126,126,152,162,208,267,292,306,59,134,134,236,236,256,256,183,195,195,223,240,269,295,62,81,94,129,147,147,252,252,263,278,296,296,296,296,296,315,341,351,361,375,405,79,79,79],"floor_reached":51,"campfire_rested":0,"playtime":2102,"item_purchase_floors":[],"current_hp_per_floor":[69,69,68,61,49,49,46,46,46,46,53,53,53,42,42,22,77,68,68,68,68,68,45,45,43,43,43,42,42,39,35,35,35,77,67,67,56,56,56,66,66,64,64,59,55,54,33,33,45,21],"items_purged":["Regret"],"gold":79,"score":851,"play_id":"e239ad1e-8a5a-47da-9850-54d9672680d9","local_time":"20180606183506","is_prod":false,"is_daily":false,"chose_seed":false,"is_ascension_mode":true,"campfire_upgraded":5,"win_rate":0.0,"timestamp":1528335306,"campfire_choices":[{"data":"Dagger Spray","floor":6.0,"key":"SMITH"},{"data":"Cloak And Dagger","floor":15.0,"key":"SMITH"},{"data":"Cloak And Dagger","floor":32.0,"key":"SMITH"},{"data":"Backflip","floor":40,"key":"SMITH"},{"data":"Choke","floor":49,"key":"SMITH"}],"path_taken":["M","?","M","?","?","R","E","M","T","?","?","?","$","?","R","BOSS","M","?","$","M","?","E","M","E","T","?","M","M","E","M","R","BOSS","M","M","M","?","?","R","?","M","T","M","M","M","E","$","R","BOSS"],"build_version":"2018-05-30v2","seed_source_timestamp":0,"purchased_purges":1,"victory":true,"master_deck":["Defend_G+1","Defend_G+1","Defend_G+1","Defend_G+1","Defend_G+1","Strike_G+1","Strike_G+1","Strike_G+1","Survivor+1","Neutralize","Dagger Spray+1","Accuracy","Flying Knee","Accuracy","Cloak And Dagger+1","Doppelganger+1","PiercingWail+1","Infinite Blades","Malaise","Clumsy","Accuracy","Backflip+1","Cloak And Dagger+1","Cloak And Dagger","Adrenaline","Infinite Blades","Backflip","Adrenaline","Flash of Steel","Infinite Blades","Cloak And Dagger+1","Choke+1"],"max_hp_per_floor":[70,70,70,70,70,70,70,70,70,70,77,77,77,77,77,77,77,77,77,77,77,77,77,77,77,77,77,77,77,77,77,77,77,77,77,77,77,77,77,77,77,77,77,77,77,77,77,77,77,77],"relics":["Ring of the Snake","Vajra","Regal Pillow","Ancient Tea Set","Happy Flower","Strawberry","Matryoshka","Cursed Key","Juzu Bracelet","Bronze Scales","Bottled Tornado","Bag of Marbles","War Paint","Bottled Flame","Eternal Feather","Potion Belt","Boot","Anchor","Shuriken"],"card_choices":[{"not_picked":["Bane","Cloak And Dagger"],"picked":"Dagger Spray","floor":1.0},{"not_picked":["Deadly Poison","Predator"],"picked":"Accuracy","floor":3.0},{"not_picked":["Eviscerate","Underhanded Strike"],"picked":"Flying Knee","floor":7.0},{"not_picked":["Terror","Eviscerate","Catalyst"],"picked":"SKIP","floor":8.0},{"not_picked":["Terror","Underhanded Strike"],"picked":"Accuracy","floor":10.0},{"not_picked":["Quick Slash","Backflip"],"picked":"Cloak And Dagger","floor":12.0},{"not_picked":["Wraith Form v2","Corpse Explosion"],"picked":"Doppelganger","floor":16.0},{"not_picked":["Deadly Poison","Quick Slash+1"],"picked":"PiercingWail+1","floor":18.0},{"not_picked":["Slice","Deadly Poison+1","Bane"],"picked":"SKIP","floor":21.0},{"not_picked":["Catalyst+1","Acrobatics","Deadly Poison"],"picked":"SKIP","floor":23.0},{"not_picked":["All Out Attack","Deadly Poison","Dagger Spray"],"picked":"SKIP","floor":24.0},{"not_picked":["Tactician","Terror"],"picked":"Malaise","floor":25.0},{"not_picked":["Eviscerate","Quick Slash","PiercingWail"],"picked":"SKIP","floor":28.0},{"not_picked":["Acrobatics","PiercingWail"],"picked":"Cloak And Dagger","floor":29.0},{"not_picked":["Outmaneuver","Quick Slash","Reflex+1"],"picked":"SKIP","floor":30.0},{"not_picked":["Slice","Endless Agony+1"],"picked":"Cloak And Dagger","floor":31.0},{"not_picked":["Phantasmal Killer","Unload"],"picked":"Adrenaline","floor":33.0},{"not_picked":["Expertise+1","Poisoned Stab+1","Endless Agony"],"picked":"SKIP","floor":35},{"not_picked":["Skewer+1","Prepared"],"picked":"Infinite Blades","floor":36},{"not_picked":["Dagger Throw","Flying Knee"],"picked":"Backflip","floor":37},{"not_picked":["Jack Of All Trades","Bandage Up"],"picked":"Flash of Steel","floor":41},{"not_picked":["Slice","Dagger Throw+1"],"picked":"Infinite Blades","floor":42},{"not_picked":["Deflect+1","Quick Slash","Prepared"],"picked":"SKIP","floor":44},{"not_picked":["Reflex+1","Deflect+1","Quick Slash"],"picked":"SKIP","floor":45},{"not_picked":["Dagger Spray+1","Dagger Throw+1"],"picked":"Cloak And Dagger+1","floor":46},{"not_picked":["Crippling Poison+1","Deadly Poison+1"],"picked":"Choke","floor":47}],"player_experience":124399,"potions_floor_usage":[47,50,50,50,50],"damage_taken":[{"damage":1.0,"enemies":"Jaw Worm","floor":1.0,"turns":6.0},{"damage":1.0,"enemies":"Cultist","floor":3.0,"turns":3.0},{"damage":3.0,"enemies":"3 Sentries","floor":7.0,"turns":4.0},{"damage":0.0,"enemies":"Small Slimes","floor":8.0,"turns":1.0},{"damage":0.0,"enemies":"3 Sentries","floor":10.0,"turns":3.0},{"damage":0.0,"enemies":"Blue Slaver","floor":12.0,"turns":4.0},{"damage":20.0,"enemies":"Slime Boss","floor":16.0,"turns":9.0},{"damage":9.0,"enemies":"Chosen","floor":18.0,"turns":4.0},{"damage":0.0,"enemies":"3 Byrds","floor":21.0,"turns":4.0},{"damage":23.0,"enemies":"Book of Stabbing","floor":23.0,"turns":6.0},{"damage":0.0,"enemies":"Snake Plant","floor":24.0,"turns":7.0},{"damage":2.0,"enemies":"Slavers","floor":25.0,"turns":4.0},{"damage":1.0,"enemies":"Centurion and Healer","floor":28.0,"turns":4.0},{"damage":0.0,"enemies":"3 Cultists","floor":29.0,"turns":4.0},{"damage":3.0,"enemies":"Gremlin Leader","floor":30.0,"turns":5.0},{"damage":4.0,"enemies":"Snake Plant","floor":31.0,"turns":4.0},{"damage":0.0,"enemies":"Collector","floor":33.0,"turns":8.0},{"damage":10,"enemies":"Flame Bruiser 1 Orb","floor":35,"turns":5},{"damage":0,"enemies":"Orb Walker","floor":36,"turns":3},{"damage":11,"enemies":"Transient","floor":37,"turns":5},{"damage":2,"enemies":"Sphere and 2 Shapes","floor":42,"turns":3},{"damage":5,"enemies":"Maw","floor":44,"turns":6},{"damage":4,"enemies":"Flame Bruiser 2 Orb","floor":45,"turns":4},{"damage":1,"enemies":"Sphere and 2 Shapes","floor":46,"turns":3},{"damage":21,"enemies":"2 Orb Walkers","floor":47,"turns":4},{"damage":24,"enemies":"Awakened One","floor":50,"turns":8}],"relics_obtained":[{"floor":7.0,"key":"Regal Pillow"},{"floor":9.0,"key":"Ancient Tea Set"},{"floor":10.0,"key":"Happy Flower"},{"floor":11.0,"key":"Strawberry"},{"floor":23.0,"key":"Juzu Bracelet"},{"floor":25.0,"key":"Bronze Scales"},{"floor":26.0,"key":"Bottled Tornado"},{"floor":26.0,"key":"Bag of Marbles"},{"floor":30.0,"key":"Bottled Flame"},{"floor":43,"key":"Potion Belt"},{"floor":43,"key":"Boot"},{"floor":47,"key":"Anchor"}],"event_choices":[{"event_name":"The Lab","player_choice":"Got Potions","floor":2.0,"damage_taken":0.0},{"event_name":"Golden Wing","player_choice":"Card Removal","floor":4.0,"damage_taken":0.0},{"event_name":"Scrap Ooze","player_choice":"success","floor":5.0,"damage_taken":12.0},{"event_name":"Dead Adventurer","player_choice":"Searched \u00271\u0027 times","floor":10.0,"damage_taken":0.0},{"event_name":"World of Goop","player_choice":"Gather Gold","floor":14.0,"damage_taken":0.0},{"event_name":"Back to Basics","player_choice":"Simplicity","floor":19.0,"damage_taken":0.0},{"event_name":"Ghosts","player_choice":"Ignored","floor":22.0,"damage_taken":0.0},{"event_name":"Duplicator","player_choice":"One dupe","floor":39,"damage_taken":0},{"event_name":"SensoryStone","player_choice":"Memory 1","floor":41,"damage_taken":0}],"boss_relics":[{"not_picked":["White Beast Statue","Orrery"],"picked":"Eternal Feather"}],"items_purged_floors":[48],"potions_floor_spawned":[7,8,10,10,16,24,29,30,36,37,45,47],"seed_played":"3249533178718014294","ascension_level":1,"potions_obtained":[{"floor":2.0,"key":"GhostInAJar"},{"floor":2.0,"key":"Dexterity Potion"},{"floor":2.0,"key":"Explosive Potion"},{"floor":7.0,"key":"SteroidPotion"},{"floor":8.0,"key":"Explosive Potion"},{"floor":10.0,"key":"Swift Potion"},{"floor":10.0,"key":"Fire Potion"},{"floor":16.0,"key":"Fire Potion"},{"floor":24.0,"key":"LiquidBronze"},{"floor":29.0,"key":"Fire Potion"},{"floor":30.0,"key":"Weak Potion"},{"floor":36,"key":"SkillPotion"},{"floor":45,"key":"LiquidBronze"},{"floor":47,"key":"Block Potion"}],"is_trial":false}