{"gold_per_floor":[116,116,116,136,146,175,175,175,175,175,175,192,207,217,217,295,295,308,233,183,100,120,120,130,149,149,177,177,177,177],"floor_reached":30,"playtime":1353,"items_purged":[],"score":600,"play_id":"d92899dd-8a8e-42c5-b6b2-3db25d97dc81","local_time":"20190101130511","is_ascension_mode":true,"campfire_choices":[{"data":"Go for the Eyes","floor":7,"key":"SMITH"},{"floor":10,"key":"REST"},{"data":"Creative AI","floor":15,"key":"SMITH"},{"data":"Self Repair","floor":23,"key":"SMITH"}],"neow_cost":"NONE","seed_source_timestamp":52478314678700,"circlet_count":0,"master_deck":["AscendersBane","Strike_B","Strike_B","Defend_B","Defend_B","Defend_B","Zap+1","Dualcast+1","White Noise","Ball Lightning","Cold Snap","Go for the Eyes+1","BootSequence","Creative AI+1","Seek+1","Self Repair+1","Coolheaded"],"relics":["Cracked Core","NeowsBlessing","Ornamental Fan","Omamori","Nuclear Battery","Art of War","Centennial Puzzle","Nloth\u0027s Gift"],"potions_floor_usage":[14,22,25,27],"damage_taken":[{"damage":0,"enemies":"2 Louse","floor":1,"turns":1},{"damage":0,"enemies":"Cultist","floor":4,"turns":1},{"damage":0,"enemies":"Jaw Worm","floor":5,"turns":1},{"damage":32,"enemies":"3 Sentries","floor":6,"turns":7},{"damage":4,"enemies":"Looter","floor":12,"turns":3},{"damage":0,"enemies":"Red Slaver","floor":13,"turns":2},{"damage":0,"enemies":"3 Louse","floor":14,"turns":1},{"damage":0,"enemies":"Slime Boss","floor":16,"turns":6},{"damage":21,"enemies":"Spheric Guardian","floor":18,"turns":4},{"damage":7,"enemies":"Chosen","floor":22,"turns":4},{"damage":47,"enemies":"Sentry and Sphere","floor":24,"turns":8},{"damage":6,"enemies":"Snake Plant","floor":25,"turns":4},{"damage":14,"enemies":"Gremlin Leader","floor":27,"turns":8},{"damage":33,"enemies":"Centurion and Healer","floor":30,"turns":8}],"seed_played":"-3224064087957602682","potions_obtained":[{"floor":6,"key":"Explosive Potion"},{"floor":12,"key":"FearPotion"},{"floor":13,"key":"Dexterity Potion"},{"floor":18,"key":"SkillPotion"},{"floor":24,"key":"SkillPotion"}],"is_trial":false,"path_per_floor":["M","?","?","M","M","E","R","?","T","R","?","M","M","M","R","B",null,"M","?","?","$","M","R","M","M","T","E","?","?","M"],"character_chosen":"DEFECT","items_purchased":["Self Repair"],"campfire_rested":1,"item_purchase_floors":[21],"current_hp_per_floor":[64,64,64,64,64,32,32,25,25,46,46,42,42,42,42,42,64,43,43,43,43,50,50,13,17,17,13,27,27,0],"gold":177,"neow_bonus":"THREE_ENEMY_KILL","is_prod":false,"is_daily":false,"chose_seed":false,"campfire_upgraded":3,"win_rate":0,"timestamp":1546344311,"path_taken":["M","?","?","M","?","E","R","?","T","R","?","M","?","M","R","BOSS","M","?","?","$","?","R","M","M","T","E","?","?","M"],"build_version":"2018-12-25","purchased_purges":0,"victory":false,"max_hp_per_floor":[71,71,71,71,71,71,71,71,71,71,71,71,71,71,71,71,71,71,71,71,71,71,71,71,71,71,71,71,71,71],"card_choices":[{"not_picked":["Stack","Leap"],"picked":"White Noise","floor":1},{"not_picked":["Steam Power","Compile Driver"],"picked":"Ball Lightning","floor":4},{"not_picked":["Reboot","Doom and Gloom"],"picked":"Cold Snap","floor":5},{"not_picked":["Steam Power","Blizzard"],"picked":"Go for the Eyes","floor":6},{"not_picked":["Coolheaded","Sweeping Beam"],"picked":"BootSequence","floor":12},{"not_picked":["Stack","Streamline","Redo"],"picked":"SKIP","floor":13},{"not_picked":["Beam Cell","Auto Shields"],"picked":"Creative AI","floor":14},{"not_picked":["Fission","Hyperbeam"],"picked":"Seek","floor":16},{"not_picked":["Compile Driver","Blizzard","Redo"],"picked":"SKIP","floor":18},{"not_picked":["Stack","Barrage","Compile Driver"],"picked":"SKIP","floor":22},{"not_picked":["Leap","Rebound","Fusion"],"picked":"SKIP","floor":24},{"not_picked":["BootSequence","Redo","Gash"],"picked":"SKIP","floor":25},{"not_picked":["Electrodynamics","Barrage"],"picked":"Coolheaded","floor":27}],"player_experience":996269,"relics_obtained":[{"floor":6,"key":"Ornamental Fan"},{"floor":9,"key":"Omamori"},{"floor":26,"key":"Art of War"},{"floor":27,"key":"Centennial Puzzle"}],"event_choices":[{"damage_healed":0,"gold_gain":0,"player_choice":"Grow","damage_taken":0,"max_hp_gain":0,"max_hp_loss":0,"event_name":"Living Wall","floor":2,"gold_loss":0,"cards_upgraded":["Dualcast"]},{"cards_removed":["Defend_B"],"damage_healed":0,"gold_gain":0,"player_choice":"Purged","damage_taken":0,"max_hp_gain":0,"max_hp_loss":0,"event_name":"Purifier","floor":3,"gold_loss":0},{"cards_removed":["Strike_B"],"damage_healed":0,"gold_gain":0,"player_choice":"Card Removal","damage_taken":7,"max_hp_gain":0,"max_hp_loss":0,"event_name":"Golden Wing","floor":8,"gold_loss":0},{"damage_healed":0,"gold_gain":0,"player_choice":"Trade","damage_taken":0,"relics_obtained":["CultistMask"],"max_hp_gain":0,"max_hp_loss":0,"event_name":"FaceTrader","floor":11,"gold_loss":0},{"cards_removed":["Strike_B"],"damage_healed":0,"gold_gain":0,"player_choice":"Gave Gold","damage_taken":0,"max_hp_gain":0,"max_hp_loss":0,"event_name":"Beggar","floor":19,"gold_loss":75},{"damage_healed":0,"gold_gain":0,"player_choice":"Upgraded Two","damage_taken":0,"max_hp_gain":0,"max_hp_loss":0,"event_name":"Designer","floor":20,"gold_loss":50,"cards_upgraded":["Zap","Seek"]},{"damage_healed":14,"gold_gain":0,"player_choice":"Heal","damage_taken":0,"max_hp_gain":0,"max_hp_loss":0,"event_name":"The Library","floor":28,"gold_loss":0},{"damage_healed":0,"gold_gain":0,"player_choice":"Traded Relic","damage_taken":0,"relics_obtained":["Nloth\u0027s Gift"],"max_hp_gain":0,"max_hp_loss":0,"event_name":"N\u0027loth","floor":29,"relics_lost":["CultistMask"],"gold_loss":0}],"is_beta":true,"boss_relics":[{"not_picked":["Orrery","Fusion Hammer"],"picked":"Nuclear Battery"}],"items_purged_floors":[],"is_endless":false,"potions_floor_spawned":[6,12,13,18,24],"killed_by":"Centurion and Healer","ascension_level":20}