{"gold_per_floor":[111,111,156,177,191,191,116,116,116,116,5,28,49,68,68,158,158,173,173,173],"floor_reached":20,"playtime":369,"items_purged":[],"score":328,"play_id":"4fb57236-857e-4762-ac1d-ac2869333d6a","local_time":"20190127000713","is_ascension_mode":true,"campfire_choices":[{"data":"Backstab","floor":6,"key":"SMITH"},{"data":"Neutralize","floor":8,"key":"SMITH"},{"data":"Poisoned Stab","floor":10,"key":"SMITH"},{"data":"Corpse Explosion","floor":15,"key":"SMITH"}],"neow_cost":"NONE","seed_source_timestamp":646366199047400,"circlet_count":0,"master_deck":["AscendersBane","Survivor","Neutralize+1","Backstab+1","Poisoned Stab+1","Flying Knee","Escape Plan","Blur","Poisoned Stab","Corpse Explosion+1","Doppelganger","Venomology","Eviscerate","Concentrate","Night Terror","Venomology","After Image","Well Laid Plans","Infinite Blades","Deadly Poison","Poisoned Stab"],"relics":["Ring of the Snake","NeowsBlessing","Golden Idol","War Paint","Bottled Lightning","Pandora\u0027s Box"],"potions_floor_usage":[16,18,20,20,20],"damage_taken":[{"damage":0,"enemies":"Jaw Worm","floor":1,"turns":1},{"damage":0,"enemies":"Cultist","floor":4,"turns":1},{"damage":0,"enemies":"Small Slimes","floor":5,"turns":1},{"damage":6,"enemies":"3 Louse","floor":12,"turns":3},{"damage":0,"enemies":"Blue Slaver","floor":13,"turns":3},{"damage":0,"enemies":"2 Fungi Beasts","floor":14,"turns":1},{"damage":32,"enemies":"Hexaghost","floor":16,"turns":9},{"damage":36,"enemies":"Chosen","floor":18,"turns":4},{"damage":17,"enemies":"Colosseum Slavers","floor":20,"turns":2}],"seed_played":"4306575595684825233","potions_obtained":[{"floor":5,"key":"Dexterity Potion"},{"floor":12,"key":"EssenceOfSteel"}],"is_trial":false,"path_per_floor":["M","?","T","M","M","R","?","R","T","R","$","M","M","M","R","B",null,"M","?","?"],"character_chosen":"THE_SILENT","items_purchased":["Escape Plan","Blur"],"campfire_rested":0,"item_purchase_floors":[11,11],"current_hp_per_floor":[59,59,59,59,59,59,59,59,59,59,59,53,53,53,53,21,50,14,14,0],"gold":173,"neow_bonus":"THREE_ENEMY_KILL","is_prod":false,"is_daily":false,"chose_seed":false,"campfire_upgraded":4,"win_rate":0,"timestamp":1548544033,"path_taken":["M","?","?","?","?","R","?","R","T","R","$","M","M","M","R","BOSS","M","?","?"],"build_version":"2019-01-23","purchased_purges":0,"victory":false,"max_hp_per_floor":[66,60,60,60,60,60,60,60,60,60,60,60,60,60,60,60,60,60,60,60],"card_choices":[{"not_picked":["Outmaneuver","Infinite Blades"],"picked":"Backstab","floor":1},{"not_picked":["Dodge and Roll","Infinite Blades"],"picked":"Poisoned Stab","floor":4},{"not_picked":["Terror","Cloak And Dagger"],"picked":"Flying Knee","floor":5},{"not_picked":["Prepared","Deflect"],"picked":"Poisoned Stab","floor":12},{"not_picked":["Deflect","Outmaneuver"],"picked":"Corpse Explosion","floor":13},{"not_picked":["Predator","Crippling Poison","Quick Slash"],"picked":"SKIP","floor":14},{"not_picked":["A Thousand Cuts","Grand Finale"],"picked":"Doppelganger","floor":16},{"not_picked":["Flying Knee+1","Deadly Poison"],"picked":"Poisoned Stab","floor":18}],"player_experience":1089533,"relics_obtained":[{"floor":3,"key":"War Paint"},{"floor":9,"key":"Bottled Lightning"}],"event_choices":[{"damage_healed":0,"gold_gain":0,"player_choice":"Lose Max HP","damage_taken":0,"relics_obtained":["Golden Idol"],"max_hp_gain":0,"max_hp_loss":6,"event_name":"Golden Idol","floor":2,"gold_loss":0},{"cards_removed":["Defend_G"],"damage_healed":0,"gold_gain":0,"player_choice":"Card Removal","damage_taken":0,"max_hp_gain":0,"max_hp_loss":0,"event_name":"The Cleric","floor":7,"gold_loss":75},{"damage_healed":0,"gold_gain":0,"player_choice":"Ignored","damage_taken":0,"max_hp_gain":0,"max_hp_loss":0,"event_name":"Ghosts","floor":19,"gold_loss":0},{"damage_healed":0,"gold_gain":0,"player_choice":"Fight","damage_taken":0,"max_hp_gain":0,"max_hp_loss":0,"event_name":"Colosseum","floor":20,"gold_loss":0}],"is_beta":true,"boss_relics":[{"not_picked":["HoveringKite","Cursed Key"],"picked":"Pandora\u0027s Box"}],"items_purged_floors":[],"is_endless":false,"potions_floor_spawned":[5,12,14],"killed_by":"Colosseum Slavers","ascension_level":20}