{"gold_per_floor":[111,111,124,142,155,155,168,181,181,181,216,216,52,67,67,141,141,157,157,10,10,10,10,23,23,23,23,23],"floor_reached":28,"playtime":872,"items_purged":["Defend_R"],"score":425,"play_id":"f5e6619a-dc15-4f42-8a93-c4f6f3d26c1d","local_time":"20181019190446","is_ascension_mode":true,"campfire_choices":[{"data":"Madness","floor":6,"key":"SMITH"},{"floor":10,"key":"REST"},{"data":"Bash","floor":12,"key":"SMITH"},{"data":"Inflame","floor":15,"key":"SMITH"},{"data":"Whirlwind","floor":23,"key":"SMITH"},{"floor":25,"key":"REST"},{"data":"Demon Form","floor":27,"key":"SMITH"}],"neow_cost":"PERCENT_DAMAGE","seed_source_timestamp":773249361988966,"circlet_count":0,"master_deck":["Strike_R","Strike_R","Strike_R","Strike_R","Strike_R","Defend_R","Defend_R","Defend_R","Bash+1","AscendersBane","Madness+1","Battle Trance","Whirlwind+1","Shrug It Off","Impervious","True Grit","Inflame+1","Metallicize","Demon Form+1","Body Slam","Writhe","Pommel Strike"],"relics":["Burning Blood","Mercury Hourglass","PreservedInsect","Eternal Feather","Regal Pillow","Dodecahedron","Paper Frog"],"potions_floor_usage":[5,8,11,14,16],"damage_taken":[{"damage":4,"enemies":"2 Louse","floor":1,"turns":3},{"damage":0,"enemies":"Cultist","floor":3,"turns":2},{"damage":9,"enemies":"Jaw Worm","floor":4,"turns":5},{"damage":39,"enemies":"Exordium Thugs","floor":5,"turns":5},{"damage":11,"enemies":"2 Fungi Beasts","floor":7,"turns":4},{"damage":6,"enemies":"Large Slime","floor":8,"turns":7},{"damage":32,"enemies":"Gremlin Nob","floor":11,"turns":4},{"damage":0,"enemies":"Looter","floor":14,"turns":2},{"damage":23,"enemies":"The Guardian","floor":16,"turns":14},{"damage":27,"enemies":"Spheric Guardian","floor":18,"turns":6},{"damage":38,"enemies":"Colosseum Slavers","floor":19,"turns":4},{"damage":22,"enemies":"2 Thieves","floor":24,"turns":3},{"damage":81,"enemies":"Book of Stabbing","floor":28,"turns":4}],"seed_played":"-4847081869755588294","potions_obtained":[{"floor":3,"key":"FearPotion"},{"floor":4,"key":"BloodPotion"},{"floor":5,"key":"GamblersBrew"},{"floor":11,"key":"SteroidPotion"},{"floor":14,"key":"SteroidPotion"},{"floor":24,"key":"GamblersBrew"}],"is_trial":false,"path_per_floor":["M","?","M","M","M","R","M","M","T","R","E","R","$","M","R","B",null,"M","?","?","?","?","R","M","R","T","R"],"character_chosen":"IRONCLAD","items_purchased":["Inflame"],"campfire_rested":2,"item_purchase_floors":[13],"current_hp_per_floor":[52,75,75,72,46,46,41,41,41,63,37,37,37,43,43,26,63,42,10,10,10,25,37,21,70,70,75,0],"gold":23,"neow_bonus":"RANDOM_COLORLESS_2","is_prod":false,"is_daily":false,"chose_seed":false,"campfire_upgraded":5,"win_rate":0,"timestamp":1539968686,"path_taken":["M","?","M","M","M","R","M","M","T","R","E","R","?","M","R","BOSS","M","?","?","?","?","R","?","R","T","R","E"],"build_version":"2018-10-18","purchased_purges":1,"victory":false,"max_hp_per_floor":[75,75,75,75,75,75,75,75,75,75,75,75,75,75,75,75,75,75,75,75,75,75,75,75,75,75,75,75],"card_choices":[{"not_picked":["Perfected Strike","Body Slam"],"picked":"Battle Trance","floor":1},{"not_picked":["Perfected Strike","Combust","Heavy Blade"],"picked":"SKIP","floor":3},{"not_picked":["Body Slam","Combust"],"picked":"Whirlwind","floor":4},{"not_picked":["Rampage","Anger"],"picked":"Shrug It Off","floor":5},{"not_picked":["Thunderclap","Clothesline"],"picked":"Impervious","floor":7},{"not_picked":["Corruption","Perfected Strike","Reckless Charge"],"picked":"SKIP","floor":8},{"not_picked":["Ghostly Armor","Whirlwind"],"picked":"True Grit","floor":11},{"not_picked":["True Grit","Power Through"],"picked":"Metallicize","floor":14},{"not_picked":["Fiend Fire","Impervious"],"picked":"Demon Form","floor":16},{"not_picked":["Anger","Burning Pact"],"picked":"Body Slam","floor":18},{"not_picked":["Flex","Body Slam"],"picked":"Pommel Strike","floor":24}],"player_experience":841995,"relics_obtained":[{"floor":9,"key":"Mercury Hourglass"},{"floor":11,"key":"PreservedInsect"},{"floor":26,"key":"Paper Frog"}],"event_choices":[{"cards_removed":["Deep Breath"],"damage_healed":23,"gold_gain":0,"player_choice":"Offered Uncommon","damage_taken":0,"max_hp_gain":0,"max_hp_loss":0,"event_name":"Bonfire Elementals","floor":2,"gold_loss":0},{"damage_healed":0,"gold_gain":0,"player_choice":"Fight","damage_taken":0,"max_hp_gain":0,"max_hp_loss":0,"event_name":"Colosseum","floor":19,"gold_loss":0},{"damage_healed":0,"gold_gain":0,"player_choice":"Fled From Nobs","damage_taken":0,"max_hp_gain":0,"max_hp_loss":0,"event_name":"Colosseum","floor":19,"gold_loss":0},{"damage_healed":0,"gold_gain":0,"player_choice":"Paid Gold","damage_taken":0,"relics_obtained":["Regal Pillow"],"max_hp_gain":0,"max_hp_loss":0,"event_name":"WeMeetAgain","floor":20,"gold_loss":147},{"damage_healed":0,"gold_gain":0,"player_choice":"Opened","damage_taken":0,"relics_obtained":["Dodecahedron"],"max_hp_gain":0,"max_hp_loss":0,"event_name":"The Mausoleum","floor":21,"gold_loss":0,"cards_obtained":["Writhe"]},{"damage_healed":15,"gold_gain":0,"player_choice":"Heal","damage_taken":0,"max_hp_gain":0,"max_hp_loss":0,"event_name":"The Library","floor":22,"gold_loss":0}],"is_beta":true,"boss_relics":[{"not_picked":["Ectoplasm","Runic Dome"],"picked":"Eternal Feather"}],"items_purged_floors":[13],"is_endless":false,"potions_floor_spawned":[3,4,5,11,14,24],"killed_by":"Book of Stabbing","ascension_level":19}