{"gold_per_floor":[119,131,150,150,160,180,160,160,206,234,234,245,245,258,258,258],"floor_reached":16,"playtime":504,"items_purged":[],"score":208,"play_id":"92c3146e-d6bd-4bb9-89df-eb4c2af198c4","local_time":"20190128214905","is_ascension_mode":true,"campfire_choices":[{"floor":8.0,"key":"REST"},{"data":"Corpse Explosion","floor":11.0,"key":"SMITH"},{"data":"Neutralize","floor":13.0,"key":"SMITH"},{"floor":15.0,"key":"REST"}],"neow_cost":"PERCENT_DAMAGE","seed_source_timestamp":0,"circlet_count":0,"master_deck":["AscendersBane","Defend_G","Defend_G","Defend_G","Strike_G","Strike_G","Strike_G","Strike_G","Survivor","Neutralize+1","Blade Dance","Cloak And Dagger","Corpse Explosion+1","Dagger Spray","Poisoned Stab"],"special_seed":0,"relics":["Ring of the Snake","Art of War","Question Card"],"potions_floor_usage":[16,16],"damage_taken":[{"damage":8.0,"enemies":"Jaw Worm","floor":1.0,"turns":6.0},{"damage":3.0,"enemies":"Cultist","floor":2.0,"turns":4.0},{"damage":0.0,"enemies":"2 Louse","floor":3.0,"turns":3.0},{"damage":1.0,"enemies":"Red Slaver","floor":5.0,"turns":4.0},{"damage":19.0,"enemies":"Gremlin Gang","floor":6.0,"turns":4.0},{"damage":19.0,"enemies":"3 Sentries","floor":10.0,"turns":4.0},{"damage":0.0,"enemies":"Lots of Slimes","floor":12.0,"turns":2.0},{"damage":8.0,"enemies":"Blue Slaver","floor":14.0,"turns":3.0},{"damage":38,"enemies":"Slime Boss","floor":16,"turns":7}],"seed_played":"-1063458239094197435","potions_obtained":[{"floor":1.0,"key":"Weak Potion"},{"floor":6.0,"key":"Ancient Potion"},{"floor":7.0,"key":"Regen Potion"},{"floor":10.0,"key":"Fire Potion"},{"floor":12.0,"key":"GamblersBrew"}],"is_trial":false,"path_per_floor":["M","M","M","?","M","M","?","R","T","E","R","M","R","M","R","B"],"character_chosen":"THE_SILENT","items_purchased":[],"campfire_rested":2,"item_purchase_floors":[],"current_hp_per_floor":[36,33,33,33,32,13,13,32,32,25,25,25,25,17,36,0],"gold":258,"neow_bonus":"REMOVE_TWO","is_prod":false,"is_daily":false,"chose_seed":false,"campfire_upgraded":2,"win_rate":0,"timestamp":1548708545,"path_taken":["M","M","M","?","M","?","?","R","T","E","R","M","R","M","R","BOSS"],"build_version":"2019-01-23","purchased_purges":0,"victory":false,"max_hp_per_floor":[66,66,66,66,66,66,66,66,66,66,66,66,66,66,66,66],"card_choices":[{"not_picked":["Bouncing Flask","Deflect"],"picked":"Blade Dance","floor":1.0},{"not_picked":["Dagger Throw","Prepared"],"picked":"Cloak And Dagger","floor":2.0},{"not_picked":["Deadly Poison","Accuracy"],"picked":"Corpse Explosion","floor":3.0},{"not_picked":["Underhanded Strike","Cloak And Dagger","Endless Agony"],"picked":"SKIP","floor":5.0},{"not_picked":["Reflex","Acrobatics","Bane"],"picked":"SKIP","floor":6.0},{"not_picked":["PiercingWail","Eviscerate","Bane"],"picked":"SKIP","floor":10.0},{"not_picked":["Slice","Dagger Throw","Outmaneuver"],"picked":"Dagger Spray","floor":12.0},{"not_picked":["Calculated Gamble","Infinite Blades","Concentrate"],"picked":"Poisoned Stab","floor":14.0}],"player_experience":1102174,"relics_obtained":[{"floor":9.0,"key":"Art of War"},{"floor":10.0,"key":"Question Card"}],"event_choices":[{"cards_removed":["Defend_G"],"damage_healed":0.0,"max_hp_gain":0.0,"max_hp_loss":0.0,"gold_gain":0.0,"event_name":"Purifier","player_choice":"Purged","floor":4.0,"gold_loss":0.0,"damage_taken":0.0},{"damage_healed":0.0,"max_hp_gain":0.0,"max_hp_loss":0.0,"gold_gain":0.0,"event_name":"The Woman in Blue","player_choice":"Bought 1 Potion","floor":7.0,"gold_loss":0.0,"damage_taken":0.0}],"is_beta":true,"boss_relics":[],"items_purged_floors":[],"is_endless":false,"potions_floor_spawned":[1,6,10,12],"killed_by":"Slime Boss","ascension_level":20}