{"gold_per_floor":[114,132,132,150,168,198,273,303,303,319,319,335,55,68,68,147,147,102,102,102,102,102,102,102,102,102,102,102,27,27,27,27,27],"floor_reached":33,"playtime":1104,"items_purged":["Strike_R"],"score":505,"play_id":"b1c64450-f558-4836-bd6d-20596987f838","local_time":"20190121140328","is_ascension_mode":true,"campfire_choices":[{"floor":11.0,"key":"REST"},{"data":"Havoc","floor":15.0,"key":"SMITH"},{"data":"Immolate","floor":23.0,"key":"SMITH"},{"floor":30.0,"key":"REST"},{"floor":32,"key":"REST"}],"neow_cost":"NONE","seed_source_timestamp":226246929759200,"circlet_count":0,"master_deck":["AscendersBane","Strike_R","Strike_R","Strike_R","Strike_R","Defend_R","Defend_R","Defend_R","Bash","Ghostly Armor","Twin Strike","Feel No Pain","Shockwave","Spot Weakness","Pommel Strike","Demon Form","Havoc+1","Exhume","Cleave","Immolate+1","Shrug It Off","J.A.X.","Battle Trance+1","Whirlwind","Havoc+1","Infernal Blade"],"special_seed":0,"relics":["Burning Blood","NeowsBlessing","Blood Vial","Self Forming Clay","Sling","Ectoplasm","Red Mask","Regal Pillow","Paper Frog","Pantograph"],"potions_floor_usage":[],"damage_taken":[{"damage":0.0,"enemies":"Cultist","floor":1.0,"turns":1.0},{"damage":0.0,"enemies":"2 Louse","floor":2.0,"turns":2.0},{"damage":0.0,"enemies":"Jaw Worm","floor":4.0,"turns":1.0},{"damage":22.0,"enemies":"Exordium Wildlife","floor":5.0,"turns":6.0},{"damage":23.0,"enemies":"Gremlin Nob","floor":6.0,"turns":5.0},{"damage":45.0,"enemies":"Lagavulin","floor":8.0,"turns":10.0},{"damage":0.0,"enemies":"Large Slime","floor":10.0,"turns":5.0},{"damage":15.0,"enemies":"Blue Slaver","floor":12.0,"turns":5.0},{"damage":1.0,"enemies":"Looter","floor":14.0,"turns":3.0},{"damage":21.0,"enemies":"Hexaghost","floor":16.0,"turns":7.0},{"damage":15.0,"enemies":"2 Thieves","floor":18.0,"turns":3.0},{"damage":23.0,"enemies":"3 Byrds","floor":22.0,"turns":4.0},{"damage":8.0,"enemies":"Masked Bandits","floor":24.0,"turns":3.0},{"damage":18.0,"enemies":"Shelled Parasite and Fungi","floor":25.0,"turns":3.0},{"damage":27.0,"enemies":"Slavers","floor":27.0,"turns":4.0},{"damage":11.0,"enemies":"Centurion and Healer","floor":28.0,"turns":3.0},{"damage":46,"enemies":"Book of Stabbing","floor":31,"turns":5},{"damage":90,"enemies":"Champ","floor":33,"turns":10}],"seed_played":"-7972805794959911404","potions_obtained":[{"floor":4.0,"key":"Weak Potion"},{"floor":5.0,"key":"Regen Potion"},{"floor":6.0,"key":"EssenceOfSteel"},{"floor":10.0,"key":"EssenceOfSteel"},{"floor":16.0,"key":"PowerPotion"},{"floor":22.0,"key":"Fire Potion"},{"floor":24.0,"key":"AttackPotion"},{"floor":27.0,"key":"SmokeBomb"}],"is_trial":false,"path_per_floor":["?","M","M","?","?","?","?","M","?"],"character_chosen":"IRONCLAD","items_purchased":["Sling","Exhume"],"campfire_rested":3,"item_purchase_floors":[13,13],"current_hp_per_floor":[74,75,75,75,59,56,45,8,8,16,38,31,31,38,38,25,63,56,56,56,56,41,41,41,31,31,12,9,9,46,8,45,0],"gold":27,"neow_bonus":"THREE_ENEMY_KILL","is_prod":false,"is_daily":false,"chose_seed":false,"campfire_upgraded":2,"win_rate":0,"timestamp":1548108208,"path_taken":["M","M","?","?","?","E","?","E","T","M","R","M","$","M","R","BOSS","M","?","?","?","?","R","?","M","T","E","M","$","R","E","R","BOSS"],"build_version":"2019-01-20","purchased_purges":1,"victory":false,"max_hp_per_floor":[75,75,75,75,75,75,75,75,75,75,75,75,75,75,75,75,75,75,75,75,75,75,75,75,75,75,75,75,75,75,75,75,75],"card_choices":[{"not_picked":["Perfected Strike","Warcry"],"picked":"Ghostly Armor","floor":1.0},{"not_picked":["True Grit","Anger"],"picked":"Twin Strike","floor":2.0},{"not_picked":["Sentinel","Anger"],"picked":"Feel No Pain","floor":4.0},{"not_picked":["Heavy Blade","Body Slam"],"picked":"Shockwave","floor":5.0},{"not_picked":["Twin Strike","Clash"],"picked":"Spot Weakness","floor":6.0},{"not_picked":["Perfected Strike","Armaments"],"picked":"Pommel Strike","floor":8.0},{"not_picked":["Body Slam","Clash"],"picked":"Demon Form","floor":10.0},{"not_picked":["Clothesline","Sentinel"],"picked":"Havoc","floor":12.0},{"not_picked":["Flex","Twin Strike"],"picked":"Cleave","floor":14.0},{"not_picked":["Fiend Fire","Feed"],"picked":"Immolate","floor":16.0},{"not_picked":["Hemokinesis","Rage"],"picked":"Shrug It Off","floor":18.0},{"not_picked":["Metallicize","Cleave"],"picked":"Battle Trance+1","floor":22.0},{"not_picked":["Clash","Warcry"],"picked":"Whirlwind","floor":25.0},{"not_picked":["Ghostly Armor","Warcry"],"picked":"Havoc+1","floor":27.0},{"not_picked":["Flex","Havoc","Spot Weakness"],"picked":"SKIP","floor":28.0},{"not_picked":["Body Slam","Anger"],"picked":"Infernal Blade","floor":31}],"player_experience":568397,"relics_obtained":[{"floor":6.0,"key":"Blood Vial"},{"floor":8.0,"key":"Self Forming Clay"},{"floor":24.0,"key":"Red Mask"},{"floor":26.0,"key":"Regal Pillow"},{"floor":27.0,"key":"Paper Frog"},{"floor":31,"key":"Pantograph"}],"event_choices":[{"cards_removed":["Defend_R"],"damage_healed":0.0,"max_hp_gain":0.0,"max_hp_loss":0.0,"gold_gain":0.0,"event_name":"Purifier","player_choice":"Purged","floor":3.0,"gold_loss":0.0,"damage_taken":0.0},{"damage_healed":0.0,"max_hp_gain":0.0,"max_hp_loss":0.0,"gold_gain":75.0,"event_name":"World of Goop","player_choice":"Gather Gold","floor":7.0,"gold_loss":0.0,"damage_taken":11.0},{"damage_healed":0.0,"max_hp_gain":0.0,"max_hp_loss":0.0,"gold_gain":0.0,"event_name":"Drug Dealer","player_choice":"Obtain J.A.X.","floor":19.0,"gold_loss":0.0,"damage_taken":0.0,"cards_obtained":["J.A.X."]},{"damage_healed":0.0,"max_hp_gain":0.0,"max_hp_loss":0.0,"gold_gain":99.0,"event_name":"Nest","player_choice":"Stole From Cult","floor":20.0,"gold_loss":0.0,"damage_taken":0.0},{"damage_healed":0.0,"max_hp_gain":0.0,"max_hp_loss":0.0,"gold_gain":0.0,"event_name":"Ghosts","player_choice":"Ignored","floor":21.0,"gold_loss":0.0,"damage_taken":0.0},{"damage_healed":0.0,"max_hp_gain":0.0,"max_hp_loss":0.0,"gold_gain":0.0,"event_name":"Masked Bandits","player_choice":"Fought Bandits","floor":24.0,"gold_loss":0.0,"damage_taken":0.0}],"is_beta":true,"boss_relics":[{"not_picked":["Calling Bell","Empty Cage"],"picked":"Ectoplasm"}],"items_purged_floors":[29],"is_endless":false,"potions_floor_spawned":[4,5,6,10,16,22,24,27],"killed_by":"Champ","ascension_level":14}