{"gold_per_floor":[119,129,2,18,18,45,45,57,136,136,156,156,174,174],"floor_reached":14,"playtime":860,"items_purged":["Strike_G"],"score":138,"play_id":"0e918ae8-a4b1-4157-96f3-1b6639851ccc","local_time":"20190501173421","is_ascension_mode":true,"campfire_choices":[{"data":"Night Terror","floor":7,"key":"PURGE"},{"data":"Strike_G","floor":12,"key":"PURGE"}],"neow_cost":"NONE","seed_source_timestamp":293058786104420,"circlet_count":0,"master_deck":["AscendersBane","Defend_G","Defend_G","Defend_G","Defend_G","Defend_G","Strike_G","Strike_G","Strike_G","Survivor+1","Neutralize","Bouncing Flask+1","Cloak And Dagger","Crippling Poison","Infinite Blades","Bouncing Flask"],"relics":["Ring of the Snake","Peace Pipe","The Courier"],"potions_floor_usage":[6,8,11,14],"damage_taken":[{"damage":9,"enemies":"Cultist","floor":1,"turns":5},{"damage":7,"enemies":"Small Slimes","floor":2,"turns":4},{"damage":4,"enemies":"Jaw Worm","floor":4,"turns":4},{"damage":13,"enemies":"Lagavulin","floor":6,"turns":6},{"damage":2,"enemies":"Large Slime","floor":8,"turns":5},{"damage":3,"enemies":"Blue Slaver","floor":11,"turns":3},{"damage":5,"enemies":"2 Fungi Beasts","floor":13,"turns":4},{"damage":32,"enemies":"3 Sentries","floor":14,"turns":8}],"seed_played":"-9122546541467389692","potions_obtained":[{"floor":2,"key":"Weak Potion"},{"floor":4,"key":"SneckoOil"},{"floor":6,"key":"Poison Potion"},{"floor":11,"key":"SkillPotion"}],"is_trial":false,"path_per_floor":["M","M","$","M","?","E","R","M","T","?","M","R","M","E"],"character_chosen":"THE_SILENT","items_purchased":["Cloak And Dagger"],"campfire_rested":0,"item_purchase_floors":[3],"current_hp_per_floor":[54,47,47,43,29,16,16,14,14,37,34,34,29,0],"gold":174,"neow_bonus":"ONE_RANDOM_RARE_CARD","is_prod":false,"is_daily":false,"chose_seed":false,"campfire_upgraded":0,"win_rate":0,"timestamp":1556768061,"path_taken":["M","?","$","?","?","E","R","M","T","?","M","R","M","E"],"build_version":"2019-01-23","purchased_purges":1,"victory":false,"max_hp_per_floor":[70,70,70,70,70,70,70,70,70,70,70,70,70,70],"card_choices":[{"not_picked":["Sucker Punch","Crippling Poison"],"picked":"Bouncing Flask","floor":1},{"not_picked":["Prepared","Heel Hook","Sucker Punch"],"picked":"SKIP","floor":2},{"not_picked":["Deflect","Blade Dance"],"picked":"Crippling Poison","floor":4},{"not_picked":["Underhanded Strike","Blade Dance","Sucker Punch"],"picked":"SKIP","floor":6},{"not_picked":["Blade Dance","Quick Slash"],"picked":"Infinite Blades","floor":8},{"not_picked":["Infinite Blades","Dodge and Roll"],"picked":"Bouncing Flask","floor":11},{"not_picked":["Slice","Quick Slash","Sucker Punch"],"picked":"SKIP","floor":13},{"not_picked":["Slice","Quick Slash","Sucker Punch"],"picked":"SKIP","floor":13}],"player_experience":371706,"relics_obtained":[{"floor":6,"key":"Peace Pipe"},{"floor":9,"key":"The Courier"}],"event_choices":[{"damage_healed":0,"gold_gain":0,"player_choice":"Entered Light","damage_taken":14,"max_hp_gain":0,"max_hp_loss":0,"event_name":"Shining Light","floor":5,"gold_loss":0,"cards_upgraded":["Bouncing Flask","Survivor"]},{"damage_healed":23,"gold_gain":0,"player_choice":"Banana","damage_taken":0,"max_hp_gain":0,"max_hp_loss":0,"event_name":"Big Fish","floor":10,"gold_loss":0}],"is_beta":false,"boss_relics":[],"items_purged_floors":[3],"is_endless":false,"potions_floor_spawned":[2,4,6,11],"killed_by":"3 Sentries","ascension_level":10}