{"gold_per_floor":[19,30,41,41,41,70,80,92,118,118,136,136,136,147,147,224,224,240,258,183,183,202,202,202,236,236,250,250,269,269,280,280,359,359,374,374,428,428,160,190,190,190,190,205,220,220],"floor_reached":46,"playtime":1693,"items_purged":["Defend_R"],"score":944,"play_id":"800e57a9-a356-4fbf-a987-50dc34e9353a","local_time":"20190401230249","is_ascension_mode":true,"campfire_choices":[{"floor":10,"key":"REST"},{"floor":13,"key":"REST"},{"data":"Demon Form","floor":15,"key":"SMITH"},{"floor":23,"key":"REST"},{"floor":30,"key":"REST"},{"data":"Uppercut","floor":32,"key":"SMITH"},{"floor":42,"key":"REST"}],"neow_cost":"NO_GOLD","seed_source_timestamp":1027604256429400,"circlet_count":0,"master_deck":["AscendersBane","Strike_R","Strike_R","Strike_R","Strike_R","Strike_R","Defend_R","Defend_R","Bash","Fiend Fire","Demon Form+1","Pummel","Shrug It Off","Shrug It Off","Necronomicurse","Uppercut+1","Sword Boomerang+1","Impervious","Flame Barrier+1","Shrug It Off","Uppercut+1"],"relics":["Burning Blood","Strawberry","Orichalcum","Dream Catcher","Snecko Eye","Necronomicon","Molten Egg 2","Blood Vial","Mark of Pain","Dead Branch","Omamori","Ornamental Fan"],"potions_floor_usage":[6,16,25,37,40,40,46],"damage_taken":[{"damage":10,"enemies":"Small Slimes","floor":1,"turns":3},{"damage":5,"enemies":"2 Louse","floor":2,"turns":4},{"damage":9,"enemies":"Jaw Worm","floor":3,"turns":3},{"damage":49,"enemies":"Lagavulin","floor":6,"turns":6},{"damage":7,"enemies":"Looter","floor":7,"turns":4},{"damage":14,"enemies":"3 Louse","floor":8,"turns":5},{"damage":10,"enemies":"Blue Slaver","floor":11,"turns":4},{"damage":9,"enemies":"2 Fungi Beasts","floor":14,"turns":3},{"damage":23,"enemies":"The Guardian","floor":16,"turns":9},{"damage":21,"enemies":"Spheric Guardian","floor":18,"turns":4},{"damage":9,"enemies":"Chosen","floor":19,"turns":5},{"damage":5,"enemies":"Centurion and Healer","floor":22,"turns":5},{"damage":32,"enemies":"Slavers","floor":25,"turns":5},{"damage":6,"enemies":"3 Cultists","floor":27,"turns":3},{"damage":34,"enemies":"Shelled Parasite and Fungi","floor":29,"turns":4},{"damage":0,"enemies":"Snecko","floor":31,"turns":3},{"damage":25,"enemies":"Automaton","floor":33,"turns":8},{"damage":0,"enemies":"Orb Walker","floor":35,"turns":2},{"damage":62,"enemies":"2 Orb Walkers","floor":37,"turns":5},{"damage":40,"enemies":"Giant Head","floor":40,"turns":6},{"damage":29,"enemies":"3 Darklings","floor":44,"turns":5},{"damage":9,"enemies":"4 Shapes","floor":45,"turns":8},{"damage":14,"enemies":"Writhing Mass","floor":46,"turns":1}],"seed_played":"5380015485866692183","potions_obtained":[{"floor":2,"key":"PowerPotion"},{"floor":3,"key":"SpeedPotion"},{"floor":14,"key":"Swift Potion"},{"floor":18,"key":"SpeedPotion"},{"floor":19,"key":"Ancient Potion"},{"floor":33,"key":"GamblersBrew"},{"floor":44,"key":"Fire Potion"},{"floor":45,"key":"Swift Potion"}],"is_trial":false,"path_per_floor":["M","M","M","?","?","E","M","M","T","R","M","?","R","M","R","B",null,"M","M","?","?","M","R","T","E","T","M","?","M","R","M","R","B",null,"M","?","?","?","$","E","?","R","T","M","M","M"],"character_chosen":"IRONCLAD","items_purchased":["BloodPotion","Shrug It Off","SkillPotion"],"campfire_rested":5,"item_purchase_floors":[39,39,39],"current_hp_per_floor":[64,65,62,62,67,31,30,22,22,48,44,26,52,49,49,32,73,58,55,55,34,35,61,61,35,35,37,54,28,54,62,62,45,77,85,85,31,31,31,7,7,33,33,12,11,0],"gold":220,"neow_bonus":"THREE_RARE_CARDS","is_prod":false,"is_daily":false,"chose_seed":false,"campfire_upgraded":2,"win_rate":0,"timestamp":1554152569,"path_taken":["M","M","M","?","?","E","M","M","T","R","?","?","R","M","R","BOSS","M","M","?","?","M","R","?","E","T","M","?","M","R","M","R","BOSS","M","?","?","?","$","E","?","R","T","M","?","M"],"build_version":"2019-03-15","purchased_purges":1,"victory":false,"max_hp_per_floor":[75,75,75,75,80,87,87,87,87,87,87,87,87,87,87,87,87,87,87,87,87,87,87,87,87,87,87,87,87,87,87,87,87,87,87,87,87,87,87,87,87,87,87,87,87,87],"card_choices":[{"not_picked":["Juggernaut","Reaper"],"picked":"Fiend Fire","floor":0},{"not_picked":["True Grit","Blood for Blood","Combust"],"picked":"SKIP","floor":1},{"not_picked":["Second Wind","Flex","Clothesline"],"picked":"SKIP","floor":2},{"not_picked":["Headbutt","Pommel Strike","Flex"],"picked":"SKIP","floor":3},{"not_picked":["Impervious","Body Slam"],"picked":"Demon Form","floor":6},{"not_picked":["Reckless Charge","Flex","Iron Wave"],"picked":"SKIP","floor":7},{"not_picked":["Combust","Flex","Burning Pact"],"picked":"SKIP","floor":8},{"not_picked":["Disarm","Clothesline","Cleave"],"picked":"SKIP","floor":11},{"not_picked":["Sword Boomerang","Wild Strike"],"picked":"Pummel","floor":13},{"not_picked":["Wild Strike","Carnage"],"picked":"Shrug It Off","floor":14},{"not_picked":["Infernal Blade","Cleave"],"picked":"Shrug It Off","floor":18},{"not_picked":["Cleave","Pommel Strike+1","Second Wind"],"picked":"SKIP","floor":19},{"not_picked":["Pommel Strike","Uppercut","Flex"],"picked":"SKIP","floor":22},{"not_picked":["Pommel Strike","Flex"],"picked":"Uppercut","floor":22},{"not_picked":["Seeing Red","Anger+1"],"picked":"Sword Boomerang+1","floor":25},{"not_picked":["Entrench","Perfected Strike+1","Armaments"],"picked":"SKIP","floor":27},{"not_picked":["Clothesline+1","Thunderclap+1"],"picked":"Impervious","floor":29},{"not_picked":["Ghostly Armor","Infernal Blade"],"picked":"Flame Barrier+1","floor":31},{"not_picked":["Clash+1","Wild Strike+1","Fire Breathing"],"picked":"SKIP","floor":35},{"not_picked":["Bloodletting+1","Perfected Strike+1","Rage+1"],"picked":"SKIP","floor":40},{"not_picked":["Fire Breathing+1","Dual Wield","Pommel Strike+1"],"picked":"SKIP","floor":44},{"not_picked":["Shrug It Off","Heavy Blade+1","Offering"],"picked":"SKIP","floor":45}],"player_experience":1317068,"relics_obtained":[{"floor":6,"key":"Strawberry"},{"floor":9,"key":"Orichalcum"},{"floor":21,"key":"Necronomicon"},{"floor":24,"key":"Molten Egg 2"},{"floor":25,"key":"Blood Vial"},{"floor":37,"key":"Dead Branch"},{"floor":40,"key":"Omamori"},{"floor":43,"key":"Ornamental Fan"}],"event_choices":[{"damage_healed":0,"gold_gain":0,"player_choice":"Ignored","damage_taken":0,"max_hp_gain":0,"max_hp_loss":0,"event_name":"Shining Light","floor":4,"gold_loss":0},{"damage_healed":0,"gold_gain":0,"player_choice":"Donut","damage_taken":0,"max_hp_gain":5,"max_hp_loss":0,"event_name":"Big Fish","floor":5,"gold_loss":0},{"damage_healed":0,"gold_gain":0,"player_choice":"Success","damage_taken":18,"relics_obtained":["Dream Catcher"],"max_hp_gain":0,"max_hp_loss":0,"event_name":"Scrap Ooze","floor":12,"gold_loss":0},{"cards_removed":["Defend_R"],"damage_healed":0,"gold_gain":0,"player_choice":"Gave Gold","damage_taken":0,"max_hp_gain":0,"max_hp_loss":0,"event_name":"Beggar","floor":20,"gold_loss":75},{"damage_healed":0,"gold_gain":0,"player_choice":"Obtained Book","damage_taken":21,"max_hp_gain":0,"max_hp_loss":0,"event_name":"Cursed Tome","floor":21,"gold_loss":0},{"damage_healed":17,"gold_gain":0,"player_choice":"Heal","damage_taken":0,"max_hp_gain":0,"max_hp_loss":0,"event_name":"The Library","floor":28,"gold_loss":0},{"damage_healed":0,"gold_gain":0,"player_choice":"Memory 1","damage_taken":0,"max_hp_gain":0,"max_hp_loss":0,"event_name":"SensoryStone","floor":36,"gold_loss":0},{"damage_healed":0,"gold_gain":0,"player_choice":"Fight","damage_taken":0,"max_hp_gain":0,"max_hp_loss":0,"event_name":"Mysterious Sphere","floor":37,"gold_loss":0},{"damage_healed":0,"gold_gain":0,"player_choice":"Ignored","damage_taken":0,"max_hp_gain":0,"max_hp_loss":0,"event_name":"Tomb of Lord Red Mask","floor":38,"gold_loss":0},{"damage_healed":0,"gold_gain":0,"player_choice":"Copied","damage_taken":0,"max_hp_gain":0,"max_hp_loss":0,"event_name":"Duplicator","floor":41,"gold_loss":0,"cards_obtained":["Uppercut"]}],"is_beta":true,"boss_relics":[{"not_picked":["Tiny House","Pandora\u0027s Box"],"picked":"Snecko Eye"},{"not_picked":["Eternal Feather","Philosopher\u0027s Stone"],"picked":"Mark of Pain"}],"items_purged_floors":[39],"is_endless":false,"potions_floor_spawned":[2,3,14,18,19,22,33,44,45],"killed_by":"Writhing Mass","ascension_level":20}