{"gold_per_floor":[111,261,271,271,281,281,206,220,220,220,236,247,266,281,281,359,359,373,373,387,287,287,287,303,303,303,303,313,327,149,194,194,194],"floor_reached":33,"playtime":1597,"items_purged":["Defend_R","Defend_R","Strike_R"],"score":482,"play_id":"e606c3bd-a85e-4766-9720-fdcb04e88127","local_time":"20181104170513","is_ascension_mode":true,"campfire_choices":[{"data":"Shockwave","floor":6.0,"key":"SMITH"},{"data":"Bash","floor":10.0,"key":"SMITH"},{"data":"Armaments","floor":15.0,"key":"SMITH"},{"data":"RitualDagger","floor":23,"key":"SMITH"},{"floor":25,"key":"REST"},{"floor":27,"key":"REST"},{"floor":32,"key":"REST"}],"neow_cost":"NONE","seed_source_timestamp":0,"circlet_count":0,"master_deck":["AscendersBane","Strike_R","Strike_R","Strike_R","Strike_R","Defend_R","Defend_R","Bash+1","Shockwave+1","True Grit","Shrug It Off","Double Tap","Metallicize","Armaments+1","Fiend Fire","Clothesline","RitualDagger+1","Spot Weakness","Shrug It Off"],"special_seed":0,"relics":["Burning Blood","Oddly Smooth Stone","Kunai","Velvet Choker","Frozen Egg 2","Omamori"],"potions_floor_usage":[16,16,29,33,33],"damage_taken":[{"damage":5.0,"enemies":"2 Louse","floor":1.0,"turns":4.0},{"damage":22.0,"enemies":"Jaw Worm","floor":3.0,"turns":6.0},{"damage":2.0,"enemies":"Cultist","floor":5.0,"turns":4.0},{"damage":7.0,"enemies":"Looter","floor":8.0,"turns":5.0},{"damage":0.0,"enemies":"2 Fungi Beasts","floor":11.0,"turns":4.0},{"damage":0.0,"enemies":"Exordium Wildlife","floor":12.0,"turns":5.0},{"damage":20.0,"enemies":"Lots of Slimes","floor":13.0,"turns":6.0},{"damage":16.0,"enemies":"3 Louse","floor":14.0,"turns":6.0},{"damage":19,"enemies":"Slime Boss","floor":16,"turns":8},{"damage":5,"enemies":"Shell Parasite","floor":18,"turns":8},{"damage":16,"enemies":"Colosseum Slavers","floor":19,"turns":5},{"damage":21,"enemies":"Spheric Guardian","floor":20,"turns":10},{"damage":25,"enemies":"Cultist and Chosen","floor":24,"turns":11},{"damage":29,"enemies":"Snake Plant","floor":28,"turns":6},{"damage":16,"enemies":"Shelled Parasite and Fungi","floor":29,"turns":10},{"damage":58,"enemies":"Automaton","floor":33,"turns":12}],"seed_played":"-6610528004082047746","potions_obtained":[{"floor":1.0,"key":"PowerPotion"},{"floor":3.0,"key":"BloodPotion"},{"floor":5.0,"key":"Block Potion"},{"floor":13.0,"key":"PowerPotion"},{"floor":18,"key":"EssenceOfSteel"},{"floor":28,"key":"PowerPotion"}],"is_trial":false,"path_per_floor":["M","?","M","?","M","R","$","M","T","R","M","M","M","M","R","B",null,"M","?","M","$","?","R","M","R","T","R","M","M","$","T","R","B"],"character_chosen":"IRONCLAD","items_purchased":["SkillPotion"],"campfire_rested":3,"item_purchase_floors":[30],"current_hp_per_floor":[69,69,53,53,57,57,57,56,56,56,62,68,54,44,44,31,64,65,55,40,40,34,34,15,37,37,59,36,26,26,26,48,0],"gold":194,"neow_bonus":"RANDOM_COMMON_RELIC","is_prod":false,"is_daily":false,"chose_seed":false,"campfire_upgraded":4,"win_rate":0,"timestamp":1541347513,"path_taken":["M","?","M","?","M","R","$","M","T","R","M","M","?","M","R","BOSS","M","?","M","$","?","R","M","R","T","R","M","M","$","?","R","BOSS"],"build_version":"2018-11-02","purchased_purges":3,"victory":false,"max_hp_per_floor":[75,75,75,75,75,75,75,75,75,75,75,75,75,75,75,75,75,75,75,75,75,75,75,75,75,75,75,75,75,75,75,75,75],"card_choices":[{"not_picked":["Reckless Charge","Armaments"],"picked":"Shockwave","floor":1.0},{"not_picked":["Evolve","Seeing Red"],"picked":"True Grit","floor":3.0},{"not_picked":["Fire Breathing","True Grit"],"picked":"Shrug It Off","floor":5.0},{"not_picked":["Clash","Pummel","Rage"],"picked":"SKIP","floor":8.0},{"not_picked":["Twin Strike","Headbutt"],"picked":"Double Tap","floor":11.0},{"not_picked":["Headbutt","Perfected Strike"],"picked":"Metallicize","floor":12.0},{"not_picked":["Thunderclap","Cleave"],"picked":"Armaments","floor":13.0},{"not_picked":["Shrug It Off","Clash","Wild Strike"],"picked":"SKIP","floor":14.0},{"not_picked":["Brutality","Bludgeon"],"picked":"Fiend Fire","floor":16},{"not_picked":["Blood for Blood+1","Burning Pact+1","Shockwave"],"picked":"SKIP","floor":18},{"not_picked":["Twin Strike","Armaments"],"picked":"Clothesline","floor":20},{"not_picked":["Perfected Strike","Infernal Blade"],"picked":"Spot Weakness","floor":24},{"not_picked":["Shrug It Off","Infernal Blade","Perfected Strike"],"picked":"SKIP","floor":28},{"not_picked":["Infernal Blade","Perfected Strike"],"picked":"Shrug It Off","floor":28},{"not_picked":["Anger","Wild Strike","Hemokinesis"],"picked":"SKIP","floor":29}],"player_experience":872465,"relics_obtained":[{"floor":9.0,"key":"Kunai"},{"floor":26,"key":"Frozen Egg 2"},{"floor":31,"key":"Omamori"}],"event_choices":[{"damage_healed":0.0,"max_hp_gain":0.0,"max_hp_loss":0.0,"gold_gain":150.0,"event_name":"Liars Game","player_choice":"AGREE","floor":2.0,"gold_loss":0.0,"damage_taken":0.0,"cards_obtained":["Doubt"]},{"cards_removed":["Doubt"],"damage_healed":0.0,"max_hp_gain":0.0,"max_hp_loss":0.0,"gold_gain":0.0,"event_name":"Purifier","player_choice":"Purged","floor":4.0,"gold_loss":0.0,"damage_taken":0.0},{"damage_healed":0,"gold_gain":0,"player_choice":"Fight","damage_taken":0,"max_hp_gain":0,"max_hp_loss":0,"event_name":"Colosseum","floor":19,"gold_loss":0},{"damage_healed":0,"gold_gain":0,"player_choice":"Fled From Nobs","damage_taken":0,"max_hp_gain":0,"max_hp_loss":0,"event_name":"Colosseum","floor":19,"gold_loss":0},{"damage_healed":0,"gold_gain":0,"player_choice":"Joined the Cult","damage_taken":6,"max_hp_gain":0,"max_hp_loss":0,"event_name":"Nest","floor":22,"gold_loss":0,"cards_obtained":["RitualDagger"]}],"is_beta":true,"boss_relics":[{"not_picked":["Cursed Key","Ectoplasm"],"picked":"Velvet Choker"}],"items_purged_floors":[7,21,30],"is_endless":false,"potions_floor_spawned":[1,3,5,13,18,19,28],"killed_by":"Automaton","ascension_level":20}