{"gold_per_floor":[109,259,334,351,351,351,371,22,22,33,33,48,48,76,76,155,155,172,72,72,72,91,91,137,166,193,193],"floor_reached":27,"playtime":638,"items_purged":["Defend_R","Defend_R"],"score":458,"play_id":"9b2da838-549c-4f7d-9e26-432397431fff","local_time":"20190331190443","is_ascension_mode":true,"campfire_choices":[{"floor":6,"key":"REST"},{"data":"Bash","floor":11,"key":"SMITH"},{"floor":15,"key":"REST"},{"floor":23,"key":"REST"}],"neow_cost":"PERCENT_DAMAGE","seed_source_timestamp":927969809930800,"circlet_count":0,"master_deck":["AscendersBane","Strike_R","Strike_R+1","Strike_R","Strike_R","Strike_R","Defend_R","Defend_R","Bash+1","Bludgeon+1","Sword Boomerang","Shrug It Off","Demon Form+1","Limit Break","Shrug It Off","Decay","Feed"],"relics":["Burning Blood","Pantograph","Frozen Egg 2","Paper Frog","Cursed Key","Omamori","Bag of Marbles","Vajra","Oddly Smooth Stone"],"potions_floor_usage":[7,14,14,22,25],"damage_taken":[{"damage":0,"enemies":"Cultist","floor":1,"turns":2},{"damage":5,"enemies":"2 Louse","floor":4,"turns":4},{"damage":7,"enemies":"Small Slimes","floor":7,"turns":3},{"damage":29,"enemies":"3 Louse","floor":10,"turns":5},{"damage":2,"enemies":"2 Fungi Beasts","floor":12,"turns":4},{"damage":8,"enemies":"Gremlin Nob","floor":14,"turns":3},{"damage":48,"enemies":"The Guardian","floor":16,"turns":7},{"damage":15,"enemies":"2 Thieves","floor":18,"turns":4},{"damage":17,"enemies":"Chosen","floor":22,"turns":4},{"damage":30,"enemies":"Gremlin Leader","floor":25,"turns":4},{"damage":30,"enemies":"Shelled Parasite and Fungi","floor":27,"turns":2}],"seed_played":"4709506668646492280","potions_obtained":[{"floor":1,"key":"GamblersBrew"},{"floor":4,"key":"AttackPotion"},{"floor":10,"key":"GamblersBrew"},{"floor":18,"key":"GamblersBrew"},{"floor":22,"key":"Swift Potion"}],"is_trial":false,"path_per_floor":["M","?","?","M","?","R","M","$","T","M","R","M","?","E","R","B",null,"M","$","?","T","M","R","T","E","T","M"],"character_chosen":"IRONCLAD","items_purchased":["Pantograph"],"campfire_rested":3,"item_purchase_floors":[8],"current_hp_per_floor":[56,56,45,46,39,61,60,60,60,37,37,41,18,16,38,21,62,53,53,32,32,21,45,45,21,21,0],"gold":193,"neow_bonus":"THREE_RARE_CARDS","is_prod":false,"is_daily":false,"chose_seed":false,"campfire_upgraded":1,"win_rate":0,"timestamp":1554051883,"path_taken":["M","?","?","M","?","R","M","$","T","M","R","M","?","E","R","BOSS","M","$","?","?","?","R","?","E","T","M"],"build_version":"2019-03-15","purchased_purges":2,"victory":false,"max_hp_per_floor":[75,75,75,75,75,75,75,75,75,75,75,75,75,75,75,75,75,75,75,80,80,80,80,80,80,80,80],"card_choices":[{"not_picked":["Barricade","Berserk"],"picked":"Bludgeon","floor":0},{"not_picked":["Metallicize","Clothesline","Twin Strike"],"picked":"SKIP","floor":1},{"not_picked":["Pommel Strike","Body Slam","Hemokinesis"],"picked":"SKIP","floor":4},{"not_picked":["Spot Weakness","Headbutt"],"picked":"Sword Boomerang","floor":7},{"not_picked":["Fire Breathing+1","Armaments"],"picked":"Shrug It Off","floor":10},{"not_picked":["Headbutt","Sword Boomerang","Bloodletting"],"picked":"SKIP","floor":12},{"not_picked":["Cleave","Twin Strike"],"picked":"Demon Form+1","floor":14},{"not_picked":["Offering","Double Tap"],"picked":"Limit Break","floor":16},{"not_picked":["Clash","Clothesline"],"picked":"Shrug It Off","floor":18},{"not_picked":["Carnage","Dual Wield","Flex"],"picked":"SKIP","floor":22},{"not_picked":["Warcry","Sword Boomerang"],"picked":"Feed","floor":25}],"player_experience":1311274,"relics_obtained":[{"floor":9,"key":"Frozen Egg 2"},{"floor":14,"key":"Paper Frog"},{"floor":21,"key":"Omamori"},{"floor":24,"key":"Bag of Marbles"},{"floor":25,"key":"Vajra"},{"floor":26,"key":"Oddly Smooth Stone"}],"event_choices":[{"damage_healed":0,"gold_gain":150,"player_choice":"AGREE","damage_taken":0,"max_hp_gain":0,"max_hp_loss":0,"event_name":"Liars Game","floor":2,"gold_loss":0,"cards_obtained":["Doubt"]},{"damage_healed":0,"gold_gain":75,"player_choice":"Gather Gold","damage_taken":11,"max_hp_gain":0,"max_hp_loss":0,"event_name":"World of Goop","floor":3,"gold_loss":0},{"cards_removed":["Doubt"],"damage_healed":0,"gold_gain":0,"player_choice":"Card Removal","damage_taken":7,"max_hp_gain":0,"max_hp_loss":0,"event_name":"Golden Wing","floor":5,"gold_loss":0},{"damage_healed":0,"gold_gain":0,"player_choice":"Entered Light","damage_taken":23,"max_hp_gain":0,"max_hp_loss":0,"event_name":"Shining Light","floor":13,"gold_loss":0,"cards_upgraded":["Bludgeon","Strike_R"]},{"damage_healed":0,"gold_gain":0,"player_choice":"Shed Blood","damage_taken":26,"max_hp_gain":5,"max_hp_loss":0,"event_name":"Forgotten Altar","floor":20,"gold_loss":0}],"is_beta":true,"boss_relics":[{"not_picked":["Empty Cage","Orrery"],"picked":"Cursed Key"}],"items_purged_floors":[8,19],"is_endless":false,"potions_floor_spawned":[1,4,10,18,22],"killed_by":"Shelled Parasite and Fungi","ascension_level":20}