{"gold_per_floor":[366,13,38,73,28,28,63,63,89,115,149,149,47,79,79,212,212,228,328,328,4,4,45,45,70,95,95],"floor_reached":27,"playtime":1088,"items_purged":["Shame","Strike_R"],"score":386,"play_id":"b676718c-e94d-4358-800a-fff6e42c1c5b","local_time":"20181006153632","is_ascension_mode":true,"campfire_choices":[{"data":"Armaments","floor":8,"key":"SMITH"},{"floor":15,"key":"REST"},{"floor":24,"key":"REST"}],"neow_cost":"CURSE","seed_source_timestamp":75456586248400,"circlet_count":0,"master_deck":["Strike_R","Strike_R+1","Strike_R+1","Strike_R","Defend_R+1","Defend_R","Defend_R","Defend_R+1","Bash","AscendersBane","Thunderclap","HandOfGreed","Inflame","Pommel Strike","Barricade+1","Armaments+1","Shrug It Off+1","Body Slam","Havoc+1","Havoc"],"relics":["Burning Blood","Bag of Preparation","Blood Vial","Ancient Tea Set","Philosopher\u0027s Stone","Nilry\u0027s Codex","War Paint","Bag of Marbles","Whetstone","Anchor"],"potions_floor_usage":[7,10,16,23],"damage_taken":[{"damage":7,"enemies":"Cultist","floor":1,"turns":4},{"damage":0,"enemies":"2 Louse","floor":3,"turns":2},{"damage":15,"enemies":"Small Slimes","floor":4,"turns":3},{"damage":32,"enemies":"Gremlin Nob","floor":7,"turns":4},{"damage":24,"enemies":"3 Sentries","floor":10,"turns":9},{"damage":3,"enemies":"Blue Slaver","floor":11,"turns":4},{"damage":2,"enemies":"Large Slime","floor":14,"turns":6},{"damage":28,"enemies":"Slime Boss","floor":16,"turns":13},{"damage":33,"enemies":"Shell Parasite","floor":18,"turns":7},{"damage":67,"enemies":"Slavers","floor":23,"turns":6},{"damage":10,"enemies":"Gremlin Leader","floor":25,"turns":7},{"damage":50,"enemies":"Book of Stabbing","floor":27,"turns":5}],"seed_played":"-2720845777304178512","potions_obtained":[{"floor":3,"key":"Swift Potion"},{"floor":7,"key":"Fire Potion"},{"floor":11,"key":"Dexterity Potion"},{"floor":14,"key":"SkillPotion"}],"is_trial":false,"path_per_floor":["M","$","M","M","$","?","E","R","T","E","M","?","$","M","R","B",null,"M","?","?","$","?","E","R","E","T"],"character_chosen":"IRONCLAD","items_purchased":["HandOfGreed","Inflame","Armaments","Body Slam","Havoc","War Paint","Uppercut"],"campfire_rested":2,"item_purchase_floors":[2,2,5,13,13,21,21],"current_hp_per_floor":[71,71,77,68,68,52,26,26,26,10,15,15,15,21,45,25,66,41,41,25,25,80,19,43,41,41,0],"gold":95,"neow_bonus":"TWO_FIFTY_GOLD","is_prod":false,"is_daily":false,"chose_seed":false,"campfire_upgraded":1,"win_rate":0,"timestamp":1538865392,"path_taken":["M","$","M","M","?","?","E","R","T","E","M","?","$","?","R","BOSS","M","?","?","?","?","E","R","E","T","E"],"build_version":"2018-10-04","purchased_purges":2,"victory":false,"max_hp_per_floor":[80,80,80,80,80,80,80,80,80,80,80,80,80,80,80,80,80,80,80,80,80,80,80,80,80,80,80],"card_choices":[{"not_picked":["Evolve","Reckless Charge"],"picked":"Thunderclap","floor":1},{"not_picked":["Anger","Shockwave"],"picked":"Pommel Strike","floor":3},{"not_picked":["Warcry","Hemokinesis"],"picked":"Barricade","floor":4},{"not_picked":["Power Through","Dropkick"],"picked":"Shrug It Off","floor":7},{"not_picked":["Armaments","Sentinel","Wild Strike"],"picked":"SKIP","floor":10},{"not_picked":["Rage","Evolve","Dual Wield"],"picked":"SKIP","floor":11},{"not_picked":["Power Through","Searing Blow","Intimidate"],"picked":"SKIP","floor":14},{"not_picked":["Anger+1","Combust+1","Headbutt"],"picked":"SKIP","floor":18},{"not_picked":["Headbutt","Spot Weakness","Feel No Pain"],"picked":"SKIP","floor":23},{"not_picked":["Wild Strike+1","True Grit"],"picked":"Havoc","floor":25}],"player_experience":344853,"relics_obtained":[{"floor":7,"key":"Bag of Preparation"},{"floor":9,"key":"Blood Vial"},{"floor":10,"key":"Ancient Tea Set"},{"floor":20,"key":"Nilry\u0027s Codex"},{"floor":23,"key":"Bag of Marbles"},{"floor":25,"key":"Whetstone"},{"floor":26,"key":"Anchor"}],"event_choices":[{"event_name":"Shining Light","player_choice":"Entered Light","floor":6,"damage_taken":0},{"event_name":"Living Wall","player_choice":"Grow","floor":12,"damage_taken":0},{"event_name":"Golden Shrine","player_choice":"Pray","floor":19,"damage_taken":0},{"event_name":"Cursed Tome","player_choice":"Obtained Book","floor":20,"damage_taken":0},{"event_name":"Bonfire Elementals","player_choice":"UNCOMMON","floor":22,"damage_taken":0}],"is_beta":true,"boss_relics":[{"not_picked":["Velvet Choker","Empty Cage"],"picked":"Philosopher\u0027s Stone"}],"items_purged_floors":[2,21],"is_endless":false,"potions_floor_spawned":[3,7,11,14],"killed_by":"Book of Stabbing","ascension_level":10}