{"gold_per_floor":[114,114,129,146,159,159,186,203,258,258,4,4,15,15,15,89,89,107,107,125,139,159,159,171,171,171,186,111,122,141,141],"floor_reached":31,"playtime":1065,"items_purged":[],"score":586,"play_id":"f1007993-ffaa-4c19-9219-fba84c7bb7ad","local_time":"20190120192735","is_ascension_mode":true,"campfire_choices":[{"data":"Corpse Explosion","floor":6.0,"key":"SMITH"},{"data":"Footwork","floor":10.0,"key":"SMITH"},{"data":"Catalyst","floor":12.0,"key":"SMITH"},{"data":"Neutralize","floor":15.0,"key":"SMITH"},{"floor":23.0,"key":"REST"},{"floor":25,"key":"REST"}],"neow_cost":"TEN_PERCENT_HP_LOSS","seed_source_timestamp":0,"circlet_count":0,"master_deck":["AscendersBane","Defend_G","Defend_G","Defend_G","Defend_G","Strike_G","Strike_G","Strike_G","Survivor","Neutralize+1","Masterful Stab","Corpse Explosion+1","Backflip","Footwork+1","Dash","Catalyst+1","After Image","Footwork","Bane+1"],"special_seed":0,"relics":["Ring of the Snake","NlothsMask","Blue Candle","TwistedFunnel","Snecko Eye","Molten Egg 2"],"potions_floor_usage":[27,30,30,31],"damage_taken":[{"damage":0.0,"enemies":"2 Louse","floor":1.0,"turns":2.0},{"damage":0.0,"enemies":"Cultist","floor":3.0,"turns":3.0},{"damage":6.0,"enemies":"Small Slimes","floor":4.0,"turns":3.0},{"damage":0.0,"enemies":"3 Louse","floor":5.0,"turns":1.0},{"damage":16.0,"enemies":"3 Sentries","floor":7.0,"turns":6.0},{"damage":2.0,"enemies":"Looter","floor":8.0,"turns":4.0},{"damage":2.0,"enemies":"2 Fungi Beasts","floor":13.0,"turns":2.0},{"damage":0.0,"enemies":"The Guardian","floor":16.0,"turns":6.0},{"damage":0.0,"enemies":"3 Byrds","floor":18.0,"turns":2.0},{"damage":13.0,"enemies":"Colosseum Slavers","floor":19.0,"turns":2.0},{"damage":1.0,"enemies":"Spheric Guardian","floor":20.0,"turns":5.0},{"damage":18.0,"enemies":"Centurion and Healer","floor":21.0,"turns":2.0},{"damage":18.0,"enemies":"Shelled Parasite and Fungi","floor":22.0,"turns":3.0},{"damage":17,"enemies":"Snake Plant","floor":24,"turns":4},{"damage":0,"enemies":"3 Cultists","floor":27,"turns":2},{"damage":13,"enemies":"Sentry and Sphere","floor":29,"turns":6},{"damage":8,"enemies":"Snake Plant","floor":30,"turns":5},{"damage":3,"enemies":"Chosen and Byrds","floor":31,"turns":3}],"seed_played":"2264000466778877227","potions_obtained":[{"floor":5.0,"key":"SpeedPotion"},{"floor":7.0,"key":"Swift Potion"},{"floor":20.0,"key":"Energy Potion"},{"floor":24,"key":"GhostInAJar"},{"floor":27,"key":"PowerPotion"},{"floor":30,"key":"SpeedPotion"}],"is_trial":false,"path_per_floor":["M","?","M","M","M","R","E","M","T","R","$","R","M","$","R","B",null,"M","?","M","M","M","R","M","R","T","M","?","M","M","M"],"character_chosen":"THE_SILENT","items_purchased":["TwistedFunnel","Catalyst"],"campfire_rested":2,"item_purchase_floors":[11,11],"current_hp_per_floor":[59,59,59,53,53,53,37,35,35,35,35,35,33,33,33,33,53,53,40,39,21,3,21,4,22,22,22,22,9,1,0],"gold":141,"neow_bonus":"TRANSFORM_TWO_CARDS","is_prod":false,"is_daily":false,"chose_seed":false,"campfire_upgraded":4,"win_rate":0,"timestamp":1548008855,"path_taken":["M","?","?","M","M","R","E","M","T","R","?","R","M","?","R","BOSS","M","?","M","M","M","R","M","R","T","M","?","M","M","M"],"build_version":"2019-01-19","purchased_purges":0,"victory":false,"max_hp_per_floor":[60,60,60,60,60,60,60,60,60,60,60,60,60,60,60,60,60,60,60,60,60,60,60,60,60,60,60,60,60,60,60],"card_choices":[{"not_picked":["Sucker Punch","Slice","Bane"],"picked":"SKIP","floor":1.0},{"not_picked":["Distraction","PiercingWail"],"picked":"Backflip","floor":3.0},{"not_picked":["Reflex","Deflect","Sucker Punch"],"picked":"SKIP","floor":4.0},{"not_picked":["Escape Plan","Dagger Throw"],"picked":"Footwork","floor":5.0},{"not_picked":["Doppelganger","Outmaneuver"],"picked":"Dash","floor":7.0},{"not_picked":["Predator","Dagger Throw","Setup"],"picked":"SKIP","floor":8.0},{"not_picked":["Dash","Crippling Poison","Quick Slash"],"picked":"SKIP","floor":13.0},{"not_picked":["Wraith Form v2","Storm of Steel"],"picked":"After Image","floor":16.0},{"not_picked":["Accuracy","Deadly Poison+1","Blade Dance"],"picked":"SKIP","floor":18.0},{"not_picked":["Outmaneuver","Bane","Catalyst"],"picked":"SKIP","floor":20.0},{"not_picked":["Dash","Prepared","Bane"],"picked":"SKIP","floor":21.0},{"not_picked":["Cloak And Dagger","Setup"],"picked":"Footwork","floor":22.0},{"not_picked":["Slice","PiercingWail","Quick Slash"],"picked":"SKIP","floor":24},{"not_picked":["Flying Knee+1","Skewer+1"],"picked":"Bane+1","floor":27},{"not_picked":["Finisher+1","Die Die Die+1","Dagger Throw+1"],"picked":"SKIP","floor":29},{"not_picked":["PiercingWail","Cloak And Dagger","Underhanded Strike+1"],"picked":"SKIP","floor":30}],"player_experience":1059346,"relics_obtained":[{"floor":7.0,"key":"Blue Candle"},{"floor":26,"key":"Molten Egg 2"}],"event_choices":[{"damage_healed":0.0,"max_hp_gain":0.0,"max_hp_loss":0.0,"gold_gain":0.0,"event_name":"FaceTrader","player_choice":"Trade","floor":2.0,"gold_loss":0.0,"damage_taken":0.0,"relics_obtained":["NlothsMask"]},{"damage_healed":0.0,"max_hp_gain":0.0,"max_hp_loss":0.0,"gold_gain":0.0,"event_name":"Colosseum","player_choice":"Fight","floor":19.0,"gold_loss":0.0,"damage_taken":0.0},{"damage_healed":0.0,"max_hp_gain":0.0,"max_hp_loss":0.0,"gold_gain":0.0,"event_name":"Colosseum","player_choice":"Fled From Nobs","floor":19.0,"gold_loss":0.0,"damage_taken":0.0},{"cards_removed":["Strike_G"],"damage_healed":0,"gold_gain":0,"player_choice":"Gave Gold","damage_taken":0,"max_hp_gain":0,"max_hp_loss":0,"event_name":"Beggar","floor":28,"gold_loss":75}],"is_beta":true,"boss_relics":[{"not_picked":["Philosopher\u0027s Stone","HoveringKite"],"picked":"Snecko Eye"}],"items_purged_floors":[],"is_endless":false,"potions_floor_spawned":[5,7,20,21,24,27,29,30],"killed_by":"Chosen and Byrds","ascension_level":20}