{"path_per_floor":["M","?","?","?","M","R","E","$","T","E","R","E","R","M","R","B",null,"M","?","$","T","M","E","$","E","T","E","R","M","R","M","R","B",null,"M","$","?","?","$","R","?","B"],"character_chosen":"IRONCLAD","items_purchased":["Battle Trance","Flame Barrier","Havoc","Shovel"],"gold_per_floor":[111,211,211,211,228,228,256,256,256,282,282,317,317,328,328,433,433,451,451,376,376,387,421,241,272,298,323,323,340,340,356,356,455,455,468,165,0,0,0,0,0,0],"floor_reached":43,"campfire_rested":0,"playtime":2148,"item_purchase_floors":[],"current_hp_per_floor":[27,27,53,53,58,58,24,24,24,30,30,37,37,55,55,52,80,80,80,80,94,90,56,56,54,54,60,60,70,70,76,76,78,94,93,93,93,81,81,91,91,23],"items_purged":["Strike_R"],"gold":0,"score":806,"play_id":"9de0ca24-ac26-4567-b171-3bd2948696d5","local_time":"20180617155117","is_prod":false,"is_daily":false,"chose_seed":false,"is_ascension_mode":true,"campfire_upgraded":7,"win_rate":0,"timestamp":1529275877,"campfire_choices":[{"data":"Bash","floor":6.0,"key":"SMITH"},{"data":"Havoc","floor":11.0,"key":"SMITH"},{"data":"Barricade","floor":13.0,"key":"SMITH"},{"data":"Thunderclap","floor":15.0,"key":"SMITH"},{"data":"Entrench","floor":28,"key":"SMITH"},{"data":"Impervious","floor":30,"key":"SMITH"},{"data":"Havoc","floor":32,"key":"SMITH"},{"floor":40,"key":"DIG"}],"path_taken":["M","?","?","?","?","R","E","?","T","E","R","E","R","M","R","BOSS","M","?","$","?","M","E","$","E","T","E","R","M","R","M","R","BOSS","M","$","?","?","$","R","?","BOSS"],"build_version":"2018-06-11","seed_source_timestamp":0,"purchased_purges":1,"victory":true,"master_deck":["Strike_R","Strike_R","Strike_R","Strike_R","Defend_R","Defend_R","Defend_R","Defend_R","Bash+1","Shrug It Off+1","Havoc+1","Barricade+1","Impervious+1","Shrug It Off","Thunderclap","RitualDagger","Battle Trance","Flame Barrier","Havoc+1","Inflame","Entrench+1","Inflame+1","Fiend Fire","Madness","Madness"],"max_hp_per_floor":[80,80,80,80,80,80,80,80,80,80,80,80,80,80,80,80,80,80,80,80,94,94,94,94,94,94,94,94,94,94,94,94,94,94,94,94,94,94,94,104,104,104],"special_seed":0,"relics":["Burning Blood","Dead Branch","Meat on the Bone","Shuriken","Bag of Preparation","Dodecahedron","Mark of Pain","Mango","Toolbox","Charon\u0027s Ashes","Bronze Scales","Gambling Chip","Busted Crown","Shovel","Red Mask","Pear"],"card_choices":[{"not_picked":["Anger","Flex"],"picked":"Shrug It Off","floor":1.0},{"not_picked":["Body Slam","Clothesline","Blood for Blood"],"picked":"SKIP","floor":5.0},{"not_picked":["Anger","Sever Soul"],"picked":"Thunderclap","floor":7.0},{"not_picked":["Entrench","Iron Wave"],"picked":"Havoc","floor":10.0},{"not_picked":["Carnage","Bloodletting"],"picked":"Barricade","floor":12.0},{"not_picked":["Twin Strike","Dropkick","Rupture"],"picked":"SKIP","floor":14.0},{"not_picked":["Barricade","Reaper"],"picked":"Impervious","floor":16.0},{"not_picked":["Twin Strike","Anger"],"picked":"Shrug It Off","floor":18.0},{"not_picked":["Havoc","Sword Boomerang","Evolve"],"picked":"SKIP","floor":22.0},{"not_picked":["Anger","Heavy Blade","Armaments"],"picked":"SKIP","floor":23.0},{"not_picked":["Carnage","Sever Soul"],"picked":"Inflame","floor":25},{"not_picked":["Juggernaut","Anger"],"picked":"Entrench","floor":27},{"not_picked":["Shrug It Off","Thunderclap"],"picked":"Inflame+1","floor":29},{"not_picked":["Clash+1","Seeing Red+1","True Grit"],"picked":"SKIP","floor":31},{"not_picked":["Clash+1","Seeing Red+1","True Grit"],"picked":"SKIP","floor":31},{"not_picked":["Exhume","Brutality"],"picked":"Fiend Fire","floor":33},{"not_picked":["Evolve"],"picked":"SKIP","floor":35}],"player_experience":141932,"potions_floor_usage":[42,42,42],"damage_taken":[{"damage":19.0,"enemies":"Jaw Worm","floor":1.0,"turns":4.0},{"damage":1.0,"enemies":"Cultist","floor":5.0,"turns":4.0},{"damage":40.0,"enemies":"Lagavulin","floor":7.0,"turns":7.0},{"damage":12.0,"enemies":"3 Sentries","floor":10.0,"turns":9.0},{"damage":11.0,"enemies":"Lagavulin","floor":12.0,"turns":6.0},{"damage":0.0,"enemies":"Small Slimes","floor":14.0,"turns":5.0},{"damage":21.0,"enemies":"The Guardian","floor":16.0,"turns":13.0},{"damage":0.0,"enemies":"Spheric Guardian","floor":18.0,"turns":7.0},{"damage":10.0,"enemies":"3 Byrds","floor":22.0,"turns":6.0},{"damage":52.0,"enemies":"Gremlin Leader","floor":23.0,"turns":9.0},{"damage":8,"enemies":"Book of Stabbing","floor":25,"turns":7},{"damage":0,"enemies":"Gremlin Leader","floor":27,"turns":7},{"damage":0,"enemies":"Centurion and Healer","floor":29,"turns":8},{"damage":0,"enemies":"Snecko","floor":31,"turns":5},{"damage":4,"enemies":"Collector","floor":33,"turns":8},{"damage":7,"enemies":"3 Shapes","floor":35,"turns":2},{"damage":96,"enemies":"Time Eater","floor":42,"turns":9}],"relics_obtained":[{"floor":7.0,"key":"Meat on the Bone"},{"floor":9.0,"key":"Shuriken"},{"floor":10.0,"key":"Bag of Preparation"},{"floor":12.0,"key":"Dodecahedron"},{"floor":21.0,"key":"Mango"},{"floor":23.0,"key":"Toolbox"},{"floor":25,"key":"Charon\u0027s Ashes"},{"floor":26,"key":"Bronze Scales"},{"floor":27,"key":"Gambling Chip"},{"floor":40,"key":"Pear"}],"event_choices":[{"event_name":"Golden Shrine","player_choice":"Pray","floor":2.0,"damage_taken":0.0},{"event_name":"Big Fish","player_choice":"Banana","floor":3.0,"damage_taken":0.0},{"event_name":"Accursed Blacksmith","player_choice":"Forge","floor":4.0,"damage_taken":0.0},{"event_name":"Nest","player_choice":"Joined the Cult","floor":19.0,"damage_taken":0.0},{"event_name":"Tomb of Lord Red Mask","player_choice":"Paid","floor":37,"damage_taken":0},{"event_name":"Winding Halls","player_choice":"Embrace Madness","floor":38,"damage_taken":0},{"event_name":"SecretPortal","player_choice":"Took Portal.","floor":41,"damage_taken":0}],"boss_relics":[{"not_picked":["Calling Bell","Orrery"],"picked":"Mark of Pain"},{"not_picked":["Eternal Feather","Runic Dome"],"picked":"Busted Crown"}],"items_purged_floors":[],"potions_floor_spawned":[5,10,12,16,22,25,27,31,35],"seed_played":"8454592147934030180","ascension_level":1,"potions_obtained":[{"floor":5.0,"key":"LiquidBronze"},{"floor":10.0,"key":"SpeedPotion"},{"floor":12.0,"key":"Swift Potion"},{"floor":16.0,"key":"Dexterity Potion"},{"floor":22.0,"key":"Ancient Potion"},{"floor":25,"key":"Ancient Potion"},{"floor":31,"key":"Swift Potion"}],"is_trial":false}