{"gold_per_floor":[115,115,115,130,149,149,182,182,262,262,282,16,16,48,48,153,153,167,187,203,153,78,78,98,52,52,85,85,111,122,132,132,231,231,248,74,74,91,107,107,141,151,151,151,168,168],"floor_reached":46,"playtime":1384,"items_purged":["Regret","Normality"],"score":525,"play_id":"dd6bc312-fde6-4fe0-a907-9830068a6860","local_time":"20190315214841","is_ascension_mode":false,"campfire_choices":[{"data":"Bash","floor":6,"key":"SMITH"},{"data":"Sword Boomerang","floor":8,"key":"SMITH"},{"data":"Berserk","floor":10,"key":"SMITH"},{"data":"Immolate","floor":15,"key":"SMITH"},{"data":"Double Tap","floor":23,"key":"SMITH"},{"data":"Shrug It Off","floor":28,"key":"SMITH"},{"floor":32,"key":"REST"},{"data":"Limit Break","floor":40,"key":"SMITH"},{"floor":44,"key":"REST"}],"neow_cost":"CURSE","seed_source_timestamp":168903047079000,"circlet_count":0,"master_deck":["Strike_R+1","Strike_R","Strike_R","Strike_R","Defend_R","Defend_R","Defend_R","Bash+1","Shrug It Off+1","Berserk+1","Sword Boomerang+1","Immolate+1","Offering","Double Tap+1","Shrug It Off+1","Heavy Blade","Impervious","Parasite","Limit Break+1","Demon Form","Parasite","Pummel","Sword Boomerang"],"relics":["Burning Blood","Blood Vial","Gremlin Horn","Sling","Pantograph","Thread and Needle","Black Star","Bronze Scales","Vajra","Happy Flower","Peace Pipe","Sundial","Calling Bell","Oddly Smooth Stone","Dodecahedron","Prayer Wheel","Ice Cream","Boot"],"potions_floor_usage":[18,33,33,39,42,45,46],"damage_taken":[{"damage":5,"enemies":"2 Louse","floor":1,"turns":6},{"damage":0,"enemies":"Small Slimes","floor":4,"turns":3},{"damage":0,"enemies":"Jaw Worm","floor":5,"turns":3},{"damage":23,"enemies":"Gremlin Nob","floor":7,"turns":4},{"damage":15,"enemies":"Exordium Thugs","floor":11,"turns":4},{"damage":12,"enemies":"3 Sentries","floor":14,"turns":3},{"damage":35,"enemies":"The Guardian","floor":16,"turns":7},{"damage":3,"enemies":"3 Byrds","floor":18,"turns":3},{"damage":14,"enemies":"Spheric Guardian","floor":19,"turns":3},{"damage":13,"enemies":"Centurion and Healer","floor":20,"turns":4},{"damage":15,"enemies":"Shelled Parasite and Fungi","floor":24,"turns":2},{"damage":6,"enemies":"Gremlin Leader","floor":27,"turns":3},{"damage":10,"enemies":"Slavers","floor":29,"turns":2},{"damage":6,"enemies":"3 Cultists","floor":30,"turns":2},{"damage":9,"enemies":"Snake Plant","floor":31,"turns":3},{"damage":30,"enemies":"Champ","floor":33,"turns":8},{"damage":22,"enemies":"Orb Walker","floor":35,"turns":4},{"damage":0,"enemies":"3 Shapes","floor":38,"turns":1},{"damage":11,"enemies":"Jaw Worm Horde","floor":39,"turns":2},{"damage":63,"enemies":"Giant Head","floor":41,"turns":7},{"damage":11,"enemies":"Writhing Mass","floor":42,"turns":5},{"damage":19,"enemies":"Sphere and 2 Shapes","floor":45,"turns":3},{"damage":40,"enemies":"Nemesis","floor":46,"turns":4}],"seed_played":"7420149830304563046","potions_obtained":[{"floor":7,"key":"FairyPotion"},{"floor":14,"key":"Energy Potion"},{"floor":19,"key":"Strength Potion"},{"floor":20,"key":"Regen Potion"},{"floor":30,"key":"EssenceOfSteel"},{"floor":38,"key":"AttackPotion"},{"floor":41,"key":"Explosive Potion"},{"floor":45,"key":"Swift Potion"}],"is_trial":false,"path_per_floor":["M","?","?","M","M","R","E","R","T","R","M","$","?","E","R","B",null,"M","M","M","?","$","R","M","$","T","E","R","E","M","M","R","B",null,"M","$","?","M","M","R","E","M","T","R","M","E"],"character_chosen":"IRONCLAD","items_purchased":["Sling","Immolate","Shrug It Off","Demon Form"],"campfire_rested":2,"item_purchase_floors":[12,12,25,36],"current_hp_per_floor":[80,64,64,70,76,76,59,59,59,59,52,52,52,48,48,46,80,80,72,67,67,67,67,60,60,60,62,62,60,62,61,80,56,80,64,64,64,72,69,69,14,25,25,48,37,0],"gold":168,"neow_bonus":"TRANSFORM_TWO_CARDS","is_prod":false,"is_daily":false,"chose_seed":false,"campfire_upgraded":7,"win_rate":0,"timestamp":1552682921,"path_taken":["M","?","?","M","M","R","E","R","T","R","M","$","?","E","R","BOSS","M","M","M","?","?","R","?","$","T","E","R","E","M","M","R","BOSS","M","$","?","?","M","R","E","M","T","R","M","E"],"build_version":"2019-02-06","purchased_purges":2,"victory":false,"max_hp_per_floor":[80,80,80,80,80,80,80,80,80,80,80,80,80,80,80,80,80,80,80,80,80,80,80,80,80,80,80,80,80,80,80,80,80,80,80,80,77,77,77,77,77,77,77,77,77,77],"card_choices":[{"not_picked":["True Grit","Headbutt","Rupture"],"picked":"SKIP","floor":1},{"not_picked":["Perfected Strike","Armaments","Warcry"],"picked":"SKIP","floor":4},{"not_picked":["Iron Wave","Fire Breathing","Havoc"],"picked":"SKIP","floor":5},{"not_picked":["Havoc","Flame Barrier"],"picked":"Sword Boomerang","floor":7},{"not_picked":["Sever Soul","Iron Wave","Sword Boomerang"],"picked":"SKIP","floor":11},{"not_picked":["Sever Soul","Iron Wave","Sword Boomerang"],"picked":"SKIP","floor":11},{"not_picked":["Iron Wave","Hemokinesis"],"picked":"Offering","floor":14},{"not_picked":["Brutality","Berserk"],"picked":"Double Tap","floor":16},{"not_picked":["Clothesline","Clash","Cleave"],"picked":"SKIP","floor":18},{"not_picked":["Disarm+1","Twin Strike","Pommel Strike"],"picked":"SKIP","floor":19},{"not_picked":["Reckless Charge+1","Wild Strike+1","Hemokinesis"],"picked":"SKIP","floor":20},{"not_picked":["Warcry","Wild Strike","Thunderclap"],"picked":"SKIP","floor":24},{"not_picked":["Entrench","True Grit+1","Clash+1"],"picked":"SKIP","floor":27},{"not_picked":["Rupture","Havoc","Armaments"],"picked":"SKIP","floor":29},{"not_picked":["Armaments+1","Pommel Strike+1","Brutality"],"picked":"SKIP","floor":30},{"not_picked":["Clothesline","Twin Strike"],"picked":"Heavy Blade","floor":31},{"not_picked":["Berserk","Bludgeon"],"picked":"Impervious","floor":33},{"not_picked":["Dropkick+1","Anger"],"picked":"Limit Break","floor":35},{"not_picked":["Shockwave","Flex+1","Anger"],"picked":"SKIP","floor":35},{"not_picked":["Anger","Rage+1","Thunderclap"],"picked":"SKIP","floor":38},{"not_picked":["Headbutt+1","Twin Strike+1","Iron Wave"],"picked":"SKIP","floor":38},{"not_picked":["Thunderclap","Pommel Strike","True Grit"],"picked":"SKIP","floor":39},{"not_picked":["Anger+1","Intimidate+1","Sword Boomerang+1"],"picked":"SKIP","floor":39},{"not_picked":["Shockwave+1","Inflame+1","Blood for Blood+1"],"picked":"SKIP","floor":41},{"not_picked":["Exhume","Spot Weakness+1"],"picked":"Pummel","floor":42},{"not_picked":["Rage","Cleave+1","Inflame+1"],"picked":"SKIP","floor":42},{"not_picked":["Flex","Dropkick"],"picked":"Sword Boomerang","floor":45},{"not_picked":["Metallicize","Clash+1","Disarm+1"],"picked":"SKIP","floor":45}],"player_experience":1257120,"relics_obtained":[{"floor":7,"key":"Blood Vial"},{"floor":9,"key":"Gremlin Horn"},{"floor":14,"key":"Thread and Needle"},{"floor":26,"key":"Bronze Scales"},{"floor":27,"key":"Vajra"},{"floor":27,"key":"Happy Flower"},{"floor":29,"key":"Peace Pipe"},{"floor":29,"key":"Sundial"},{"floor":34,"key":"Oddly Smooth Stone"},{"floor":34,"key":"Dodecahedron"},{"floor":34,"key":"Prayer Wheel"},{"floor":41,"key":"Ice Cream"},{"floor":41,"key":"Boot"}],"event_choices":[{"damage_healed":0,"gold_gain":0,"player_choice":"Entered Light","damage_taken":16,"max_hp_gain":0,"max_hp_loss":0,"event_name":"Shining Light","floor":2,"gold_loss":0,"cards_upgraded":["Shrug It Off","Strike_R"]},{"cards_removed":["Pain"],"damage_healed":0,"gold_gain":0,"player_choice":"Forget","damage_taken":0,"max_hp_gain":0,"max_hp_loss":0,"event_name":"Living Wall","floor":3,"gold_loss":0},{"damage_healed":0,"gold_gain":0,"player_choice":"Box","damage_taken":0,"relics_obtained":["Pantograph"],"max_hp_gain":0,"max_hp_loss":0,"event_name":"Big Fish","floor":13,"gold_loss":0,"cards_obtained":["Regret"]},{"damage_healed":0,"gold_gain":0,"player_choice":"Bet on Murderer","damage_taken":0,"max_hp_gain":0,"max_hp_loss":0,"event_name":"The Joust","floor":21,"gold_loss":50},{"cards_removed":["Parasite"],"damage_healed":0,"gold_gain":0,"player_choice":"Purged","damage_taken":0,"max_hp_gain":0,"max_hp_loss":0,"event_name":"Purifier","floor":37,"gold_loss":0}],"is_beta":true,"boss_relics":[{"not_picked":["Snecko Eye","Ectoplasm"],"picked":"Black Star"},{"not_picked":["Cursed Key","Sozu"],"picked":"Calling Bell"}],"items_purged_floors":[22,36],"is_endless":false,"potions_floor_spawned":[7,14,19,20,27,30,31,38,41,45],"killed_by":"Nemesis","ascension_level":0}