{"gold_per_floor":[111,37,37,57,57,97,110,110,135,151,174,198,198,218,218,218],"floor_reached":16,"playtime":605,"items_purged":[],"score":258,"play_id":"94d0fa3f-c338-4c2c-8285-a562e5608ca5","local_time":"20190113175450","is_ascension_mode":true,"campfire_choices":[{"data":"Neutralize","floor":8,"key":"SMITH"},{"data":"Sucker Punch","floor":15,"key":"SMITH"}],"neow_cost":"NONE","seed_source_timestamp":337955672194300,"circlet_count":0,"master_deck":["AscendersBane","Defend_G","Defend_G","Defend_G","Defend_G","Defend_G","Strike_G","Strike_G","Strike_G","Strike_G","Survivor","Neutralize+1","Quick Slash","Well Laid Plans","Injury","Poisoned Stab","Adrenaline","Sucker Punch+1","Flying Knee","Dodge and Roll","Dagger Throw"],"relics":["Ring of the Snake","NeowsBlessing","Golden Idol","Boot","Pear","Art of War"],"potions_floor_usage":[16,16],"damage_taken":[{"damage":0,"enemies":"2 Louse","floor":1,"turns":1},{"damage":0,"enemies":"Jaw Worm","floor":4,"turns":1},{"damage":0,"enemies":"3 Sentries","floor":6,"turns":1},{"damage":0,"enemies":"Cultist","floor":7,"turns":3},{"damage":18,"enemies":"Lots of Slimes","floor":10,"turns":5},{"damage":21,"enemies":"Gremlin Gang","floor":11,"turns":5},{"damage":0,"enemies":"Looter","floor":12,"turns":3},{"damage":1,"enemies":"Blue Slaver","floor":14,"turns":4},{"damage":46,"enemies":"Hexaghost","floor":16,"turns":14}],"seed_played":"3990329555291976497","potions_obtained":[{"floor":11,"key":"Weak Potion"},{"floor":14,"key":"Regen Potion"}],"is_trial":false,"path_per_floor":["M","$","?","M","T","E","M","R","T","M","M","M","?","M","R","B"],"character_chosen":"THE_SILENT","items_purchased":["Well Laid Plans"],"campfire_rested":0,"item_purchase_floors":[2],"current_hp_per_floor":[59,59,59,59,59,69,69,69,69,51,30,30,30,29,29,0],"gold":218,"neow_bonus":"THREE_ENEMY_KILL","is_prod":false,"is_daily":false,"chose_seed":false,"campfire_upgraded":2,"win_rate":0,"timestamp":1547398490,"path_taken":["M","$","?","M","?","E","?","R","T","M","M","M","?","?","R","BOSS"],"build_version":"2019-01-10","purchased_purges":0,"victory":false,"max_hp_per_floor":[66,66,66,66,66,76,76,76,76,76,76,76,76,76,76,76],"card_choices":[{"not_picked":["Concentrate","Skewer"],"picked":"Quick Slash","floor":1},{"not_picked":["Skewer","Riddle With Holes"],"picked":"Poisoned Stab","floor":4},{"not_picked":["Calculated Gamble","Underhanded Strike"],"picked":"Adrenaline","floor":6},{"not_picked":["Eviscerate","Noxious Fumes"],"picked":"Sucker Punch","floor":7},{"not_picked":["All Out Attack","Concentrate","Sucker Punch"],"picked":"SKIP","floor":10},{"not_picked":["Blade Dance","PiercingWail"],"picked":"Flying Knee","floor":11},{"not_picked":["Endless Agony","Outmaneuver"],"picked":"Dodge and Roll","floor":12},{"not_picked":["Slice","Bouncing Flask","Flying Knee"],"picked":"SKIP","floor":14}],"player_experience":1032030,"relics_obtained":[{"floor":5,"key":"Boot"},{"floor":6,"key":"Pear"},{"floor":9,"key":"Art of War"}],"event_choices":[{"damage_healed":0,"gold_gain":0,"player_choice":"Take Wound","damage_taken":0,"relics_obtained":["Golden Idol"],"max_hp_gain":0,"max_hp_loss":0,"event_name":"Golden Idol","floor":3,"gold_loss":0,"cards_obtained":["Injury"]},{"damage_healed":0,"gold_gain":0,"cards_transformed":["Strike_G"],"player_choice":"Transformed","damage_taken":0,"max_hp_gain":0,"max_hp_loss":0,"event_name":"Transmorgrifier","floor":13,"gold_loss":0,"cards_obtained":["Dagger Throw"]}],"is_beta":true,"boss_relics":[],"items_purged_floors":[],"is_endless":false,"potions_floor_spawned":[11,14],"killed_by":"Hexaghost","ascension_level":20}