{"gold_per_floor":[117,192,117,117,132,159,159,176,200,218,218,228,228,238,238,238],"floor_reached":16,"playtime":280,"items_purged":[],"score":254,"play_id":"74e198a1-24f8-45f0-9d58-c65d87ce241a","local_time":"20190427005500","is_ascension_mode":true,"campfire_choices":[{"data":"Bash","floor":7,"key":"SMITH"},{"data":"Strike_R","floor":13,"key":"SMITH"},{"data":"Flame Barrier","floor":15,"key":"SMITH"}],"neow_cost":"NONE","seed_source_timestamp":1424414806371800,"circlet_count":0,"master_deck":["AscendersBane","Strike_R","Strike_R","Strike_R","Strike_R+1","Defend_R","Defend_R","Defend_R","Defend_R","Bash+1","Flame Barrier+1"],"relics":["Burning Blood","NeowsBlessing","Smiling Mask","Red Skull"],"potions_floor_usage":[16],"damage_taken":[{"damage":0,"enemies":"Small Slimes","floor":1,"turns":1},{"damage":0,"enemies":"2 Louse","floor":5,"turns":1},{"damage":0,"enemies":"Gremlin Nob","floor":6,"turns":1},{"damage":7,"enemies":"Jaw Worm","floor":8,"turns":3},{"damage":36,"enemies":"Exordium Wildlife","floor":10,"turns":6},{"damage":9,"enemies":"Red Slaver","floor":12,"turns":2},{"damage":4,"enemies":"Large Slime","floor":14,"turns":7},{"damage":42,"enemies":"The Guardian","floor":16,"turns":10}],"seed_played":"-6006210646740053361","potions_obtained":[{"floor":8,"key":"FearPotion"},{"floor":12,"key":"LiquidBronze"}],"is_trial":false,"path_per_floor":["M","?","?","$","M","E","R","M","T","M","?","M","R","M","R","B"],"character_chosen":"IRONCLAD","items_purchased":[],"campfire_rested":0,"item_purchase_floors":[],"current_hp_per_floor":[74,63,63,63,69,75,75,74,74,44,44,41,41,43,43,1],"gold":238,"neow_bonus":"THREE_ENEMY_KILL","is_prod":false,"is_daily":false,"chose_seed":false,"campfire_upgraded":3,"win_rate":0,"timestamp":1556319300,"path_taken":["M","?","?","$","M","E","R","M","T","?","?","M","R","?","R","BOSS"],"build_version":"2019-04-23","purchased_purges":0,"victory":false,"max_hp_per_floor":[75,75,75,75,75,75,75,75,75,75,75,75,75,75,75,75],"card_choices":[{"not_picked":["Flex","Ghostly Armor","Spot Weakness"],"picked":"SKIP","floor":1},{"not_picked":["Burning Pact","Blood for Blood","Havoc"],"picked":"SKIP","floor":5},{"not_picked":["Clothesline","Battle Trance","Iron Wave"],"picked":"SKIP","floor":6},{"not_picked":["Uppercut","Pommel Strike","Searing Blow"],"picked":"SKIP","floor":8},{"not_picked":["Warcry","Hemokinesis","Feel No Pain"],"picked":"SKIP","floor":10},{"not_picked":["Burning Pact","Pommel Strike","Iron Wave"],"picked":"SKIP","floor":12},{"not_picked":["Entrench","Reckless Charge"],"picked":"Flame Barrier","floor":14}],"player_experience":1415459,"relics_obtained":[{"floor":6,"key":"Smiling Mask"},{"floor":9,"key":"Red Skull"}],"event_choices":[{"damage_healed":0,"gold_gain":75,"player_choice":"Gather Gold","damage_taken":11,"max_hp_gain":0,"max_hp_loss":0,"event_name":"World of Goop","floor":2,"gold_loss":0},{"cards_removed":["Strike_R"],"damage_healed":0,"gold_gain":0,"player_choice":"Card Removal","damage_taken":0,"max_hp_gain":0,"max_hp_loss":0,"event_name":"The Cleric","floor":3,"gold_loss":75},{"damage_healed":0,"gold_gain":0,"player_choice":"0 cards matched","damage_taken":0,"max_hp_gain":0,"max_hp_loss":0,"event_name":"Match and Keep!","floor":11,"gold_loss":0,"cards_obtained":[]}],"is_beta":true,"boss_relics":[],"items_purged_floors":[],"is_endless":false,"potions_floor_spawned":[8,12,14],"killed_by":"The Guardian","ascension_level":20}