{"gold_per_floor":[118,134,150,150,162,192,192,250,330,330,330,351,367,367],"floor_reached":14,"playtime":518,"items_purged":[],"score":133,"play_id":"992613d7-4c73-4e90-b511-257c72c9c56a","local_time":"20181009211243","is_ascension_mode":true,"campfire_choices":[{"floor":7,"key":"REST"},{"floor":11,"key":"REST"}],"neow_cost":"TEN_PERCENT_HP_LOSS","seed_source_timestamp":82248076354900,"circlet_count":0,"master_deck":["Defend_G","Defend_G","Defend_G","Defend_G","Defend_G","Strike_G","Strike_G","Strike_G","Strike_G","Strike_G","Survivor","Neutralize","Accuracy","Dash","Escape Plan","Regret","Terror","Noxious Fumes","Dagger Spray","Backflip"],"relics":["Ring of the Snake","Incense Burner","Calipers","Strawberry","Regal Pillow","Gremlin Horn","Golden Idol"],"potions_floor_usage":[6,6,13,14],"damage_taken":[{"damage":7,"enemies":"Jaw Worm","floor":1,"turns":6},{"damage":7,"enemies":"Small Slimes","floor":2,"turns":5},{"damage":0,"enemies":"2 Louse","floor":3,"turns":2},{"damage":14,"enemies":"Lots of Slimes","floor":5,"turns":7},{"damage":26,"enemies":"Gremlin Nob","floor":6,"turns":4},{"damage":36,"enemies":"Lagavulin Event","floor":8,"turns":8},{"damage":11,"enemies":"Looter","floor":12,"turns":4},{"damage":9,"enemies":"3 Louse","floor":13,"turns":3},{"damage":16,"enemies":"3 Sentries","floor":14,"turns":4}],"seed_played":"3878567657995988709","potions_obtained":[{"floor":1,"key":"Ancient Potion"},{"floor":2,"key":"Fire Potion"},{"floor":12,"key":"Poison Potion"},{"floor":13,"key":"Dexterity Potion"}],"is_trial":false,"path_per_floor":["M","M","M","?","M","E","R","?","T","?","R","M","M"],"character_chosen":"THE_SILENT","items_purchased":[],"campfire_rested":2,"item_purchase_floors":[],"current_hp_per_floor":[56,49,49,49,35,16,37,1,1,1,35,24,15,0],"gold":367,"neow_bonus":"ONE_RARE_RELIC","is_prod":false,"is_daily":false,"chose_seed":false,"campfire_upgraded":0,"win_rate":0,"timestamp":1539144763,"path_taken":["M","M","M","?","?","E","R","?","T","?","R","M","M","E"],"build_version":"2018-10-08","purchased_purges":0,"victory":false,"max_hp_per_floor":[63,63,63,63,63,70,70,70,70,65,65,65,65,65],"card_choices":[{"not_picked":["Bane","Eviscerate"],"picked":"Accuracy","floor":1},{"not_picked":["Slice","Deflect"],"picked":"Dash","floor":2},{"not_picked":["Bouncing Flask","Acrobatics"],"picked":"Escape Plan","floor":3},{"not_picked":["Poisoned Stab","Reflex"],"picked":"Terror","floor":5},{"not_picked":["Dodge and Roll","Grand Finale","Crippling Poison"],"picked":"SKIP","floor":6},{"not_picked":["Caltrops","Footwork"],"picked":"Noxious Fumes","floor":8},{"not_picked":["Finisher","Choke"],"picked":"Dagger Spray","floor":12},{"not_picked":["Deflect","Bullet Time"],"picked":"Backflip","floor":13}],"player_experience":360322,"relics_obtained":[{"floor":6,"key":"Strawberry"},{"floor":8,"key":"Regal Pillow"},{"floor":9,"key":"Gremlin Horn"}],"event_choices":[{"event_name":"Big Fish","player_choice":"Box","floor":4,"damage_taken":0},{"event_name":"Dead Adventurer","player_choice":"Searched \u00271\u0027 times","floor":8,"damage_taken":0},{"event_name":"Golden Idol","player_choice":"Lose Max HP","floor":10,"damage_taken":0}],"is_beta":true,"boss_relics":[],"items_purged_floors":[],"is_endless":false,"potions_floor_spawned":[1,2,12,13],"killed_by":"3 Sentries","ascension_level":9}