{"gold_per_floor":[215,290,290,28,47,47,81,81,105,105,124,124,136,155,155,259,259,271,271,290,215,13,13,112,112,112,145,145],"floor_reached":28,"playtime":1482,"items_purged":[],"score":328,"play_id":"cffec11e-a0fc-4513-a79c-b0293de30244","local_time":"20181122160934","is_ascension_mode":true,"campfire_choices":[{"data":"Loop","floor":6,"key":"SMITH"},{"data":"Doom and Gloom","floor":8,"key":"SMITH"},{"data":"Zap","floor":10,"key":"SMITH"},{"data":"Capacitor","floor":15,"key":"SMITH"},{"data":"Echo Form","floor":23,"key":"SMITH"},{"data":"Sunder","floor":25,"key":"SMITH"}],"neow_cost":"NONE","seed_source_timestamp":754916109620671,"circlet_count":0,"master_deck":["Defend_B","Defend_B","Defend_B+1","Defend_B+1","Zap+1","Dualcast","Loop+1","Auto Shields","Doom and Gloom+1","Capacitor+1","FTL","Sunder+1","Echo Form+1","Loop+1","Melter","Gash"],"relics":["Cracked Core","Gremlin Horn","Kunai","Ancient Tea Set","Velvet Choker","Membership Card","Matryoshka","War Paint"],"potions_floor_usage":[11,18,18,27,27,28],"damage_taken":[{"damage":9,"enemies":"Jaw Worm","floor":1,"turns":3},{"damage":0,"enemies":"2 Louse","floor":5,"turns":3},{"damage":15,"enemies":"3 Sentries","floor":7,"turns":7},{"damage":0,"enemies":"Cultist","floor":11,"turns":5},{"damage":2,"enemies":"3 Louse","floor":13,"turns":2},{"damage":21,"enemies":"Gremlin Gang","floor":14,"turns":4},{"damage":23,"enemies":"Hexaghost","floor":16,"turns":9},{"damage":5,"enemies":"3 Byrds","floor":18,"turns":3},{"damage":6,"enemies":"Spheric Guardian","floor":20,"turns":3},{"damage":27,"enemies":"Book of Stabbing","floor":27,"turns":4},{"damage":20,"enemies":"Centurion and Healer","floor":28,"turns":4}],"seed_played":"-4069876133940265173","potions_obtained":[{"floor":1,"key":"Fire Potion"},{"floor":5,"key":"Regen Potion"},{"floor":13,"key":"Explosive Potion"},{"floor":16,"key":"Energy Potion"},{"floor":18,"key":"Swift Potion"},{"floor":20,"key":"Swift Potion"}],"is_trial":false,"path_per_floor":["M","?","?","$","M","R","E","R","T","R","M","?","M","M","R","B",null,"M","?","M","?","$","R","?","R","T","E","M"],"character_chosen":"DEFECT","items_purchased":["Gremlin Horn","Membership Card"],"campfire_rested":0,"item_purchase_floors":[4,22],"current_hp_per_floor":[59,48,48,48,48,48,33,33,33,33,47,47,45,24,24,1,57,52,52,46,46,46,46,46,46,46,19,0],"gold":145,"neow_bonus":"HUNDRED_GOLD","is_prod":false,"is_daily":false,"chose_seed":false,"campfire_upgraded":6,"win_rate":0,"timestamp":1542938974,"path_taken":["M","?","?","$","?","R","E","R","T","R","M","?","M","?","R","BOSS","M","?","?","?","$","R","?","R","T","E","M"],"build_version":"2018-11-15","purchased_purges":0,"victory":false,"max_hp_per_floor":[75,75,75,75,75,75,75,75,75,75,75,75,75,75,75,75,75,75,75,75,75,75,75,75,75,75,75,75],"card_choices":[{"not_picked":["Hologram","Self Repair"],"picked":"Loop","floor":1},{"not_picked":["Streamline","Go for the Eyes"],"picked":"Auto Shields","floor":5},{"not_picked":["Sweeping Beam","Compile Driver"],"picked":"Doom and Gloom","floor":7},{"not_picked":["Cold Snap","Turbo"],"picked":"Capacitor","floor":11},{"not_picked":["Conserve Battery","Reprogram"],"picked":"FTL","floor":13},{"not_picked":["Sweeping Beam","Redo"],"picked":"Sunder","floor":14},{"not_picked":["Core Surge","Electrodynamics"],"picked":"Echo Form","floor":16},{"not_picked":["Beam Cell","Conserve Battery+1"],"picked":"Loop+1","floor":18},{"not_picked":["Consume","Rebound"],"picked":"Gash","floor":20},{"not_picked":["Go for the Eyes","Hologram","Ball Lightning"],"picked":"SKIP","floor":27}],"player_experience":317314,"relics_obtained":[{"floor":7,"key":"Kunai"},{"floor":9,"key":"Ancient Tea Set"},{"floor":26,"key":"Matryoshka"},{"floor":27,"key":"War Paint"}],"event_choices":[{"damage_healed":0,"gold_gain":75,"player_choice":"Gather Gold","damage_taken":11,"max_hp_gain":0,"max_hp_loss":0,"event_name":"World of Goop","floor":2,"gold_loss":0},{"cards_removed":["Strike_B"],"damage_healed":0,"gold_gain":0,"player_choice":"Offered Basic","damage_taken":0,"max_hp_gain":0,"max_hp_loss":0,"event_name":"Bonfire Elementals","floor":3,"gold_loss":0},{"cards_removed":["Strike_B"],"damage_healed":0,"gold_gain":0,"player_choice":"Card Removal","damage_taken":0,"max_hp_gain":0,"max_hp_loss":0,"event_name":"Wheel of Change","floor":12,"gold_loss":0},{"damage_healed":0,"gold_gain":0,"cards_transformed":["Strike_B"],"player_choice":"Transformed","damage_taken":0,"max_hp_gain":0,"max_hp_loss":0,"event_name":"Transmorgrifier","floor":19,"gold_loss":0,"cards_obtained":["Melter"]},{"cards_removed":["Strike_B"],"damage_healed":0,"gold_gain":0,"player_choice":"Gave Gold","damage_taken":0,"max_hp_gain":0,"max_hp_loss":0,"event_name":"Beggar","floor":21,"gold_loss":75},{"damage_healed":0,"gold_gain":99,"player_choice":"Stole From Cult","damage_taken":0,"max_hp_gain":0,"max_hp_loss":0,"event_name":"Nest","floor":24,"gold_loss":0}],"is_beta":false,"boss_relics":[{"not_picked":["Calling Bell","White Beast Statue"],"picked":"Velvet Choker"}],"items_purged_floors":[],"is_endless":false,"potions_floor_spawned":[1,5,13,16,18,20],"killed_by":"Centurion and Healer","ascension_level":8}