{"gold_per_floor":[116,126,126,136,261,100,170,45,45,45,45,59,59,88,88,88],"floor_reached":16,"playtime":459,"items_purged":["Defend_G"],"score":196,"play_id":"3d97ca62-8f67-42c7-916b-661831888614","local_time":"20190201232009","is_ascension_mode":true,"campfire_choices":[{"data":"Crippling Poison","floor":10.0,"key":"SMITH"},{"floor":13.0,"key":"REST"},{"floor":15.0,"key":"REST"}],"neow_cost":"TEN_PERCENT_HP_LOSS","seed_source_timestamp":0,"circlet_count":0,"master_deck":["AscendersBane","Defend_G","Defend_G","Defend_G","Defend_G","Strike_G","Strike_G","Strike_G","Strike_G","Strike_G","Survivor","Neutralize","After Image","Crippling Poison+1","Blade Dance","Accuracy","Prepared"],"special_seed":0,"relics":["Ring of the Snake","SsserpentHead","Membership Card","Lantern","Mummified Hand","Meat on the Bone"],"potions_floor_usage":[16,16],"damage_taken":[{"damage":0.0,"enemies":"Jaw Worm","floor":1.0,"turns":5.0},{"damage":9.0,"enemies":"Cultist","floor":2.0,"turns":4.0},{"damage":0.0,"enemies":"2 Louse","floor":7.0,"turns":3.0},{"damage":0.0,"enemies":"Blue Slaver","floor":12.0,"turns":4.0},{"damage":44.0,"enemies":"Lagavulin","floor":14.0,"turns":7.0},{"damage":31,"enemies":"Slime Boss","floor":16,"turns":11}],"seed_played":"521632781458248897","potions_obtained":[{"floor":1.0,"key":"LiquidBronze"},{"floor":12.0,"key":"Block Potion"}],"is_trial":false,"path_per_floor":["M","M","?","$","?","$","M","$","T","R","$","M","R","E","R","B"],"character_chosen":"THE_SILENT","items_purchased":["Accuracy","Membership Card","Lantern"],"campfire_rested":2,"item_purchase_floors":[4,6,8],"current_hp_per_floor":[59,50,50,50,39,39,39,39,39,39,39,39,57,13,31,0],"gold":88,"neow_bonus":"THREE_RARE_CARDS","is_prod":false,"is_daily":false,"chose_seed":false,"campfire_upgraded":1,"win_rate":0,"timestamp":1549059609,"path_taken":["M","M","?","?","?","?","?","$","T","R","$","M","R","E","R","BOSS"],"build_version":"2019-01-23","purchased_purges":1,"victory":false,"max_hp_per_floor":[60,60,60,60,60,60,60,60,60,60,60,60,60,60,60,60],"card_choices":[{"not_picked":["Bullet Time","Storm of Steel"],"picked":"After Image","floor":0.0},{"not_picked":["Outmaneuver","Dodge and Roll"],"picked":"Crippling Poison","floor":1.0},{"not_picked":["Tactician","Caltrops"],"picked":"Blade Dance","floor":2.0},{"not_picked":["Eviscerate","Prepared","Bane"],"picked":"SKIP","floor":7.0},{"not_picked":["Bane","Underhanded Strike","Eviscerate"],"picked":"SKIP","floor":12.0},{"not_picked":["Reflex","Flying Knee"],"picked":"Prepared","floor":14.0}],"player_experience":1115437,"relics_obtained":[{"floor":9.0,"key":"Mummified Hand"},{"floor":14.0,"key":"Meat on the Bone"}],"event_choices":[{"damage_healed":0.0,"max_hp_gain":0.0,"max_hp_loss":0.0,"gold_gain":0.0,"event_name":"FaceTrader","player_choice":"Trade","floor":3.0,"gold_loss":0.0,"damage_taken":0.0,"relics_obtained":["SsserpentHead"]},{"damage_healed":0.0,"max_hp_gain":0.0,"max_hp_loss":0.0,"gold_gain":75.0,"event_name":"World of Goop","player_choice":"Gather Gold","floor":5.0,"gold_loss":0.0,"damage_taken":11.0}],"is_beta":true,"boss_relics":[],"items_purged_floors":[8],"is_endless":false,"potions_floor_spawned":[1,12],"killed_by":"Slime Boss","ascension_level":20}