{"gold_per_floor":[111,126,126,56,66,100,100,120,173,73,73,86,100,128,128,204,204,223,234,234,234,41,41,74,74],"floor_reached":25,"playtime":1278,"items_purged":["Strike_R"],"score":381,"play_id":"302b32f9-1e73-4583-92ef-3260b02e2a23","local_time":"20190417153645","is_ascension_mode":true,"campfire_choices":[{"floor":7,"key":"REST"},{"data":"Corruption","floor":15,"key":"SMITH"},{"floor":23,"key":"REST"}],"neow_cost":"NONE","seed_source_timestamp":1401064039724134,"circlet_count":0,"master_deck":["AscendersBane","Strike_R+1","Strike_R+1","Strike_R+1","Strike_R+1","Defend_R+1","Defend_R+1","Defend_R+1","Defend_R+1","Bash","Corruption+1","Iron Wave","Shockwave","Blood for Blood","Demon Form","Disarm","Iron Wave","Decay","Power Through","Warcry","Double Tap","Dark Embrace","Shockwave","Rupture","RitualDagger","Iron Wave"],"relics":["Black Blood","NeowsBlessing","Kunai","Centennial Puzzle","Art of War","Charon\u0027s Ashes","Strange Spoon","Turnip"],"potions_floor_usage":[13,14,18],"damage_taken":[{"damage":0,"enemies":"Cultist","floor":1,"turns":1},{"damage":0,"enemies":"Jaw Worm","floor":2,"turns":2},{"damage":0,"enemies":"Small Slimes","floor":5,"turns":1},{"damage":31,"enemies":"Gremlin Nob","floor":6,"turns":5},{"damage":9,"enemies":"3 Louse","floor":8,"turns":6},{"damage":9,"enemies":"2 Fungi Beasts","floor":12,"turns":5},{"damage":25,"enemies":"Exordium Thugs","floor":13,"turns":4},{"damage":38,"enemies":"3 Sentries","floor":14,"turns":10},{"damage":10,"enemies":"Slime Boss","floor":16,"turns":6},{"damage":25,"enemies":"2 Thieves","floor":18,"turns":4},{"damage":9,"enemies":"Shell Parasite","floor":19,"turns":5},{"damage":67,"enemies":"Gremlin Leader","floor":24,"turns":9},{"damage":13,"enemies":"Snake Plant","floor":25,"turns":3}],"seed_played":"-984339063100347422","potions_obtained":[{"floor":1,"key":"LiquidBronze"},{"floor":12,"key":"AttackPotion"},{"floor":13,"key":"Swift Potion"},{"floor":16,"key":"AttackPotion"}],"is_trial":false,"path_per_floor":["M","M","?","$","M","E","R","M","T","$","?","M","M","E","R","B",null,"M","M","?","?","$","R","E","M"],"character_chosen":"IRONCLAD","items_purchased":["Shockwave","Iron Wave","Strange Spoon"],"campfire_rested":2,"item_purchase_floors":[4,10,22],"current_hp_per_floor":[78,80,80,80,80,55,79,76,76,76,76,73,54,22,22,18,65,50,51,51,45,45,69,12,0],"gold":74,"neow_bonus":"THREE_ENEMY_KILL","is_prod":false,"is_daily":false,"chose_seed":false,"campfire_upgraded":1,"win_rate":0,"timestamp":1555493805,"path_taken":["M","M","?","$","?","E","R","M","T","?","?","?","M","E","R","BOSS","M","M","?","?","$","R","E","M"],"build_version":"2019-01-23","purchased_purges":1,"victory":false,"max_hp_per_floor":[80,80,80,80,80,80,80,80,80,80,80,80,80,80,80,80,80,80,80,80,80,80,80,80,80],"card_choices":[{"not_picked":["Armaments","Entrench"],"picked":"Corruption","floor":1},{"not_picked":["Carnage","Whirlwind"],"picked":"Iron Wave","floor":2},{"not_picked":["Combust","Anger"],"picked":"Blood for Blood","floor":5},{"not_picked":["Perfected Strike","Havoc"],"picked":"Demon Form","floor":6},{"not_picked":["Clothesline","Havoc"],"picked":"Disarm","floor":8},{"not_picked":["Seeing Red","True Grit"],"picked":"Power Through","floor":12},{"not_picked":["Cleave","Clothesline"],"picked":"Warcry","floor":13},{"not_picked":["Fire Breathing","Burning Pact"],"picked":"Double Tap","floor":14},{"not_picked":["Double Tap","Exhume"],"picked":"Dark Embrace","floor":16},{"not_picked":["Whirlwind","Spot Weakness"],"picked":"Shockwave","floor":18},{"not_picked":["Body Slam","Searing Blow"],"picked":"Rupture","floor":19},{"not_picked":["Headbutt+1","Warcry+1"],"picked":"Iron Wave","floor":24}],"player_experience":1172577,"relics_obtained":[{"floor":6,"key":"Centennial Puzzle"},{"floor":9,"key":"Art of War"},{"floor":14,"key":"Charon\u0027s Ashes"},{"floor":24,"key":"Turnip"}],"event_choices":[{"damage_healed":0,"gold_gain":0,"player_choice":"Gave Potion","damage_taken":0,"relics_obtained":["Kunai"],"max_hp_gain":0,"max_hp_loss":0,"event_name":"WeMeetAgain","floor":3,"gold_loss":0},{"damage_healed":0,"gold_gain":0,"player_choice":"Cursed","damage_taken":0,"max_hp_gain":0,"max_hp_loss":0,"event_name":"Wheel of Change","floor":11,"gold_loss":0,"cards_obtained":["Decay"]},{"damage_healed":0,"gold_gain":0,"player_choice":"Simplicity","damage_taken":0,"max_hp_gain":0,"max_hp_loss":0,"event_name":"Back to Basics","floor":20,"gold_loss":0,"cards_upgraded":["Strike_R","Strike_R","Strike_R","Strike_R","Defend_R","Defend_R","Defend_R","Defend_R"]},{"damage_healed":0,"gold_gain":0,"player_choice":"Joined the Cult","damage_taken":6,"max_hp_gain":0,"max_hp_loss":0,"event_name":"Nest","floor":21,"gold_loss":0,"cards_obtained":["RitualDagger"]}],"is_beta":false,"boss_relics":[{"not_picked":["Empty Cage","Philosopher\u0027s Stone"],"picked":"Black Blood"}],"items_purged_floors":[10],"is_endless":false,"potions_floor_spawned":[1,12,13,16],"killed_by":"Snake Plant","ascension_level":13}