{"gold_per_floor":[112,112,122,122,149,161,138,150,216,45,75,95,95,121,121,193,193,210,224,224,274,274],"floor_reached":22,"playtime":637,"items_purged":["Defend_R"],"score":380,"play_id":"4902ddc2-2152-4967-a951-71371c90d90e","local_time":"20190330192512","is_ascension_mode":true,"campfire_choices":[{"data":"Bash","floor":6,"key":"SMITH"},{"data":"Twin Strike","floor":8,"key":"SMITH"},{"data":"Flame Barrier","floor":15,"key":"SMITH"}],"neow_cost":"PERCENT_DAMAGE","seed_source_timestamp":846394444329700,"circlet_count":0,"master_deck":["AscendersBane","Strike_R","Strike_R","Strike_R+1","Strike_R","Strike_R","Defend_R+1","Defend_R","Bash+1","Twin Strike+1","Shrug It Off","Pummel+1","Flame Barrier+1","Double Tap"],"relics":["Burning Blood","MawBank","PreservedInsect","Centennial Puzzle","Black Star","MutagenicStrength"],"potions_floor_usage":[14,14,19],"damage_taken":[{"damage":14,"enemies":"Small Slimes","floor":1,"turns":4},{"damage":6,"enemies":"Cultist","floor":3,"turns":3},{"damage":34,"enemies":"3 Sentries","floor":11,"turns":7},{"damage":0,"enemies":"Jaw Worm","floor":12,"turns":3},{"damage":12,"enemies":"Lagavulin","floor":14,"turns":4},{"damage":28,"enemies":"The Guardian","floor":16,"turns":12},{"damage":37,"enemies":"Spheric Guardian","floor":18,"turns":6},{"damage":25,"enemies":"2 Thieves","floor":19,"turns":4},{"damage":31,"enemies":"Centurion and Healer","floor":22,"turns":5}],"seed_played":"3906600359901998526","potions_obtained":[{"floor":11,"key":"Ancient Potion"},{"floor":12,"key":"Regen Potion"},{"floor":16,"key":"PowerPotion"}],"is_trial":false,"path_per_floor":["M","?","M","?","T","R","?","R","T","$","E","M","?","E","R","B",null,"M","M","?","?","M"],"character_chosen":"IRONCLAD","items_purchased":["Shrug It Off","PowerPotion"],"campfire_rested":0,"item_purchase_floors":[10,10],"current_hp_per_floor":[56,56,56,29,29,29,51,51,51,51,23,29,29,35,35,13,70,39,20,20,20,0],"gold":274,"neow_bonus":"TWENTY_PERCENT_HP_BONUS","is_prod":false,"is_daily":false,"chose_seed":false,"campfire_upgraded":3,"win_rate":0,"timestamp":1553970312,"path_taken":["M","?","?","?","?","R","?","R","T","$","E","M","?","E","R","BOSS","M","M","?","?","M"],"build_version":"2019-03-15","purchased_purges":1,"victory":false,"max_hp_per_floor":[89,89,89,89,89,89,89,89,89,89,89,89,89,89,89,89,89,89,89,89,89,89],"card_choices":[{"not_picked":["Clothesline","Sever Soul","Ghostly Armor"],"picked":"SKIP","floor":1},{"not_picked":["Intimidate","Rampage"],"picked":"Twin Strike","floor":3},{"not_picked":["Body Slam","Flex","Clothesline"],"picked":"SKIP","floor":11},{"not_picked":["Spot Weakness","Bloodletting"],"picked":"Pummel","floor":12},{"not_picked":["Pummel","Seeing Red"],"picked":"Flame Barrier","floor":14},{"not_picked":["Reaper","Berserk"],"picked":"Double Tap","floor":16},{"not_picked":["Burning Pact","Shockwave","Havoc"],"picked":"SKIP","floor":18},{"not_picked":["Searing Blow","Body Slam","Headbutt"],"picked":"SKIP","floor":19}],"player_experience":1307656,"relics_obtained":[{"floor":5,"key":"MawBank"},{"floor":9,"key":"PreservedInsect"},{"floor":14,"key":"Centennial Puzzle"}],"event_choices":[{"cards_removed":["Defend_R"],"damage_healed":0,"gold_gain":0,"player_choice":"Offered Basic","damage_taken":0,"max_hp_gain":0,"max_hp_loss":0,"event_name":"Bonfire Elementals","floor":2,"gold_loss":0},{"damage_healed":0,"gold_gain":0,"player_choice":"Entered Light","damage_taken":27,"max_hp_gain":0,"max_hp_loss":0,"event_name":"Shining Light","floor":4,"gold_loss":0,"cards_upgraded":["Strike_R","Defend_R"]},{"damage_healed":22,"gold_gain":0,"player_choice":"Healed","damage_taken":0,"max_hp_gain":0,"max_hp_loss":0,"event_name":"The Cleric","floor":7,"gold_loss":35},{"damage_healed":0,"gold_gain":0,"player_choice":"Grow","damage_taken":0,"max_hp_gain":0,"max_hp_loss":0,"event_name":"Living Wall","floor":13,"gold_loss":0,"cards_upgraded":["Pummel"]},{"damage_healed":0,"gold_gain":0,"player_choice":"Inject Mutagens","damage_taken":0,"relics_obtained":["MutagenicStrength"],"max_hp_gain":0,"max_hp_loss":0,"event_name":"Drug Dealer","floor":20,"gold_loss":0},{"damage_healed":0,"gold_gain":50,"player_choice":"Pray","damage_taken":0,"max_hp_gain":0,"max_hp_loss":0,"event_name":"Golden Shrine","floor":21,"gold_loss":0}],"is_beta":true,"boss_relics":[{"not_picked":["Pandora\u0027s Box","Philosopher\u0027s Stone"],"picked":"Black Star"}],"items_purged_floors":[10],"is_endless":false,"potions_floor_spawned":[11,12,16],"killed_by":"Centurion and Healer","ascension_level":20}