{"gold_per_floor":[113,113,27,41,41,68,82,82,106,106,117,117,135,185,185,281,281,302,322,247,247,247,247,262,262,262,262,277,277,348,17,17,17],"floor_reached":33,"playtime":873,"items_purged":["Strike_R"],"score":565,"play_id":"e88f29b1-022d-4797-8f4a-40ea440f411c","local_time":"20190422092948","is_ascension_mode":true,"campfire_choices":[{"data":"Bash","floor":8.0,"key":"SMITH"},{"data":"Twin Strike","floor":10.0,"key":"SMITH"},{"data":"Inflame","floor":15.0,"key":"SMITH"},{"floor":23,"key":"REST"},{"data":"Fiend Fire","floor":27,"key":"SMITH"},{"data":"True Grit","floor":29,"key":"SMITH"},{"data":"Heavy Blade","floor":32,"key":"SMITH"}],"neow_cost":"NONE","seed_source_timestamp":0,"circlet_count":0,"master_deck":["AscendersBane","Defend_R","Defend_R","Defend_R","Defend_R","Bash+1","Inflame+1","Twin Strike+1","Fiend Fire+1","True Grit+1","Bite","Bite","Bite","Bite","Bite","Feed","Heavy Blade+1"],"special_seed":0,"relics":["Burning Blood","NeowsBlessing","Bronze Scales","Whetstone","Golden Idol","Lizard Tail","SsserpentHead","Letter Opener","Toxic Egg 2"],"potions_floor_usage":[18,19,24,30,33],"damage_taken":[{"damage":0.0,"enemies":"2 Louse","floor":1.0,"turns":2.0},{"damage":0.0,"enemies":"Jaw Worm","floor":4.0,"turns":1.0},{"damage":0.0,"enemies":"3 Sentries","floor":6.0,"turns":1.0},{"damage":7.0,"enemies":"Small Slimes","floor":7.0,"turns":4.0},{"damage":22.0,"enemies":"Exordium Thugs","floor":11.0,"turns":3.0},{"damage":12.0,"enemies":"Large Slime","floor":13.0,"turns":4.0},{"damage":13.0,"enemies":"Slime Boss","floor":16.0,"turns":5.0},{"damage":40,"enemies":"Shell Parasite","floor":18,"turns":4},{"damage":22,"enemies":"Spheric Guardian","floor":19,"turns":4},{"damage":19,"enemies":"Snake Plant","floor":24,"turns":3},{"damage":26,"enemies":"Centurion and Healer","floor":28,"turns":17},{"damage":54,"enemies":"Shelled Parasite and Fungi","floor":30,"turns":5},{"damage":35,"enemies":"Collector","floor":33,"turns":3}],"seed_played":"-312255598032633768","potions_obtained":[{"floor":1.0,"key":"Swift Potion"},{"floor":5.0,"key":"BloodPotion"},{"floor":6.0,"key":"Fire Potion"},{"floor":16.0,"key":"EssenceOfSteel"},{"floor":18,"key":"Block Potion"},{"floor":19,"key":"SpeedPotion"},{"floor":28,"key":"AttackPotion"}],"is_trial":false,"path_per_floor":["M","?","$","M","?","E","M","R","T","R","M","?","M","?","R","B",null,"M","M","$","?","?","R","M","?","T","R","M","R","M","$","R","B"],"character_chosen":"IRONCLAD","items_purchased":["Inflame","SkillPotion","Toxic Egg 2"],"campfire_rested":1,"item_purchase_floors":[3,31,31],"current_hp_per_floor":[74,56,56,62,62,75,74,74,74,74,58,32,26,26,26,19,61,27,11,11,11,11,26,21,21,21,21,41,41,40,40,40,9],"gold":17,"neow_bonus":"THREE_ENEMY_KILL","is_prod":false,"is_daily":false,"chose_seed":false,"campfire_upgraded":6,"win_rate":0,"timestamp":1555918188,"path_taken":["M","?","?","M","?","E","M","R","T","R","?","?","M","?","R","BOSS","M","M","$","?","?","R","M","?","T","R","M","R","?","$","R","BOSS"],"build_version":"2019-04-21","purchased_purges":1,"victory":false,"max_hp_per_floor":[75,75,75,75,75,75,75,75,75,75,75,75,75,75,75,75,75,75,75,75,75,52,52,52,52,52,52,52,52,52,52,52,52],"card_choices":[{"not_picked":["Burning Pact","Thunderclap","Rupture"],"picked":"SKIP","floor":1.0},{"not_picked":["Body Slam","Clothesline"],"picked":"Twin Strike","floor":4.0},{"not_picked":["Clash","Dual Wield","Havoc"],"picked":"SKIP","floor":6.0},{"not_picked":["Hemokinesis","Corruption","Searing Blow"],"picked":"SKIP","floor":7.0},{"not_picked":["Cleave","Evolve","Entrench"],"picked":"SKIP","floor":11.0},{"not_picked":["Evolve","Clothesline","Ghostly Armor"],"picked":"SKIP","floor":13.0},{"not_picked":["Berserk","Bludgeon"],"picked":"Fiend Fire","floor":16.0},{"not_picked":["Rampage","Fire Breathing"],"picked":"True Grit","floor":18},{"not_picked":["Anger+1","Clothesline","Uppercut"],"picked":"SKIP","floor":19},{"not_picked":["Body Slam","Searing Blow","Armaments"],"picked":"SKIP","floor":24},{"not_picked":["Warcry","Headbutt"],"picked":"Feed","floor":28},{"not_picked":["Searing Blow","Warcry"],"picked":"Heavy Blade","floor":30}],"player_experience":1409900,"relics_obtained":[{"floor":6.0,"key":"Whetstone"},{"floor":26,"key":"Letter Opener"}],"event_choices":[{"damage_healed":0.0,"max_hp_gain":0.0,"max_hp_loss":0.0,"gold_gain":0.0,"event_name":"Scrap Ooze","player_choice":"Success","floor":2.0,"gold_loss":0.0,"damage_taken":18.0,"relics_obtained":["Bronze Scales"]},{"damage_healed":0.0,"max_hp_gain":0.0,"max_hp_loss":0.0,"gold_gain":0.0,"event_name":"Lab","player_choice":"Got Potions","floor":5.0,"gold_loss":0.0,"damage_taken":0.0},{"damage_healed":0.0,"max_hp_gain":0.0,"max_hp_loss":0.0,"gold_gain":0.0,"event_name":"Golden Idol","player_choice":"Take Damage","floor":12.0,"gold_loss":0.0,"damage_taken":26.0,"relics_obtained":["Golden Idol"]},{"damage_healed":0.0,"max_hp_gain":0.0,"max_hp_loss":0.0,"gold_gain":50.0,"event_name":"Golden Shrine","player_choice":"Pray","floor":14.0,"gold_loss":0.0,"damage_taken":0.0},{"damage_healed":0,"gold_gain":0,"player_choice":"Ignored","damage_taken":0,"max_hp_gain":0,"max_hp_loss":0,"event_name":"Ghosts","floor":21,"gold_loss":0},{"damage_healed":0,"gold_gain":0,"player_choice":"Became a vampire","damage_taken":0,"max_hp_gain":0,"max_hp_loss":23,"event_name":"Vampires","floor":22,"gold_loss":0,"cards_obtained":["Bite","Bite","Bite","Bite","Bite"]},{"damage_healed":0,"gold_gain":0,"player_choice":"Trade","damage_taken":0,"relics_obtained":["SsserpentHead"],"max_hp_gain":0,"max_hp_loss":0,"event_name":"FaceTrader","floor":25,"gold_loss":0}],"is_beta":true,"boss_relics":[{"not_picked":["Eternal Feather","Astrolabe"],"picked":"Lizard Tail"}],"items_purged_floors":[20],"is_endless":false,"potions_floor_spawned":[1,6,7,16,18,19,28],"killed_by":"Collector","ascension_level":20}