{"gold_per_floor":[364,378,378,303,323,323,323,358,404,420,420,431,431,444,444,444],"floor_reached":16,"playtime":490,"items_purged":[],"score":204,"play_id":"5453c94f-b380-4b53-9510-78a42949195d","local_time":"20190322230530","is_ascension_mode":true,"campfire_choices":[{"floor":6,"key":"REST"},{"floor":11,"key":"REST"},{"floor":15,"key":"REST"}],"neow_cost":"CURSE","seed_source_timestamp":168525211028100,"circlet_count":0,"master_deck":["AscendersBane","Strike_R","Strike_R","Strike_R","Strike_R","Strike_R","Defend_R","Defend_R","Defend_R","Defend_R","Bash+1","Pommel Strike","Double Tap","Pain"],"relics":["Burning Blood","Lantern","Pen Nib","WarpedTongs"],"potions_floor_usage":[8,16,16],"damage_taken":[{"damage":17,"enemies":"Cultist","floor":1,"turns":4},{"damage":9,"enemies":"2 Louse","floor":2,"turns":4},{"damage":9,"enemies":"Jaw Worm","floor":5,"turns":3},{"damage":62,"enemies":"3 Sentries","floor":8,"turns":13},{"damage":9,"enemies":"Blue Slaver","floor":10,"turns":6},{"damage":1,"enemies":"3 Louse","floor":12,"turns":3},{"damage":17,"enemies":"Gremlin Gang","floor":14,"turns":5},{"damage":75,"enemies":"The Guardian","floor":16,"turns":11}],"seed_played":"-3905419734822831943","potions_obtained":[{"floor":5,"key":"EssenceOfSteel"},{"floor":10,"key":"AttackPotion"},{"floor":14,"key":"Weak Potion"}],"is_trial":false,"path_per_floor":["M","M","?","?","M","R","?","E","T","M","R","M","?","M","R","B"],"character_chosen":"IRONCLAD","items_purchased":[],"campfire_rested":3,"item_purchase_floors":[],"current_hp_per_floor":[57,54,54,54,51,73,78,22,22,19,43,48,48,37,61,0],"gold":444,"neow_bonus":"TWO_FIFTY_GOLD","is_prod":false,"is_daily":false,"chose_seed":false,"campfire_upgraded":0,"win_rate":0,"timestamp":1553292330,"path_taken":["M","M","?","?","M","R","?","E","T","M","R","?","?","?","R","BOSS"],"build_version":"2019-03-15","purchased_purges":0,"victory":false,"max_hp_per_floor":[75,75,75,75,75,75,80,80,80,80,80,80,80,80,80,80],"card_choices":[{"not_picked":["Warcry","Headbutt","Carnage"],"picked":"SKIP","floor":1},{"not_picked":["Second Wind","Infernal Blade","Warcry"],"picked":"SKIP","floor":2},{"not_picked":["Anger","Wild Strike","Body Slam"],"picked":"SKIP","floor":5},{"not_picked":["True Grit","Corruption","Intimidate"],"picked":"SKIP","floor":8},{"not_picked":["Shockwave","True Grit"],"picked":"Pommel Strike","floor":10},{"not_picked":["Burning Pact","Wild Strike"],"picked":"Double Tap","floor":12},{"not_picked":["Metallicize","Sentinel","Feel No Pain"],"picked":"SKIP","floor":14}],"player_experience":1273039,"relics_obtained":[{"floor":8,"key":"Lantern"},{"floor":9,"key":"Pen Nib"}],"event_choices":[{"damage_healed":0,"gold_gain":0,"player_choice":"Grow","damage_taken":0,"max_hp_gain":0,"max_hp_loss":0,"event_name":"Living Wall","floor":3,"gold_loss":0,"cards_upgraded":["Bash"]},{"cards_removed":["Clumsy"],"damage_healed":0,"gold_gain":0,"player_choice":"Card Removal","damage_taken":0,"max_hp_gain":0,"max_hp_loss":0,"event_name":"The Cleric","floor":4,"gold_loss":75},{"damage_healed":0,"gold_gain":0,"player_choice":"Donut","damage_taken":0,"max_hp_gain":5,"max_hp_loss":0,"event_name":"Big Fish","floor":7,"gold_loss":0},{"damage_healed":0,"gold_gain":0,"player_choice":"Rummage","damage_taken":0,"relics_obtained":["WarpedTongs"],"max_hp_gain":0,"max_hp_loss":0,"event_name":"Accursed Blacksmith","floor":13,"gold_loss":0,"cards_obtained":["Pain"]}],"is_beta":true,"boss_relics":[],"items_purged_floors":[],"is_endless":false,"potions_floor_spawned":[5,10,14],"killed_by":"The Guardian","ascension_level":20}