{"gold_per_floor":[116,291,63,63,76,76,76,91,165,165,165,182,206,219,219,314,314,333,333,233,247,247,247,247,258,258,258,271,284,297,172,172,277,277,292,292,311,327,347,347,347,347,347,347,367,386,386,108,108,108],"floor_reached":51,"playtime":2015,"items_purged":["Doubt","Strike_B","Defend_B","Doubt"],"score":664,"play_id":"97996645-85d1-4970-88ab-7429269a3e4d","local_time":"20190204004551","is_ascension_mode":false,"campfire_choices":[{"data":"Dualcast","floor":6.0,"key":"SMITH"},{"data":"Loop","floor":11.0,"key":"SMITH"},{"data":"Buffer","floor":15.0,"key":"SMITH"},{"data":"Coolheaded","floor":23.0,"key":"SMITH"},{"data":"Glacier","floor":27.0,"key":"SMITH"},{"data":"Conserve Battery","floor":32.0,"key":"SMITH"},{"data":"Bite","floor":40.0,"key":"SMITH"},{"data":"Ball Lightning","floor":44.0,"key":"SMITH"},{"data":"Defragment","floor":49.0,"key":"SMITH"}],"neow_cost":"NONE","seed_source_timestamp":0,"circlet_count":0,"master_deck":["Defend_B","Defend_B","Zap+1","Dualcast+1","Electrodynamics","Conserve Battery+1","Glacier+1","Self Repair","Loop+1","Buffer+1","Machine Learning","Coolheaded+1","All For One","Bite+1","Bite","Bite","Bite","Loop+1","Ball Lightning+1","Go for the Eyes+1","FTL","Echo Form","Capacitor","Writhe","Defragment+1"],"special_seed":0,"relics":["Cracked Core"],"potions_floor_usage":[50,50],"damage_taken":[{"damage":0.0,"enemies":"2 Louse","floor":1.0,"turns":1.0},{"damage":0.0,"enemies":"Small Slimes","floor":5.0,"turns":4.0},{"damage":6.0,"enemies":"Jaw Worm","floor":8.0,"turns":2.0},{"damage":3.0,"enemies":"Exordium Thugs","floor":12.0,"turns":3.0},{"damage":2.0,"enemies":"Red Slaver","floor":14.0,"turns":4.0},{"damage":5.0,"enemies":"The Guardian","floor":16.0,"turns":10.0},{"damage":18.0,"enemies":"3 Byrds","floor":18.0,"turns":4.0},{"damage":6.0,"enemies":"Chosen","floor":21.0,"turns":5.0},{"damage":9.0,"enemies":"Centurion and Healer","floor":25.0,"turns":10.0},{"damage":20.0,"enemies":"3 Cultists","floor":28.0,"turns":5.0},{"damage":15.0,"enemies":"Sentry and Sphere","floor":29.0,"turns":8.0},{"damage":5.0,"enemies":"Snake Plant","floor":30.0,"turns":4.0},{"damage":25.0,"enemies":"Automaton","floor":33.0,"turns":9.0},{"damage":0.0,"enemies":"3 Shapes","floor":35.0,"turns":3.0},{"damage":25.0,"enemies":"Orb Walker","floor":37.0,"turns":3.0},{"damage":3.0,"enemies":"Jaw Worm Horde","floor":38.0,"turns":4.0},{"damage":32.0,"enemies":"4 Shapes","floor":39.0,"turns":5.0},{"damage":43.0,"enemies":"Sphere and 2 Shapes","floor":45.0,"turns":6.0},{"damage":12.0,"enemies":"Writhing Mass","floor":46.0,"turns":7.0},{"damage":42,"enemies":"Donu and Deca","floor":50,"turns":13}],"seed_played":"2094374943716275257","potions_obtained":[{"floor":8.0,"key":"PowerPotion"},{"floor":14.0,"key":"GamblersBrew"},{"floor":18.0,"key":"PowerPotion"},{"floor":25.0,"key":"AttackPotion"},{"floor":29.0,"key":"SpeedPotion"},{"floor":35.0,"key":"Regen Potion"},{"floor":45.0,"key":"SpeedPotion"},{"floor":46.0,"key":"Swift Potion"}],"is_trial":false,"path_per_floor":["M","?","$","?","M","R","?","M","T","T","R","M","T","M","R","B",null,"M","?","$","M","?","R","?","M","T","R","M","M","M","$","R","B",null,"M","?","M","M","M","R","T","?","T","R","M","M","?","$","R","B",null],"character_chosen":"DEFECT","items_purchased":["Glacier","Self Repair","Defragment","SpeedPotion"],"campfire_rested":0,"item_purchase_floors":[3,3,48,48],"current_hp_per_floor":[75,75,75,80,80,80,80,80,80,80,80,77,77,80,80,80,80,69,69,69,70,56,56,56,56,56,56,49,51,56,56,56,43,56,56,56,37,56,39,39,39,56,56,56,24,26,40,40,40,27],"gold":108,"neow_bonus":"ONE_RANDOM_RARE_CARD","is_prod":false,"is_daily":false,"chose_seed":false,"campfire_upgraded":9,"win_rate":0,"timestamp":1549237551,"path_taken":["M","?","$","?","M","R","?","M","T","?","R","M","?","M","R","BOSS","M","?","?","?","?","R","?","M","T","R","M","M","M","$","R","BOSS","M","?","M","M","M","R","?","?","T","R","M","M","?","$","R","BOSS"],"build_version":"2019-01-23","purchased_purges":4,"victory":true,"max_hp_per_floor":[75,75,75,80,80,80,80,80,80,80,80,80,80,80,80,80,80,80,80,80,80,56,56,56,56,56,56,56,56,56,56,56,56,56,56,56,56,56,56,56,56,56,56,56,56,56,56,56,56,56],"card_choices":[{"not_picked":["Go for the Eyes","Lockon"],"picked":"Conserve Battery","floor":1.0},{"not_picked":["Skim","Go for the Eyes"],"picked":"Loop","floor":5.0},{"not_picked":["Darkness","Tempest","Storm"],"picked":"SKIP","floor":8.0},{"not_picked":["Steam","Streamline","Storm"],"picked":"SKIP","floor":12.0},{"not_picked":["Coolheaded","Reinforced Body"],"picked":"Buffer","floor":14.0},{"not_picked":["Fission","Seek"],"picked":"Machine Learning","floor":16.0},{"not_picked":["Double Energy+1","Doom and Gloom"],"picked":"Coolheaded","floor":18.0},{"not_picked":["Rip and Tear","Rebound+1","Double Energy"],"picked":"SKIP","floor":21.0},{"not_picked":["Loop+1","Streamline","Conserve Battery"],"picked":"SKIP","floor":25.0},{"not_picked":["Streamline","Conserve Battery"],"picked":"Loop+1","floor":25.0},{"not_picked":["Hologram","Compile Driver"],"picked":"Ball Lightning","floor":28.0},{"not_picked":["Gash+1","Steam"],"picked":"Go for the Eyes+1","floor":29.0},{"not_picked":["Conserve Battery","Beam Cell+1"],"picked":"FTL","floor":30.0},{"not_picked":["Fission","Electrodynamics"],"picked":"Echo Form","floor":33.0},{"not_picked":["Turbo","Heatsinks+1","Leap"],"picked":"SKIP","floor":35.0},{"not_picked":["Gash","Ball Lightning+1","Beam Cell"],"picked":"SKIP","floor":37.0},{"not_picked":["Hologram","Beam Cell+1","Gash+1"],"picked":"SKIP","floor":38.0},{"not_picked":["Hologram","Leap","Fusion"],"picked":"SKIP","floor":39.0},{"not_picked":["Blizzard+1","Echo Form","Beam Cell"],"picked":"SKIP","floor":45.0},{"not_picked":["Cold Snap+1","Sunder+1"],"picked":"Capacitor","floor":46.0}],"player_experience":1124470,"relics_obtained":[],"event_choices":[{"damage_healed":0.0,"max_hp_gain":0.0,"max_hp_loss":0.0,"gold_gain":175.0,"event_name":"Liars Game","player_choice":"AGREE","floor":2.0,"gold_loss":0.0,"damage_taken":0.0,"cards_obtained":["Doubt"]},{"damage_healed":0.0,"max_hp_gain":5.0,"max_hp_loss":0.0,"gold_gain":0.0,"event_name":"Big Fish","player_choice":"Donut","floor":4.0,"gold_loss":0.0,"damage_taken":0.0},{"damage_healed":0.0,"max_hp_gain":0.0,"max_hp_loss":0.0,"gold_gain":0.0,"event_name":"Living Wall","player_choice":"Grow","floor":7.0,"gold_loss":0.0,"damage_taken":0.0,"cards_upgraded":["Zap"]},{"damage_healed":0.0,"max_hp_gain":0.0,"max_hp_loss":0.0,"gold_gain":0.0,"cards_transformed":["Defend_B"],"event_name":"Transmorgrifier","player_choice":"Transformed","floor":19.0,"gold_loss":0.0,"damage_taken":0.0,"cards_obtained":["All For One"]},{"damage_healed":0.0,"max_hp_gain":0.0,"max_hp_loss":24.0,"gold_gain":0.0,"event_name":"Vampires","player_choice":"Became a vampire","floor":22.0,"gold_loss":0.0,"damage_taken":0.0,"cards_obtained":["Bite","Bite","Bite","Bite","Bite"]},{"cards_removed":["Bite"],"damage_healed":0.0,"max_hp_gain":0.0,"max_hp_loss":0.0,"gold_gain":0.0,"event_name":"Back to Basics","player_choice":"Elegance","floor":24.0,"gold_loss":0.0,"damage_taken":0.0},{"damage_healed":0.0,"max_hp_gain":0.0,"max_hp_loss":0.0,"gold_gain":0.0,"event_name":"Mysterious Sphere","player_choice":"Ignored","floor":36.0,"gold_loss":0.0,"damage_taken":0.0},{"damage_healed":17.0,"max_hp_gain":0.0,"max_hp_loss":0.0,"gold_gain":0.0,"event_name":"MindBloom","player_choice":"Heal","floor":42.0,"gold_loss":0.0,"damage_taken":0.0,"cards_obtained":["Doubt"]},{"damage_healed":14.0,"max_hp_gain":0.0,"max_hp_loss":0.0,"gold_gain":0.0,"event_name":"Winding Halls","player_choice":"Writhe","floor":47.0,"gold_loss":0.0,"damage_taken":0.0,"cards_obtained":["Writhe"]}],"is_beta":true,"boss_relics":[{"not_picked":["Orrery","Tiny House","Inserter"]},{"not_picked":["Busted Crown","Runic Dome","Eternal Feather"]}],"items_purged_floors":[3,20,31,48],"is_endless":false,"potions_floor_spawned":[8,14,18,25,29,35,45,46],"ascension_level":0}