{"gold_per_floor":[118,118,118,134,144,144,177,190,264,264],"floor_reached":10,"playtime":133,"items_purged":[],"score":136,"play_id":"c1b20bf1-ad62-445e-aaa6-0ec1c99da0aa","local_time":"20190427215557","is_ascension_mode":true,"campfire_choices":[{"data":"Bash","floor":6,"key":"SMITH"}],"neow_cost":"NONE","seed_source_timestamp":1500224318015000,"circlet_count":0,"master_deck":["AscendersBane","Strike_R","Strike_R","Strike_R","Strike_R","Strike_R","Defend_R","Defend_R","Defend_R","Bash+1","Twin Strike","Anger","Sword Boomerang","Pummel","Heavy Blade"],"relics":["Burning Blood","NeowsBlessing","Turnip","Strawberry"],"potions_floor_usage":[7],"damage_taken":[{"damage":0,"enemies":"Jaw Worm","floor":1,"turns":1},{"damage":0,"enemies":"Cultist","floor":4,"turns":1},{"damage":0,"enemies":"Small Slimes","floor":5,"turns":1},{"damage":8,"enemies":"Gremlin Nob","floor":7,"turns":3},{"damage":26,"enemies":"Exordium Thugs","floor":8,"turns":4},{"damage":0,"enemies":"Gremlin Gang","floor":10,"turns":1}],"seed_played":"1685484577510437068","potions_obtained":[{"floor":4,"key":"SteroidPotion"},{"floor":5,"key":"GamblersBrew"},{"floor":8,"key":"Poison Potion"}],"is_trial":false,"path_per_floor":["M","?","?","M","M","R","E","M","T","M"],"character_chosen":"IRONCLAD","items_purchased":[],"campfire_rested":0,"item_purchase_floors":[],"current_hp_per_floor":[74,69,69,75,75,75,80,60,60,60],"gold":264,"neow_bonus":"THREE_ENEMY_KILL","is_prod":false,"is_daily":false,"chose_seed":false,"campfire_upgraded":1,"win_rate":0,"timestamp":1556394957,"path_taken":["M","?","?","?","M","R","E","M","T","M"],"build_version":"2019-04-23","purchased_purges":0,"victory":false,"max_hp_per_floor":[75,75,75,75,75,75,82,82,82,82],"card_choices":[{"not_picked":["Havoc","Pommel Strike"],"picked":"Twin Strike","floor":1},{"not_picked":["Sever Soul","Pommel Strike"],"picked":"Sword Boomerang","floor":4},{"not_picked":["Evolve","Cleave"],"picked":"Pummel","floor":5},{"not_picked":["Pommel Strike","Dark Embrace","Entrench"],"picked":"SKIP","floor":7},{"not_picked":["Pommel Strike","True Grit"],"picked":"Heavy Blade","floor":8}],"player_experience":1419618,"relics_obtained":[{"floor":7,"key":"Strawberry"}],"event_choices":[{"damage_healed":0,"gold_gain":0,"player_choice":"Success","damage_taken":5,"relics_obtained":["Turnip"],"max_hp_gain":0,"max_hp_loss":0,"event_name":"Scrap Ooze","floor":2,"gold_loss":0},{"damage_healed":0,"gold_gain":0,"cards_transformed":["Defend_R"],"player_choice":"Transformed","damage_taken":0,"max_hp_gain":0,"max_hp_loss":0,"event_name":"Transmorgrifier","floor":3,"gold_loss":0,"cards_obtained":["Anger"]}],"is_beta":true,"boss_relics":[],"items_purged_floors":[],"is_endless":false,"potions_floor_spawned":[4,5,8],"killed_by":"Gremlin Gang","ascension_level":20}