{"gold_per_floor":[118,43,43,43,55,55,55,78,78,121,146,169,183,198,198,297,297,311,346,346,180,159,159,172,172],"floor_reached":25,"playtime":998,"items_purged":["Defend_B"],"score":410,"play_id":"7fdcc93d-6e5a-4e4b-9689-50d925d1f6b1","local_time":"20190101163508","is_ascension_mode":true,"campfire_choices":[{"data":"Zap","floor":6,"key":"SMITH"},{"floor":15,"key":"REST"},{"data":"Capacitor","floor":23,"key":"SMITH"}],"neow_cost":"NONE","seed_source_timestamp":65430201046200,"circlet_count":0,"master_deck":["AscendersBane","Strike_B+1","Strike_B","Strike_B","Strike_B","Defend_B","Defend_B+1","Defend_B+1","Zap+1","Dualcast+1","Doom and Gloom","Cold Snap","Conserve Battery","Hologram","Machine Learning","Conserve Battery","Capacitor+1","All For One","Loop","FTL","Ball Lightning","Self Repair","Ball Lightning","BootSequence"],"relics":["FrozenCore","War Paint","Golden Idol","Blue Candle","Bag of Preparation","Red Mask"],"potions_floor_usage":[10,16,16,19,25],"damage_taken":[{"damage":0,"enemies":"2 Louse","floor":1,"turns":3},{"damage":0,"enemies":"Small Slimes","floor":5,"turns":3},{"damage":0,"enemies":"Jaw Worm","floor":8,"turns":2},{"damage":34,"enemies":"Gremlin Nob","floor":10,"turns":4},{"damage":1,"enemies":"Looter","floor":11,"turns":3},{"damage":0,"enemies":"Exordium Wildlife","floor":12,"turns":5},{"damage":0,"enemies":"Blue Slaver","floor":13,"turns":4},{"damage":0,"enemies":"Looter","floor":14,"turns":4},{"damage":18,"enemies":"Slime Boss","floor":16,"turns":9},{"damage":0,"enemies":"Spheric Guardian","floor":18,"turns":5},{"damage":9,"enemies":"Masked Bandits","floor":19,"turns":3},{"damage":8,"enemies":"2 Thieves","floor":22,"turns":4},{"damage":21,"enemies":"Shelled Parasite and Fungi","floor":24,"turns":7},{"damage":44,"enemies":"Gremlin Leader","floor":25,"turns":5}],"seed_played":"-4763858876946666539","potions_obtained":[{"floor":1,"key":"Poison Potion"},{"floor":10,"key":"Poison Potion"},{"floor":14,"key":"Explosive Potion"},{"floor":16,"key":"GamblersBrew"},{"floor":19,"key":"SpeedPotion"},{"floor":24,"key":"Poison Potion"}],"is_trial":false,"path_per_floor":["M","$","?","?","M","R","?","M","T","E","M","M","M","M","R","B",null,"M","?","?","$","M","R","M","E"],"character_chosen":"DEFECT","items_purchased":["FTL","Ball Lightning","Self Repair"],"campfire_rested":1,"item_purchase_floors":[21,21,21],"current_hp_per_floor":[64,64,64,43,43,43,43,43,43,9,8,8,8,8,27,9,50,50,41,54,54,53,53,39,0],"gold":172,"neow_bonus":"RANDOM_COMMON_RELIC","is_prod":false,"is_daily":false,"chose_seed":false,"campfire_upgraded":2,"win_rate":0,"timestamp":1546356908,"path_taken":["M","$","?","?","M","R","?","M","T","E","M","M","M","M","R","BOSS","M","?","?","?","M","R","M","E"],"build_version":"2018-12-25","purchased_purges":1,"victory":false,"max_hp_per_floor":[71,71,71,71,71,71,64,64,64,64,64,64,64,64,64,64,64,64,64,64,64,64,64,64,64],"card_choices":[{"not_picked":["Heatsinks","Redo"],"picked":"Doom and Gloom","floor":1},{"not_picked":["Gash","Sweeping Beam"],"picked":"Cold Snap","floor":5},{"not_picked":["Cold Snap","Hello World"],"picked":"Conserve Battery","floor":8},{"not_picked":["Stack","Beam Cell"],"picked":"Hologram","floor":10},{"not_picked":["Blizzard","Leap"],"picked":"Machine Learning","floor":11},{"not_picked":["Compile Driver","Redo"],"picked":"Conserve Battery","floor":12},{"not_picked":["Double Energy","Lockon","Compile Driver"],"picked":"SKIP","floor":13},{"not_picked":["Go for the Eyes","Scrape"],"picked":"Capacitor","floor":14},{"not_picked":["Multi-Cast","Thunder Strike"],"picked":"All For One","floor":16},{"not_picked":["Hologram","Coolheaded+1"],"picked":"Loop","floor":18},{"not_picked":["Hologram+1","Fusion"],"picked":"Ball Lightning","floor":22},{"not_picked":["Stack","Turbo"],"picked":"BootSequence","floor":24}],"player_experience":998120,"relics_obtained":[{"floor":9,"key":"Blue Candle"},{"floor":10,"key":"Bag of Preparation"},{"floor":19,"key":"Red Mask"}],"event_choices":[{"damage_healed":0,"gold_gain":0,"player_choice":"Leave","damage_taken":0,"max_hp_gain":0,"max_hp_loss":0,"event_name":"The Cleric","floor":3,"gold_loss":0},{"damage_healed":0,"gold_gain":0,"player_choice":"Entered Light","damage_taken":21,"max_hp_gain":0,"max_hp_loss":0,"event_name":"Shining Light","floor":4,"gold_loss":0,"cards_upgraded":["Dualcast","Strike_B"]},{"damage_healed":0,"gold_gain":0,"player_choice":"Lose Max HP","damage_taken":0,"relics_obtained":["Golden Idol"],"max_hp_gain":0,"max_hp_loss":7,"event_name":"Golden Idol","floor":7,"gold_loss":0},{"damage_healed":0,"gold_gain":0,"player_choice":"Fought Bandits","damage_taken":0,"max_hp_gain":0,"max_hp_loss":0,"event_name":"Masked Bandits","floor":19,"gold_loss":0},{"damage_healed":13,"gold_gain":0,"player_choice":"Heal","damage_taken":0,"max_hp_gain":0,"max_hp_loss":0,"event_name":"The Library","floor":20,"gold_loss":0}],"is_beta":true,"boss_relics":[{"not_picked":["Empty Cage","Runic Dome"],"picked":"FrozenCore"}],"items_purged_floors":[2],"is_endless":false,"potions_floor_spawned":[1,10,14,16,19,24],"killed_by":"Gremlin Leader","ascension_level":20}