{"gold_per_floor":[10,27,27,39,50,82,82,82,128,185,222,234,171,171,171,270,270,286,159,172,172,191,206,234,250,250,329,364,364,216,216,216,216],"floor_reached":33,"playtime":1143,"items_purged":["Defend_R","Strike_R"],"score":285,"play_id":"63a7b045-36f5-4d8f-ae39-b0aab5b9f6d8","local_time":"20190210011035","is_ascension_mode":false,"campfire_choices":[{"floor":8,"key":"REST"},{"floor":15,"key":"REST"},{"floor":29,"key":"DIG"},{"floor":32,"key":"REST"}],"neow_cost":"NO_GOLD","seed_source_timestamp":1859058009164900,"circlet_count":0,"master_deck":["Strike_R","Strike_R","Bash","Rage+1","Shrug It Off+1","Clash","Necronomicurse"],"relics":["Burning Blood","Blue Candle","Potion Belt","MawBank","War Paint","Empty Cage","Tiny Chest","Shovel","Bag of Preparation","Self Forming Clay","Red Skull","Strawberry","Necronomicon"],"potions_floor_usage":[14,23,24,25,28],"damage_taken":[{"damage":6,"enemies":"Jaw Worm","floor":1,"turns":3},{"damage":0,"enemies":"Cultist","floor":2,"turns":3},{"damage":5,"enemies":"2 Louse","floor":4,"turns":3},{"damage":7,"enemies":"Blue Slaver","floor":5,"turns":4},{"damage":52,"enemies":"Lagavulin","floor":6,"turns":8},{"damage":43,"enemies":"3 Sentries","floor":10,"turns":11},{"damage":0,"enemies":"3 Louse","floor":14,"turns":1},{"damage":20,"enemies":"The Guardian","floor":16,"turns":10},{"damage":0,"enemies":"2 Thieves","floor":18,"turns":4},{"damage":5,"enemies":"Spheric Guardian","floor":20,"turns":4},{"damage":4,"enemies":"Shelled Parasite and Fungi","floor":22,"turns":5},{"damage":23,"enemies":"Chosen and Byrds","floor":23,"turns":7},{"damage":15,"enemies":"Gremlin Leader","floor":24,"turns":5},{"damage":11,"enemies":"Snecko","floor":25,"turns":5},{"damage":20,"enemies":"Slavers","floor":28,"turns":10},{"damage":46,"enemies":"Automaton","floor":33,"turns":6}],"seed_played":"-6437512129192875748","potions_obtained":[{"floor":1,"key":"Ancient Potion"},{"floor":4,"key":"SmokeBomb"},{"floor":16,"key":"AttackPotion"},{"floor":22,"key":"GamblersBrew"},{"floor":23,"key":"Ancient Potion"},{"floor":25,"key":"Fire Potion"}],"is_trial":false,"path_per_floor":["M","M","?","M","M","E","?","R","T","?","T","?","$","M","R","B",null,"M","$","M","?","M","M","E","M","T","T","E","R","$","?","R","B"],"character_chosen":"IRONCLAD","items_purchased":["Tiny Chest","Fire Potion"],"campfire_rested":3,"item_purchase_floors":[19,30],"current_hp_per_floor":[80,80,72,73,72,26,26,50,50,13,13,6,6,12,36,22,80,80,80,80,80,80,63,54,49,49,49,35,42,42,26,52,6],"gold":216,"neow_bonus":"TRANSFORM_TWO_CARDS","is_prod":false,"is_daily":false,"chose_seed":false,"campfire_upgraded":0,"win_rate":0,"timestamp":1549757435,"path_taken":["M","M","?","?","M","E","?","R","T","?","?","?","$","M","R","BOSS","M","$","M","?","M","M","E","?","T","?","E","R","$","?","R","BOSS"],"build_version":"2019-02-06","purchased_purges":2,"victory":false,"max_hp_per_floor":[80,80,80,80,80,80,80,80,80,80,80,80,80,80,80,80,80,80,80,80,80,80,80,80,80,80,80,80,87,87,87,87,87],"card_choices":[{"not_picked":["Rupture","True Grit","Rampage"],"picked":"SKIP","floor":1},{"not_picked":["Blood for Blood","Twin Strike","Battle Trance"],"picked":"SKIP","floor":2},{"not_picked":["Sever Soul","Cleave"],"picked":"Shrug It Off","floor":4},{"not_picked":["Wild Strike","Clothesline","Armaments"],"picked":"SKIP","floor":5},{"not_picked":["Flame Barrier","Fiend Fire"],"picked":"Clash","floor":6},{"not_picked":["Thunderclap","Body Slam","Warcry"],"picked":"SKIP","floor":18},{"not_picked":["Perfected Strike","Pommel Strike","Burning Pact"],"picked":"SKIP","floor":20},{"not_picked":["Body Slam","Disarm","Clash"],"picked":"SKIP","floor":22},{"not_picked":["Whirlwind+1","Carnage+1","Second Wind"],"picked":"SKIP","floor":23},{"not_picked":["Seeing Red","Clash","Pommel Strike"],"picked":"SKIP","floor":24},{"not_picked":["Heavy Blade","Combust","Pommel Strike+1"],"picked":"SKIP","floor":25},{"not_picked":["Seeing Red","Armaments","Pommel Strike"],"picked":"SKIP","floor":28}],"player_experience":1142679,"relics_obtained":[{"floor":6,"key":"Blue Candle"},{"floor":9,"key":"Potion Belt"},{"floor":10,"key":"MawBank"},{"floor":11,"key":"War Paint"},{"floor":24,"key":"Shovel"},{"floor":26,"key":"Bag of Preparation"},{"floor":27,"key":"Self Forming Clay"},{"floor":28,"key":"Red Skull"},{"floor":29,"key":"Strawberry"},{"floor":31,"key":"Necronomicon"}],"event_choices":[{"damage_healed":0,"gold_gain":0,"player_choice":"Damaged","damage_taken":8,"max_hp_gain":0,"max_hp_loss":0,"event_name":"Wheel of Change","floor":3,"gold_loss":0},{"cards_removed":["Strike_R"],"damage_healed":0,"gold_gain":0,"player_choice":"Forget","damage_taken":0,"max_hp_gain":0,"max_hp_loss":0,"event_name":"Living Wall","floor":7,"gold_loss":0},{"damage_healed":0,"gold_gain":0,"player_choice":"Searched \u00271\u0027 times","damage_taken":0,"max_hp_gain":0,"max_hp_loss":0,"event_name":"Dead Adventurer","floor":10,"gold_loss":0},{"cards_removed":["Defend_R"],"damage_healed":0,"gold_gain":0,"player_choice":"Card Removal","damage_taken":7,"max_hp_gain":0,"max_hp_loss":0,"event_name":"Golden Wing","floor":12,"gold_loss":0},{"damage_healed":0,"gold_gain":0,"player_choice":"Ignored","damage_taken":0,"max_hp_gain":0,"max_hp_loss":0,"event_name":"Duplicator","floor":21,"gold_loss":0},{"damage_healed":0,"gold_gain":0,"player_choice":"Obtained Book","damage_taken":16,"max_hp_gain":0,"max_hp_loss":0,"event_name":"Cursed Tome","floor":31,"gold_loss":0}],"is_beta":true,"boss_relics":[{"not_picked":["Snecko Eye","Lizard Tail"],"picked":"Empty Cage"}],"items_purged_floors":[13,30],"is_endless":false,"potions_floor_spawned":[1,4,16,22,23,25],"killed_by":"Automaton","ascension_level":0}