{"gold_per_floor":[111,123,123,140,140,174,184,194,194,212,212,212,212,222,222,222],"floor_reached":16,"playtime":483,"items_purged":[],"score":125,"play_id":"d0c7b36e-7c7d-4a6e-afb1-d4337e554026","local_time":"20180723222052","is_ascension_mode":true,"campfire_choices":[{"data":"Bludgeon","floor":11,"key":"SMITH"},{"data":"Inflame","floor":13,"key":"SMITH"},{"data":"True Grit","floor":15,"key":"SMITH"}],"neow_cost":"NONE","seed_source_timestamp":782968929409200,"circlet_count":0,"master_deck":["Strike_R","Strike_R","Strike_R","Strike_R","Defend_R","Defend_R","Defend_R","Defend_R","Reaper","Flex","Shockwave","Cleave","Uppercut","Inflame+1","Pommel Strike","Twin Strike","Bludgeon+1","True Grit+1"],"relics":["Burning Blood","Meat on the Bone","Kunai"],"potions_floor_usage":[6,7,14],"damage_taken":[{"damage":5,"enemies":"Small Slimes","floor":1,"turns":4},{"damage":5,"enemies":"Cultist","floor":2,"turns":4},{"damage":9,"enemies":"Jaw Worm","floor":4,"turns":3},{"damage":46,"enemies":"3 Sentries","floor":6,"turns":7},{"damage":15,"enemies":"2 Fungi Beasts","floor":7,"turns":5},{"damage":19,"enemies":"Large Slime","floor":8,"turns":6},{"damage":6,"enemies":"3 Louse","floor":10,"turns":3},{"damage":13,"enemies":"Lots of Slimes","floor":14,"turns":3},{"damage":86,"enemies":"Hexaghost","floor":16,"turns":9}],"seed_played":"3300899216370635244","potions_obtained":[{"floor":1,"key":"BloodPotion"},{"floor":4,"key":"SpeedPotion"},{"floor":10,"key":"SkillPotion"},{"floor":14,"key":"Explosive Potion"}],"is_trial":false,"path_per_floor":["M","M","?","M","?","E","M","M","T","M","R","?","R","M","R"],"character_chosen":"IRONCLAD","items_purchased":[],"campfire_rested":0,"item_purchase_floors":[],"current_hp_per_floor":[80,80,80,77,77,53,60,59,59,77,77,77,77,73,73,0],"gold":222,"neow_bonus":"ONE_RANDOM_RARE_CARD","is_prod":false,"is_daily":false,"chose_seed":false,"campfire_upgraded":3,"win_rate":0,"timestamp":1532409652,"path_taken":["M","M","?","M","?","E","M","M","T","M","R","?","R","M","R","BOSS"],"build_version":"2018-07-19","purchased_purges":0,"victory":false,"max_hp_per_floor":[80,80,80,80,80,80,80,80,80,80,80,80,80,80,80,80],"card_choices":[{"not_picked":["Bloodletting","Iron Wave"],"picked":"Flex","floor":1},{"not_picked":["Sword Boomerang","Headbutt"],"picked":"Shockwave","floor":2},{"not_picked":["Rage","Pommel Strike"],"picked":"Uppercut","floor":4},{"not_picked":["Ghostly Armor","Combust"],"picked":"Inflame","floor":6},{"not_picked":["Bloodletting","Dropkick"],"picked":"Pommel Strike","floor":7},{"not_picked":["Flex","Armaments"],"picked":"Twin Strike","floor":8},{"not_picked":["Flex","Wild Strike"],"picked":"Bludgeon","floor":10},{"not_picked":["Flex","Pommel Strike"],"picked":"True Grit","floor":14}],"player_experience":179107,"relics_obtained":[{"floor":6,"key":"Meat on the Bone"},{"floor":9,"key":"Kunai"}],"event_choices":[{"event_name":"Transmorgrifier","player_choice":"Transform","floor":3,"damage_taken":0},{"event_name":"Liars Game","player_choice":"disagreed","floor":5,"damage_taken":0},{"event_name":"Purifier","player_choice":"One Purge","floor":12,"damage_taken":0}],"is_beta":true,"boss_relics":[],"items_purged_floors":[],"is_endless":false,"potions_floor_spawned":[1,4,10,14],"killed_by":"Hexaghost","ascension_level":4}