{"gold_per_floor":[117,42,42,57,57,100,100,136,192,192,213,234,257,273,273,366,366,386,386,402,402,19,63,63,63,63,78,28,42,58,71,71,71],"floor_reached":33,"playtime":851,"items_purged":["Pain"],"score":608,"play_id":"5118a4b9-a67e-4d14-b6ee-dc4810fe1ea5","local_time":"20190421141314","is_ascension_mode":true,"campfire_choices":[{"data":"Heavy Blade","floor":7,"key":"SMITH"},{"data":"Strike_R","floor":10,"key":"SMITH"},{"data":"Pummel","floor":15,"key":"SMITH"},{"floor":24,"key":"REST"},{"floor":32,"key":"REST"}],"neow_cost":"NONE","seed_source_timestamp":953301690073200,"circlet_count":0,"master_deck":["AscendersBane","Strike_R+1","Strike_R+1","Strike_R+1","Strike_R+1","Defend_R+1","Defend_R+1","Defend_R+1","Defend_R+1","Bash+1","Heavy Blade+1","Pummel+1","Double Tap","Doubt","Writhe","Cleave+1","Inflame","Twin Strike+1","Shrug It Off","Shrug It Off","Shrug It Off","Impervious","True Grit"],"relics":["Burning Blood","NeowsBlessing","Golden Idol","Red Skull","Lantern","Tiny Chest","Calling Bell","Bag of Preparation","Molten Egg 2","Dead Branch","Mercury Hourglass","Lee\u0027s Waffle","Bottled Flame"],"potions_floor_usage":[8,18,23,31],"damage_taken":[{"damage":0,"enemies":"2 Louse","floor":1,"turns":1},{"damage":0,"enemies":"Small Slimes","floor":4,"turns":1},{"damage":0,"enemies":"3 Sentries","floor":6,"turns":1},{"damage":56,"enemies":"Gremlin Nob","floor":8,"turns":5},{"damage":0,"enemies":"Cultist","floor":11,"turns":2},{"damage":0,"enemies":"Large Slime","floor":12,"turns":3},{"damage":0,"enemies":"Exordium Wildlife","floor":13,"turns":2},{"damage":12,"enemies":"3 Louse","floor":14,"turns":3},{"damage":17,"enemies":"Slime Boss","floor":16,"turns":6},{"damage":50,"enemies":"Shell Parasite","floor":18,"turns":4},{"damage":15,"enemies":"2 Thieves","floor":20,"turns":3},{"damage":69,"enemies":"Book of Stabbing","floor":23,"turns":5},{"damage":30,"enemies":"Centurion and Healer","floor":27,"turns":9},{"damage":16,"enemies":"Snake Plant","floor":29,"turns":2},{"damage":6,"enemies":"Cultist and Chosen","floor":30,"turns":3},{"damage":0,"enemies":"Snecko","floor":31,"turns":2},{"damage":55,"enemies":"Collector","floor":33,"turns":3}],"seed_played":"2555084962119662089","potions_obtained":[{"floor":1,"key":"Regen Potion"},{"floor":4,"key":"Explosive Potion"},{"floor":6,"key":"Fire Potion"},{"floor":12,"key":"EssenceOfSteel"},{"floor":23,"key":"Ancient Potion"},{"floor":30,"key":"Ancient Potion"},{"floor":31,"key":"SpeedPotion"}],"is_trial":false,"path_per_floor":["M","?","?","M","?","E","R","E","T","R","M","M","M","M","R","B",null,"M","?","M","T","$","E","R","?","T","M","$","M","M","M","R","B"],"character_chosen":"IRONCLAD","items_purchased":["Lee\u0027s Waffle","Inflame","Shrug It Off"],"campfire_rested":2,"item_purchase_floors":[22,22,28],"current_hp_per_floor":[74,74,48,54,54,60,60,24,24,24,30,36,42,36,36,25,63,19,34,25,25,82,19,43,43,43,19,19,9,9,15,39,0],"gold":71,"neow_bonus":"THREE_ENEMY_KILL","is_prod":false,"is_daily":false,"chose_seed":false,"campfire_upgraded":3,"win_rate":0,"timestamp":1555848794,"path_taken":["M","?","?","M","?","E","R","E","T","R","M","M","?","M","R","BOSS","M","?","M","?","$","E","R","?","T","M","$","M","M","M","R","BOSS"],"build_version":"2019-04-20","purchased_purges":1,"victory":false,"max_hp_per_floor":[75,75,75,75,75,75,75,75,75,75,75,75,75,75,75,75,75,75,75,75,75,82,82,82,82,82,82,82,82,82,82,82,82],"card_choices":[{"not_picked":["Blood for Blood","Perfected Strike"],"picked":"Heavy Blade","floor":1},{"not_picked":["Cleave","Warcry","Intimidate"],"picked":"SKIP","floor":4},{"not_picked":["Infernal Blade","Clothesline","Clash"],"picked":"SKIP","floor":6},{"not_picked":["Seeing Red","Thunderclap","Wild Strike"],"picked":"SKIP","floor":8},{"not_picked":["Bloodletting","Havoc"],"picked":"Pummel","floor":11},{"not_picked":["Perfected Strike","Flex","Entrench"],"picked":"SKIP","floor":12},{"not_picked":["Feel No Pain","Corruption","Heavy Blade"],"picked":"SKIP","floor":13},{"not_picked":["Wild Strike","Armaments","Exhume"],"picked":"SKIP","floor":14},{"not_picked":["Impervious","Brutality"],"picked":"Double Tap","floor":16},{"not_picked":["Flex+1","Reckless Charge+1"],"picked":"Cleave+1","floor":18},{"not_picked":["Anger+1","Evolve+1","Clash+1"],"picked":"SKIP","floor":20},{"not_picked":["Juggernaut","Battle Trance"],"picked":"Twin Strike+1","floor":23},{"not_picked":["Intimidate","Clothesline+1"],"picked":"Shrug It Off","floor":27},{"not_picked":["Clash+1","Bloodletting+1"],"picked":"Shrug It Off","floor":29},{"not_picked":["Dual Wield","Clothesline+1"],"picked":"Impervious","floor":30},{"not_picked":["True Grit","Rampage+1","Entrench"],"picked":"SKIP","floor":31},{"not_picked":["Rampage+1","Entrench"],"picked":"True Grit","floor":31}],"player_experience":1406133,"relics_obtained":[{"floor":6,"key":"Red Skull"},{"floor":8,"key":"Lantern"},{"floor":9,"key":"Tiny Chest"},{"floor":17,"key":"Bag of Preparation"},{"floor":17,"key":"Molten Egg 2"},{"floor":17,"key":"Dead Branch"},{"floor":21,"key":"Mercury Hourglass"},{"floor":23,"key":"Bottled Flame"}],"event_choices":[{"cards_removed":["Strike_R"],"damage_healed":0,"gold_gain":0,"player_choice":"Card Removal","damage_taken":0,"max_hp_gain":0,"max_hp_loss":0,"event_name":"The Cleric","floor":2,"gold_loss":75},{"damage_healed":0,"gold_gain":0,"player_choice":"Take Damage","damage_taken":26,"relics_obtained":["Golden Idol"],"max_hp_gain":0,"max_hp_loss":0,"event_name":"Golden Idol","floor":3,"gold_loss":0},{"damage_healed":0,"gold_gain":0,"player_choice":"Upgraded","damage_taken":0,"max_hp_gain":0,"max_hp_loss":0,"event_name":"Upgrade Shrine","floor":5,"gold_loss":0,"cards_upgraded":["Bash"]},{"damage_healed":15,"gold_gain":0,"player_choice":"Heal","damage_taken":0,"max_hp_gain":0,"max_hp_loss":0,"event_name":"The Library","floor":19,"gold_loss":0},{"damage_healed":0,"gold_gain":0,"player_choice":"Simplicity","damage_taken":0,"max_hp_gain":0,"max_hp_loss":0,"event_name":"Back to Basics","floor":25,"gold_loss":0,"cards_upgraded":["Strike_R","Strike_R","Strike_R","Defend_R","Defend_R","Defend_R","Defend_R"]}],"is_beta":true,"boss_relics":[{"not_picked":["Coffee Dripper","Runic Dome"],"picked":"Calling Bell"}],"items_purged_floors":[22],"is_endless":false,"potions_floor_spawned":[1,4,6,12,23,30,31],"killed_by":"Collector","ascension_level":20}