{"gold_per_floor":[116,116,66,86,86,86,115,127,127,127,152,164,164,178,178,278,278,295,306,2,14,36,48,76,88,169,215,227,239,174,186,198,314,326,352,364,376,1387,753,753,765,780,780,131,145,145,145,173,173,173],"floor_reached":50,"playtime":1586,"items_purged":["Strike_R","Normality","Normality"],"score":645,"play_id":"f60d5e73-1117-4e9d-9470-7fad05eb35f0","local_time":"20180806231523","is_ascension_mode":true,"campfire_choices":[{"data":"Armaments","floor":6,"key":"SMITH"},{"data":"Whirlwind","floor":10,"key":"SMITH"},{"data":"Inflame","floor":13,"key":"SMITH"},{"data":"Flex","floor":15,"key":"SMITH"},{"data":"Searing Blow+1","floor":23,"key":"SMITH"},{"data":"Searing Blow+2","floor":25,"key":"SMITH"},{"data":"Barricade","floor":29,"key":"SMITH"},{"data":"Metallicize","floor":32,"key":"SMITH"},{"data":"Finesse","floor":40,"key":"SMITH"},{"data":"Flame Barrier","floor":46,"key":"SMITH"},{"floor":49,"key":"REST"}],"neow_cost":"","seed_source_timestamp":336884195241300,"circlet_count":0,"master_deck":["Strike_R","Strike_R","Defend_R","Defend_R","Defend_R+1","Defend_R","Thunderclap+1","Armaments+1","Whirlwind+1","Inflame+1","Flex+1","Metallicize+1","Double Tap","Heavy Blade","Searing Blow+3","Shrug It Off","Pommel Strike","Twin Strike+1","Flame Barrier+1","Barricade+1","J.A.X.","Fiend Fire","Finesse+1","Metallicize+1","Metallicize+1","Ghostly Armor+1","Good Instincts","Writhe"],"relics":["Burning Blood","Mummified Hand","Torii","Pen Nib","Empty Cage","MawBank","Nloth\u0027s Gift","Smiling Mask","Champion Belt","Sozu","Happy Flower","DollysMirror","Dream Catcher","Turnip","ClockworkSouvenir","Red Skull","Juzu Bracelet","Bottled Tornado"],"potions_floor_usage":[7,16,16,19,24,24,27],"damage_taken":[{"damage":6,"enemies":"Cultist","floor":1,"turns":4},{"damage":5,"enemies":"Small Slimes","floor":4,"turns":3},{"damage":33,"enemies":"Lagavulin","floor":7,"turns":8},{"damage":0,"enemies":"Jaw Worm","floor":8,"turns":3},{"damage":10,"enemies":"3 Sentries","floor":11,"turns":3},{"damage":0,"enemies":"Blue Slaver","floor":12,"turns":3},{"damage":0,"enemies":"3 Louse","floor":14,"turns":1},{"damage":26,"enemies":"Slime Boss","floor":16,"turns":6},{"damage":1,"enemies":"2 Thieves","floor":18,"turns":2},{"damage":19,"enemies":"Spheric Guardian","floor":19,"turns":5},{"damage":1,"enemies":"Snecko","floor":22,"turns":3},{"damage":36,"enemies":"Slaver and Parasite","floor":24,"turns":5},{"damage":38,"enemies":"Slavers","floor":27,"turns":6},{"damage":71,"enemies":"Champ","floor":33,"turns":16},{"damage":14,"enemies":"Orb Walker","floor":35,"turns":3},{"damage":28,"enemies":"3 Darklings","floor":41,"turns":4},{"damage":3,"enemies":"Maw","floor":42,"turns":7},{"damage":26,"enemies":"4 Shapes","floor":45,"turns":4},{"damage":40,"enemies":"Nemesis","floor":48,"turns":9},{"damage":35,"enemies":"Awakened One","floor":50,"turns":2}],"seed_played":"-6777001992318769575","potions_obtained":[{"floor":4,"key":"Poison Potion"},{"floor":11,"key":"Regen Potion"},{"floor":12,"key":"Fire Potion"},{"floor":14,"key":"Fruit Juice"},{"floor":18,"key":"AttackPotion"},{"floor":22,"key":"SkillPotion"},{"floor":24,"key":"Poison Potion"}],"is_trial":false,"path_per_floor":["M","?","?","M","?","R","E","M","T","R","E","M","R","M","R","B",null,"M","M","$","?","M","R","M","R","T","E","?","R","?","$","R","B",null,"M","$","?","?","$","R","M","M","T","$","M","R","?","E","R"],"character_chosen":"IRONCLAD","items_purchased":["Shrug It Off","Pommel Strike","MawBank","Happy Flower","Finesse","DollysMirror","Dream Catcher","ClockworkSouvenir","Red Skull","Juzu Bracelet","Good Instincts"],"campfire_rested":1,"item_purchase_floors":[20,20,20,39,39,39,39,44,44,44,44],"current_hp_per_floor":[80,68,68,69,53,53,26,32,32,32,28,34,34,40,40,25,70,75,71,71,71,76,76,46,46,46,14,85,85,85,85,85,20,69,61,61,61,61,61,61,39,42,42,42,22,22,43,9,34,0],"gold":173,"neow_bonus":"","is_prod":false,"is_daily":false,"chose_seed":false,"campfire_upgraded":10,"win_rate":0,"timestamp":1533622523,"path_taken":["M","?","?","M","?","R","E","?","T","R","E","M","R","?","R","BOSS","M","M","$","?","M","R","M","R","T","E","?","R","?","?","R","BOSS","M","$","?","?","$","R","M","?","T","$","M","R","?","E","R","BOSS"],"build_version":"2018-08-01","purchased_purges":3,"victory":false,"max_hp_per_floor":[80,80,80,80,80,80,80,80,80,80,80,80,80,80,80,85,85,85,85,85,85,85,85,85,85,85,85,85,85,85,85,85,85,85,85,85,85,85,85,85,85,85,85,85,85,85,85,85,85,85],"card_choices":[{"not_picked":["True Grit","Ghostly Armor"],"picked":"Thunderclap","floor":1},{"not_picked":["Perfected Strike","Carnage"],"picked":"Armaments","floor":4},{"not_picked":["Anger","True Grit"],"picked":"Whirlwind","floor":7},{"not_picked":["Metallicize","Combust"],"picked":"Inflame","floor":8},{"not_picked":["Sentinel","Dark Embrace"],"picked":"Flex","floor":11},{"not_picked":["Anger","True Grit"],"picked":"Shockwave","floor":12},{"not_picked":["Perfected Strike","Dropkick"],"picked":"Metallicize","floor":14},{"not_picked":["Exhume","Feed"],"picked":"Double Tap","floor":16},{"not_picked":["True Grit","Sword Boomerang"],"picked":"Heavy Blade","floor":18},{"not_picked":["Flex+1","Wild Strike"],"picked":"Searing Blow+1","floor":19},{"not_picked":["Sword Boomerang","Rupture"],"picked":"Twin Strike+1","floor":22},{"not_picked":["Thunderclap","Body Slam+1"],"picked":"Flame Barrier","floor":24},{"not_picked":["Evolve","Iron Wave"],"picked":"Barricade","floor":27},{"not_picked":["Barricade","Double Tap"],"picked":"Fiend Fire","floor":33},{"not_picked":["Thunderclap+1","Rampage","Flex"],"picked":"SKIP","floor":35},{"not_picked":["Corruption","Battle Trance"],"picked":"Metallicize+1","floor":41},{"not_picked":["Spot Weakness+1","Wild Strike"],"picked":"Ghostly Armor+1","floor":42},{"not_picked":["Clothesline+1","Iron Wave+1","Cleave+1"],"picked":"SKIP","floor":45},{"not_picked":["Thunderclap","Flex+1","Clash"],"picked":"SKIP","floor":48}],"player_experience":213603,"relics_obtained":[{"floor":7,"key":"Torii"},{"floor":9,"key":"Pen Nib"},{"floor":11,"key":"Centennial Puzzle"},{"floor":26,"key":"Smiling Mask"},{"floor":27,"key":"Champion Belt"},{"floor":43,"key":"Turnip"},{"floor":48,"key":"Bottled Tornado"}],"event_choices":[{"event_name":"Scrap Ooze","player_choice":"success","floor":2,"damage_taken":12},{"event_name":"The Cleric","player_choice":"Card Removal","floor":3,"damage_taken":0},{"event_name":"Shining Light","player_choice":"Entered Light","floor":5,"damage_taken":0},{"event_name":"N\u0027loth","player_choice":"Traded a Centennial Puzzle","floor":21,"damage_taken":0},{"event_name":"Bonfire Elementals","player_choice":"UNCOMMON","floor":28,"damage_taken":0},{"event_name":"Drug Dealer","player_choice":"Got JAXXED","floor":30,"damage_taken":0},{"event_name":"Tomb of Lord Red Mask","player_choice":"Ignored","floor":37,"damage_taken":0},{"event_name":"MindBloom","player_choice":"Gold","floor":38,"damage_taken":0},{"event_name":"Winding Halls","player_choice":"Writhe","floor":47,"damage_taken":0}],"is_beta":true,"boss_relics":[{"not_picked":["Fusion Hammer","Lizard Tail"],"picked":"Empty Cage"},{"not_picked":["Cursed Key","Velvet Choker"],"picked":"Sozu"}],"items_purged_floors":[20,39,44],"is_endless":false,"potions_floor_spawned":[4,11,12,14,18,22,24,42,45],"killed_by":"Awakened One","ascension_level":5}