{"gold_per_floor":[110,185,237,202,222,222,252,252,277,277,277,292,292,320,320,320],"floor_reached":16,"playtime":362,"items_purged":[],"score":262,"play_id":"3c10d1a0-ec14-4f8c-8e9a-48a8afbd77ca","local_time":"20190131231643","is_ascension_mode":true,"campfire_choices":[{"data":"Neutralize","floor":6.0,"key":"SMITH"},{"data":"Leg Sweep","floor":8.0,"key":"SMITH"},{"data":"Backflip","floor":10.0,"key":"SMITH"},{"floor":15.0,"key":"REST"}],"neow_cost":"NONE","seed_source_timestamp":0,"circlet_count":0,"master_deck":["AscendersBane","Defend_G","Defend_G","Defend_G","Defend_G","Defend_G","Strike_G+1","Strike_G","Strike_G","Strike_G+1","Strike_G","Survivor","Neutralize+1","Backflip+1","Leg Sweep+1","Backflip+1","Regret","Dagger Spray","Neutralize","Glass Knife","Deadly Poison+1"],"special_seed":0,"relics":["Ring of the Snake","NeowsBlessing","Bag of Preparation","Toxic Egg 2","Boot","Blood Vial","Whetstone"],"potions_floor_usage":[16,16],"damage_taken":[{"damage":0.0,"enemies":"Cultist","floor":1.0,"turns":1.0},{"damage":0.0,"enemies":"Jaw Worm","floor":5.0,"turns":1.0},{"damage":0.0,"enemies":"3 Sentries","floor":7.0,"turns":1.0},{"damage":4.0,"enemies":"Small Slimes","floor":12.0,"turns":4.0},{"damage":32.0,"enemies":"Lagavulin","floor":14.0,"turns":9.0},{"damage":53,"enemies":"Slime Boss","floor":16,"turns":13}],"seed_played":"9160400358103986227","potions_obtained":[{"floor":7.0,"key":"GhostInAJar"},{"floor":12.0,"key":"GamblersBrew"}],"is_trial":false,"path_per_floor":["M","?","T","?","M","R","E","R","T","R","?","M","?","E","R","B"],"character_chosen":"THE_SILENT","items_purchased":[],"campfire_rested":1,"item_purchase_floors":[],"current_hp_per_floor":[59,48,48,64,64,64,64,64,64,64,64,62,62,32,51,0],"gold":320,"neow_bonus":"THREE_ENEMY_KILL","is_prod":false,"is_daily":false,"chose_seed":false,"campfire_upgraded":3,"win_rate":0,"timestamp":1548973003,"path_taken":["M","?","?","?","M","R","E","R","T","R","?","?","?","E","R","BOSS"],"build_version":"2019-01-23","purchased_purges":0,"victory":false,"max_hp_per_floor":[66,66,66,66,66,66,66,66,66,66,66,66,66,66,66,66],"card_choices":[{"not_picked":["Deadly Poison","Caltrops"],"picked":"Backflip","floor":1.0},{"not_picked":["Cloak And Dagger","Deadly Poison"],"picked":"Leg Sweep","floor":5.0},{"not_picked":["Quick Slash","Acrobatics"],"picked":"Backflip","floor":7.0},{"not_picked":["Underhanded Strike","Catalyst+1"],"picked":"Dagger Spray","floor":12.0},{"not_picked":["All Out Attack","Prepared+1"],"picked":"Deadly Poison+1","floor":14.0}],"player_experience":1109854,"relics_obtained":[{"floor":3.0,"key":"Bag of Preparation"},{"floor":7.0,"key":"Toxic Egg 2"},{"floor":9.0,"key":"Boot"},{"floor":14.0,"key":"Whetstone"}],"event_choices":[{"damage_healed":0.0,"max_hp_gain":0.0,"max_hp_loss":0.0,"gold_gain":75.0,"event_name":"World of Goop","player_choice":"Gather Gold","floor":2.0,"gold_loss":0.0,"damage_taken":11.0},{"damage_healed":16.0,"max_hp_gain":0.0,"max_hp_loss":0.0,"gold_gain":0.0,"event_name":"The Cleric","player_choice":"Healed","floor":4.0,"gold_loss":35.0,"damage_taken":0.0},{"damage_healed":0.0,"max_hp_gain":0.0,"max_hp_loss":0.0,"gold_gain":0.0,"event_name":"Big Fish","player_choice":"Box","floor":11.0,"gold_loss":0.0,"damage_taken":0.0,"relics_obtained":["Blood Vial"],"cards_obtained":["Regret"]},{"damage_healed":0.0,"max_hp_gain":0.0,"max_hp_loss":0.0,"gold_gain":0.0,"event_name":"Match and Keep!","player_choice":"2 cards matched","floor":13.0,"gold_loss":0.0,"damage_taken":0.0,"cards_obtained":["Neutralize","Glass Knife"]}],"is_beta":true,"boss_relics":[],"items_purged_floors":[],"is_endless":false,"potions_floor_spawned":[7,12],"killed_by":"Slime Boss","ascension_level":20}