{"gold_per_floor":[115,131,131,131,131,131,157,157,157,157,157,168,183,201,201,302,302,320,22,22,22,39,39,59,90,113,113,123,143,242,259,259,359,359,376,451,466,478,205,205,240,254,254,268,268,281,297,310,310,310],"floor_reached":51,"playtime":4834,"items_purged":["Strike_B","Strike_B"],"score":972,"play_id":"a2f315bd-c5f4-4471-808f-4b319a259bc8","local_time":"20190501030917","is_ascension_mode":true,"campfire_choices":[{"data":"1","floor":6,"key":"LIFT"},{"data":"2","floor":8,"key":"LIFT"},{"data":"3","floor":11,"key":"LIFT"},{"data":"Electrodynamics","floor":15,"key":"SMITH"},{"floor":23,"key":"DIG"},{"floor":27,"key":"DIG"},{"floor":32,"key":"DIG"},{"floor":40,"key":"DIG"},{"floor":45,"key":"REST"},{"floor":49,"key":"REST"}],"neow_cost":"NONE","seed_source_timestamp":237167886728128,"circlet_count":0,"master_deck":["Strike_B+1","Defend_B","Defend_B","Defend_B","Defend_B","Zap","Dualcast","BootSequence","Compile Driver+1","Electrodynamics+1","FTL","Barrage","Leap","Conserve Battery","Echo Form","Glacier","Loop","Steam+1","Cold Snap","Glacier","Hologram","Core Surge","FTL+1","Rainbow","Compile Driver+1","All For One","Chill","Glacier","Conserve Battery+1","Coolheaded+1","Gash+1","Buffer"],"relics":["Eternal Feather","Girya","Question Card","Cables","Inserter","Bag of Preparation","Shovel","DataDisk","Pear","Vajra","Boot","Pantograph","Lizard Tail","Ancient Tea Set","Centennial Puzzle","Bottled Tornado"],"potions_floor_usage":[7,14,16,25,48,48,50],"damage_taken":[{"damage":9,"enemies":"2 Louse","floor":1,"turns":2},{"damage":10,"enemies":"Small Slimes","floor":2,"turns":4},{"damage":10,"enemies":"3 Sentries","floor":7,"turns":4},{"damage":2,"enemies":"Jaw Worm","floor":12,"turns":2},{"damage":0,"enemies":"Blue Slaver","floor":13,"turns":2},{"damage":9,"enemies":"Lots of Slimes","floor":14,"turns":3},{"damage":20,"enemies":"The Guardian","floor":16,"turns":11},{"damage":4,"enemies":"Spheric Guardian","floor":18,"turns":3},{"damage":1,"enemies":"3 Byrds","floor":22,"turns":4},{"damage":5,"enemies":"Sentry and Sphere","floor":24,"turns":7},{"damage":1,"enemies":"Book of Stabbing","floor":25,"turns":6},{"damage":0,"enemies":"Centurion and Healer","floor":28,"turns":8},{"damage":2,"enemies":"Cultist and Chosen","floor":29,"turns":4},{"damage":0,"enemies":"Snake Plant","floor":31,"turns":6},{"damage":17,"enemies":"Automaton","floor":33,"turns":11},{"damage":3,"enemies":"Orb Walker","floor":35,"turns":4},{"damage":0,"enemies":"3 Shapes","floor":37,"turns":3},{"damage":14,"enemies":"Spire Growth","floor":38,"turns":5},{"damage":54,"enemies":"Giant Head","floor":41,"turns":9},{"damage":18,"enemies":"Maw","floor":42,"turns":8},{"damage":0,"enemies":"4 Shapes","floor":44,"turns":5},{"damage":13,"enemies":"Writhing Mass","floor":46,"turns":6},{"damage":11,"enemies":"Jaw Worm Horde","floor":47,"turns":5},{"damage":13,"enemies":"Transient","floor":48,"turns":5},{"damage":56,"enemies":"Time Eater","floor":50,"turns":18}],"seed_played":"902645194323724802","potions_obtained":[{"floor":1,"key":"Energy Potion"},{"floor":13,"key":"Poison Potion"},{"floor":14,"key":"SkillPotion"},{"floor":22,"key":"GamblersBrew"},{"floor":24,"key":"Ancient Potion"},{"floor":29,"key":"Strength Potion"},{"floor":31,"key":"Strength Potion"},{"floor":47,"key":"Regen Potion"},{"floor":48,"key":"Energy Potion"}],"is_trial":false,"path_per_floor":["M","M","?","?","?","R","E","R","T","?","R","M","M","M","R","B",null,"M","$","?","?","M","R","M","E","T","R","M","M","?","M","R","B",null,"M","?","M","M","$","R","E","M","T","M","R","M","M","M","R","B",null],"character_chosen":"DEFECT","items_purchased":["Loop","Bag of Preparation","All For One","Chill"],"campfire_rested":2,"item_purchase_floors":[19,19,39,39],"current_hp_per_floor":[59,49,31,36,36,42,32,38,38,22,28,26,26,17,26,6,62,58,58,58,58,57,66,61,70,70,82,82,80,80,80,90,73,86,83,74,74,60,60,75,21,3,3,3,45,32,21,23,68,34],"gold":310,"neow_bonus":"BOSS_RELIC","is_prod":false,"is_daily":false,"chose_seed":false,"campfire_upgraded":1,"win_rate":0,"timestamp":1556716157,"path_taken":["M","M","?","?","?","R","E","R","T","?","R","M","M","M","R","BOSS","M","$","?","?","M","R","M","E","T","R","M","M","?","?","R","BOSS","M","?","M","M","$","R","E","M","T","M","R","M","?","M","R","BOSS"],"build_version":"2019-01-23","purchased_purges":2,"victory":true,"max_hp_per_floor":[75,75,75,80,80,80,80,80,80,80,80,80,80,80,80,80,80,80,80,80,80,80,80,80,90,90,90,90,90,90,90,90,90,90,90,90,90,90,90,90,90,90,90,90,90,90,90,90,90,90],"card_choices":[{"not_picked":["Gash","Barrage"],"picked":"BootSequence","floor":1},{"not_picked":["Rebound","Genetic Algorithm"],"picked":"Compile Driver","floor":2},{"not_picked":["Cold Snap","Steam Power"],"picked":"FTL","floor":7},{"not_picked":["Beam Cell","Recycle","Stack"],"picked":"Barrage","floor":12},{"not_picked":["Rebound","Heatsinks","Ball Lightning"],"picked":"Leap","floor":13},{"not_picked":["White Noise","Coolheaded","Steam Power"],"picked":"Conserve Battery","floor":14},{"not_picked":["Biased Cognition","Machine Learning","Buffer"],"picked":"Echo Form","floor":16},{"not_picked":["Rebound","Turbo","FTL"],"picked":"Glacier","floor":18},{"not_picked":["Rebound","Coolheaded","Darkness"],"picked":"Steam+1","floor":22},{"not_picked":["Beam Cell","Genetic Algorithm","Redo+1"],"picked":"Cold Snap","floor":24},{"not_picked":["Sweeping Beam","Barrage+1","Leap"],"picked":"Glacier","floor":25},{"not_picked":["Glacier","Rebound+1","Conserve Battery"],"picked":"Hologram","floor":28},{"not_picked":["Ball Lightning","Fusion+1","Leap+1"],"picked":"Core Surge","floor":29},{"not_picked":["Aggregate","Stack","Gash"],"picked":"FTL+1","floor":31},{"not_picked":["Thunder Strike","Multi-Cast","Fission"],"picked":"Rainbow","floor":33},{"not_picked":["Chaos","Streamline","Doom and Gloom","Gash+1"],"picked":"SKIP","floor":35},{"not_picked":["Streamline+1","Blizzard","BootSequence+1"],"picked":"Compile Driver+1","floor":37},{"not_picked":["Go for the Eyes","Genetic Algorithm+1","Conserve Battery","Gash"],"picked":"SKIP","floor":38},{"not_picked":["Reprogram+1","Redo","Amplify"],"picked":"Glacier","floor":41},{"not_picked":["Beam Cell+1","Stack","Steam Power","Compile Driver"],"picked":"SKIP","floor":42},{"not_picked":["Steam Power","Skim","Go for the Eyes"],"picked":"Conserve Battery+1","floor":44},{"not_picked":["Hello World+1","Stack","Doom and Gloom+1"],"picked":"Coolheaded+1","floor":46},{"not_picked":["Static Discharge","Go for the Eyes","Beam Cell+1"],"picked":"Gash+1","floor":47},{"not_picked":["Double Energy","Coolheaded","Gash+1"],"picked":"Buffer","floor":48}],"player_experience":346172,"relics_obtained":[{"floor":7,"key":"Question Card"},{"floor":9,"key":"Cables"},{"floor":23,"key":"DataDisk"},{"floor":25,"key":"Pear"},{"floor":26,"key":"Vajra"},{"floor":27,"key":"Boot"},{"floor":32,"key":"Pantograph"},{"floor":40,"key":"Ancient Tea Set"},{"floor":41,"key":"Centennial Puzzle"},{"floor":43,"key":"Bottled Tornado"}],"event_choices":[{"damage_healed":0,"gold_gain":0,"player_choice":"Success","damage_taken":18,"relics_obtained":["Girya"],"max_hp_gain":0,"max_hp_loss":0,"event_name":"Scrap Ooze","floor":3,"gold_loss":0},{"damage_healed":0,"gold_gain":0,"player_choice":"Donut","damage_taken":0,"max_hp_gain":5,"max_hp_loss":0,"event_name":"Big Fish","floor":4,"gold_loss":0},{"damage_healed":0,"gold_gain":0,"cards_transformed":["Strike_B"],"player_choice":"Change","damage_taken":0,"max_hp_gain":0,"max_hp_loss":0,"event_name":"Living Wall","floor":5,"gold_loss":0,"cards_obtained":["Electrodynamics"]},{"damage_healed":0,"gold_gain":0,"player_choice":"Entered Light","damage_taken":16,"max_hp_gain":0,"max_hp_loss":0,"event_name":"Shining Light","floor":10,"gold_loss":0,"cards_upgraded":["Compile Driver","Strike_B"]},{"damage_healed":0,"gold_gain":0,"player_choice":"Ignored","damage_taken":0,"max_hp_gain":0,"max_hp_loss":0,"event_name":"Ghosts","floor":20,"gold_loss":0},{"damage_healed":0,"gold_gain":0,"player_choice":"Opened","damage_taken":0,"relics_obtained":["Shovel"],"max_hp_gain":0,"max_hp_loss":0,"event_name":"The Mausoleum","floor":21,"gold_loss":0},{"damage_healed":0,"gold_gain":99,"player_choice":"Stole From Cult","damage_taken":0,"max_hp_gain":0,"max_hp_loss":0,"event_name":"Nest","floor":30,"gold_loss":0},{"damage_healed":0,"gold_gain":75,"player_choice":"Touch","damage_taken":9,"max_hp_gain":0,"max_hp_loss":0,"event_name":"FaceTrader","floor":36,"gold_loss":0}],"is_beta":false,"boss_relics":[{"not_picked":["Empty Cage","Astrolabe"],"picked":"Inserter"},{"not_picked":["Velvet Choker","Runic Pyramid"],"picked":"Lizard Tail"}],"items_purged_floors":[19,39],"is_endless":false,"potions_floor_spawned":[1,13,14,22,24,29,31,41,42,44,47,48],"ascension_level":9}