{"gold_per_floor":[110,110,260,129,145,145,160,176,200,200,200,200,210,210,210,303,303,317,317,317,134,108,108,108],"floor_reached":24,"playtime":665,"items_purged":["Regret","Doubt"],"score":368,"play_id":"206b1db2-31f3-46bf-8189-e4aef69a3839","local_time":"20190101180817","is_ascension_mode":true,"campfire_choices":[{"data":"Dualcast","floor":6,"key":"SMITH"},{"data":"Go for the Eyes","floor":10,"key":"SMITH"},{"data":"Coolheaded","floor":12,"key":"SMITH"},{"data":"Hologram","floor":15,"key":"SMITH"},{"floor":23,"key":"REST"}],"neow_cost":"NONE","seed_source_timestamp":71351621719700,"circlet_count":0,"master_deck":["AscendersBane","Strike_B","Strike_B","Strike_B","Strike_B","Defend_B","Defend_B","Defend_B","Defend_B","Zap+1","Dualcast+1","Conserve Battery","Coolheaded+1","Conserve Battery","Hologram+1","Go for the Eyes+1","Creative AI","White Noise","Self Repair"],"relics":["Cracked Core","NeowsBlessing","DataDisk","Oddly Smooth Stone","Golden Idol","Lizard Tail"],"potions_floor_usage":[16],"damage_taken":[{"damage":0,"enemies":"2 Louse","floor":1,"turns":1},{"damage":0,"enemies":"Small Slimes","floor":5,"turns":1},{"damage":0,"enemies":"Jaw Worm","floor":7,"turns":1},{"damage":3,"enemies":"Exordium Thugs","floor":8,"turns":5},{"damage":21,"enemies":"Lots of Slimes","floor":13,"turns":5},{"damage":3,"enemies":"The Guardian","floor":16,"turns":13},{"damage":25,"enemies":"3 Byrds","floor":18,"turns":6},{"damage":21,"enemies":"2 Thieves","floor":22,"turns":4},{"damage":106,"enemies":"Gremlin Leader","floor":24,"turns":4}],"seed_played":"-5182032617095470777","potions_obtained":[{"floor":7,"key":"SteroidPotion"},{"floor":8,"key":"LiquidBronze"}],"is_trial":false,"path_per_floor":["M","?","?","$","M","R","M","M","T","R","?","R","M","?","R","B",null,"M","?","?","$","M","R","E"],"character_chosen":"DEFECT","items_purchased":["Coolheaded","Self Repair"],"campfire_rested":1,"item_purchase_floors":[4,21],"current_hp_per_floor":[64,64,64,64,64,64,64,61,61,61,61,61,40,40,40,37,57,32,32,45,45,31,50,0],"gold":108,"neow_bonus":"THREE_ENEMY_KILL","is_prod":false,"is_daily":false,"chose_seed":false,"campfire_upgraded":4,"win_rate":0,"timestamp":1546362497,"path_taken":["M","?","?","$","M","R","M","M","T","R","?","R","M","?","R","BOSS","M","?","?","?","?","R","E"],"build_version":"2018-12-25","purchased_purges":2,"victory":false,"max_hp_per_floor":[71,71,71,71,71,71,71,71,71,71,71,71,71,64,64,64,64,64,64,64,64,64,64,64],"card_choices":[{"not_picked":["Turbo","Chill"],"picked":"Conserve Battery","floor":1},{"not_picked":["Sunder","Streamline"],"picked":"Conserve Battery","floor":5},{"not_picked":["Conserve Battery","Skim"],"picked":"Hologram","floor":7},{"not_picked":["Steam","Barrage"],"picked":"Go for the Eyes","floor":8},{"not_picked":["Barrage","Beam Cell","Stack"],"picked":"SKIP","floor":13},{"not_picked":["Fission","Multi-Cast"],"picked":"Creative AI","floor":16},{"not_picked":["Beam Cell+1","Rebound"],"picked":"White Noise","floor":18},{"not_picked":["Beam Cell+1","Barrage","Skim"],"picked":"SKIP","floor":22}],"player_experience":999837,"relics_obtained":[{"floor":9,"key":"Oddly Smooth Stone"}],"event_choices":[{"damage_healed":0,"gold_gain":0,"player_choice":"Box","damage_taken":0,"relics_obtained":["DataDisk"],"max_hp_gain":0,"max_hp_loss":0,"event_name":"Big Fish","floor":2,"gold_loss":0,"cards_obtained":["Regret"]},{"damage_healed":0,"gold_gain":150,"player_choice":"AGREE","damage_taken":0,"max_hp_gain":0,"max_hp_loss":0,"event_name":"Liars Game","floor":3,"gold_loss":0,"cards_obtained":["Doubt"]},{"damage_healed":0,"gold_gain":0,"player_choice":"Grow","damage_taken":0,"max_hp_gain":0,"max_hp_loss":0,"event_name":"Living Wall","floor":11,"gold_loss":0,"cards_upgraded":["Zap"]},{"damage_healed":0,"gold_gain":0,"player_choice":"Lose Max HP","damage_taken":0,"relics_obtained":["Golden Idol"],"max_hp_gain":0,"max_hp_loss":7,"event_name":"Golden Idol","floor":14,"gold_loss":0},{"damage_healed":0,"gold_gain":0,"player_choice":"Ignored","damage_taken":0,"max_hp_gain":0,"max_hp_loss":0,"event_name":"Cursed Tome","floor":19,"gold_loss":0},{"damage_healed":13,"gold_gain":0,"player_choice":"Heal","damage_taken":0,"max_hp_gain":0,"max_hp_loss":0,"event_name":"The Library","floor":20,"gold_loss":0}],"is_beta":true,"boss_relics":[{"not_picked":["Black Star","Orrery"],"picked":"Lizard Tail"}],"items_purged_floors":[4,21],"is_endless":false,"potions_floor_spawned":[7,8],"killed_by":"Gremlin Leader","ascension_level":20}