{"gold_per_floor":[119,136,149,166,38,66,86,115,164,164,179,194,194,213,213,309,309,330,344,167,183,203,203,203,218,242,266,266,266,266,286,286,380,380,393,412,435,458,458,489,489,489,489,489,507,155,175,194,194,194],"floor_reached":51,"playtime":4735,"items_purged":["Strike_R","Strike_R","Armaments"],"score":1343,"play_id":"59ceea72-d587-40c3-85f3-c4f3b1b562b0","local_time":"20190424143338","is_ascension_mode":true,"campfire_choices":[{"data":"Bash","floor":10,"key":"SMITH"},{"data":"Havoc","floor":15,"key":"SMITH"},{"data":"Corruption","floor":23,"key":"SMITH"},{"floor":32,"key":"REST"},{"floor":41,"key":"REST"},{"floor":44,"key":"REST"},{"floor":49,"key":"REST"}],"neow_cost":"NONE","seed_source_timestamp":1998546892728784,"circlet_count":0,"master_deck":["AscendersBane","Strike_R+1","Defend_R+1","Defend_R+1","Defend_R+1","Defend_R+1","Bash+1","Dropkick","Warcry","Warcry","Pommel Strike","Shrug It Off","Thunderclap","Headbutt","Feel No Pain","Havoc+1","Pummel","Demon Form","Reckless Charge","Flame Barrier","Corruption+1","Double Tap","Burning Pact","Sentinel","Warcry","Barricade","Entrench+1","Blood for Blood+1","Heavy Blade","Dark Shackles","The Bomb","PanicButton","Infernal Blade","Havoc","Feel No Pain","Sentinel"],"relics":["Burning Blood","Dodecahedron","Dead Branch","Lantern","Golden Idol","Lizard Tail","Anchor","Snecko Eye","Self Forming Clay","Strawberry","Centennial Puzzle"],"potions_floor_usage":[6,6,16,31,33,33,50],"damage_taken":[{"damage":5,"enemies":"Small Slimes","floor":1,"turns":4},{"damage":7,"enemies":"2 Louse","floor":2,"turns":4},{"damage":1,"enemies":"Cultist","floor":3,"turns":4},{"damage":14,"enemies":"2 Fungi Beasts","floor":4,"turns":5},{"damage":25,"enemies":"3 Sentries","floor":6,"turns":9},{"damage":3,"enemies":"Blue Slaver","floor":7,"turns":4},{"damage":41,"enemies":"Lagavulin","floor":8,"turns":12},{"damage":0,"enemies":"Large Slime","floor":11,"turns":3},{"damage":0,"enemies":"3 Louse","floor":12,"turns":4},{"damage":9,"enemies":"Exordium Wildlife","floor":14,"turns":3},{"damage":22,"enemies":"Hexaghost","floor":16,"turns":8},{"damage":7,"enemies":"Chosen","floor":18,"turns":4},{"damage":11,"enemies":"Spheric Guardian","floor":19,"turns":4},{"damage":30,"enemies":"3 Cultists","floor":21,"turns":6},{"damage":37,"enemies":"Sentry and Sphere","floor":22,"turns":7},{"damage":18,"enemies":"Snecko","floor":25,"turns":5},{"damage":6,"enemies":"Shelled Parasite and Fungi","floor":27,"turns":4},{"damage":4,"enemies":"Snake Plant","floor":31,"turns":4},{"damage":0,"enemies":"Collector","floor":33,"turns":7},{"damage":0,"enemies":"3 Shapes","floor":35,"turns":5},{"damage":0,"enemies":"Orb Walker","floor":36,"turns":3},{"damage":8,"enemies":"Maw","floor":37,"turns":6},{"damage":0,"enemies":"Spire Growth","floor":38,"turns":4},{"damage":29,"enemies":"Nemesis","floor":40,"turns":7},{"damage":0,"enemies":"4 Shapes","floor":45,"turns":4},{"damage":15,"enemies":"Sphere and 2 Shapes","floor":47,"turns":4},{"damage":0,"enemies":"3 Darklings","floor":48,"turns":1},{"damage":0,"enemies":"Awakened One","floor":50,"turns":4}],"seed_played":"-8705714440085679249","potions_obtained":[{"floor":2,"key":"Fire Potion"},{"floor":3,"key":"Weak Potion"},{"floor":8,"key":"Dexterity Potion"},{"floor":12,"key":"Poison Potion"},{"floor":14,"key":"EssenceOfSteel"},{"floor":25,"key":"Swift Potion"},{"floor":31,"key":"EssenceOfSteel"},{"floor":33,"key":"BloodPotion"},{"floor":37,"key":"Dexterity Potion"}],"is_trial":false,"path_per_floor":["M","M","M","M","$","E","M","E","T","R","M","M","?","M","R","B",null,"M","M","$","M","M","R","?","M","T","M","?","?","?","M","R","B",null,"M","M","M","M","?","E","R","?","T","R","M","$","M","M","R","B",null],"character_chosen":"IRONCLAD","items_purchased":["Pommel Strike","EssenceOfSteel","Centennial Puzzle","Feel No Pain"],"campfire_rested":4,"item_purchase_floors":[5,20,46,46],"current_hp_per_floor":[81,80,85,77,77,58,61,26,26,26,32,38,38,35,35,19,66,65,60,60,36,46,46,46,34,34,34,34,34,34,36,60,66,77,81,81,79,81,71,48,72,72,79,88,88,88,79,85,88,88],"gold":194,"neow_bonus":"TEN_PERCENT_HP_BONUS","is_prod":false,"is_daily":false,"chose_seed":false,"campfire_upgraded":3,"win_rate":0,"timestamp":1556094818,"path_taken":["M","M","M","M","$","E","M","E","T","R","M","M","?","M","R","BOSS","M","M","$","M","M","R","?","M","T","M","?","?","?","M","R","BOSS","M","M","M","M","?","E","R","?","T","R","M","$","M","M","R","BOSS"],"build_version":"2019-01-23","purchased_purges":3,"victory":true,"max_hp_per_floor":[88,88,88,88,88,88,88,88,88,88,88,88,81,81,81,81,81,81,81,81,81,81,81,81,81,81,81,81,81,81,81,81,81,81,81,81,81,81,81,81,81,81,88,88,88,88,88,88,88,88],"card_choices":[{"not_picked":["Shrug It Off","Reckless Charge"],"picked":"Dropkick","floor":1},{"not_picked":["Perfected Strike","Sever Soul"],"picked":"Armaments","floor":2},{"not_picked":["Cleave","Wild Strike"],"picked":"Warcry","floor":3},{"not_picked":["Uppercut","Heavy Blade"],"picked":"Warcry","floor":4},{"not_picked":["Seeing Red","Juggernaut"],"picked":"Shrug It Off","floor":6},{"not_picked":["Armaments","Sword Boomerang"],"picked":"Thunderclap","floor":7},{"not_picked":["Headbutt","Flex","Twin Strike"],"picked":"SKIP","floor":8},{"not_picked":["Flex","Twin Strike"],"picked":"Headbutt","floor":8},{"not_picked":["Sword Boomerang","Disarm"],"picked":"Feel No Pain","floor":11},{"not_picked":["Sever Soul","Clothesline"],"picked":"Havoc","floor":12},{"not_picked":["Evolve","Flex"],"picked":"Pummel","floor":14},{"not_picked":["Impervious","Barricade"],"picked":"Demon Form","floor":16},{"not_picked":["Flex","Armaments"],"picked":"Reckless Charge","floor":18},{"not_picked":["Sword Boomerang","Armaments+1","Headbutt"],"picked":"SKIP","floor":19},{"not_picked":["Iron Wave","Clash"],"picked":"Flame Barrier","floor":21},{"not_picked":["Uppercut","Seeing Red+1"],"picked":"Corruption","floor":22},{"not_picked":["Wild Strike","Brutality","Pommel Strike"],"picked":"SKIP","floor":25},{"not_picked":["Wild Strike","Brutality","Pommel Strike"],"picked":"SKIP","floor":25},{"not_picked":["Cleave","Sword Boomerang"],"picked":"Sentinel","floor":27},{"not_picked":["Clothesline","Flex"],"picked":"Warcry","floor":31},{"not_picked":["Demon Form","Feed"],"picked":"Barricade","floor":33},{"not_picked":["Perfected Strike","Rupture"],"picked":"Entrench+1","floor":35},{"not_picked":["Shrug It Off","Warcry+1"],"picked":"Blood for Blood+1","floor":36},{"not_picked":["Headbutt","Iron Wave"],"picked":"Heavy Blade","floor":37},{"not_picked":["Heavy Blade","Sword Boomerang","Armaments"],"picked":"SKIP","floor":38},{"not_picked":["Finesse","Panacea"],"picked":"Dark Shackles","floor":39},{"not_picked":["Violence","Secret Technique"],"picked":"The Bomb","floor":39},{"not_picked":["Entrench+1","Intimidate","Pommel Strike"],"picked":"SKIP","floor":40},{"not_picked":["Clash","Blood for Blood+1"],"picked":"Havoc","floor":45},{"not_picked":["Carnage","True Grit"],"picked":"Sentinel","floor":47},{"not_picked":["Flex","Sword Boomerang","Wild Strike"],"picked":"SKIP","floor":48}],"player_experience":1195401,"relics_obtained":[{"floor":6,"key":"Dodecahedron"},{"floor":8,"key":"Dead Branch"},{"floor":9,"key":"Lantern"},{"floor":26,"key":"Anchor"},{"floor":40,"key":"Self Forming Clay"},{"floor":43,"key":"Strawberry"}],"event_choices":[{"damage_healed":0,"gold_gain":0,"player_choice":"Lose Max HP","damage_taken":0,"relics_obtained":["Golden Idol"],"max_hp_gain":0,"max_hp_loss":7,"event_name":"Golden Idol","floor":13,"gold_loss":0},{"damage_healed":0,"gold_gain":0,"cards_transformed":["Strike_R","Strike_R"],"player_choice":"Became Test Subject","damage_taken":0,"max_hp_gain":0,"max_hp_loss":0,"event_name":"Drug Dealer","floor":24,"gold_loss":0,"cards_obtained":["Double Tap","Burning Pact"]},{"damage_healed":0,"gold_gain":0,"player_choice":"Simplicity","damage_taken":0,"max_hp_gain":0,"max_hp_loss":0,"event_name":"Back to Basics","floor":28,"gold_loss":0,"cards_upgraded":["Strike_R","Defend_R","Defend_R","Defend_R","Defend_R"]},{"damage_healed":0,"gold_gain":0,"player_choice":"Ignored","damage_taken":0,"max_hp_gain":0,"max_hp_loss":0,"event_name":"Vampires","floor":29,"gold_loss":0},{"damage_healed":0,"gold_gain":0,"player_choice":"Ignored","damage_taken":0,"max_hp_gain":0,"max_hp_loss":0,"event_name":"Cursed Tome","floor":30,"gold_loss":0},{"damage_healed":0,"gold_gain":0,"player_choice":"Memory 3","damage_taken":10,"max_hp_gain":0,"max_hp_loss":0,"event_name":"SensoryStone","floor":39,"gold_loss":0},{"damage_healed":0,"gold_gain":0,"player_choice":"2 cards matched","damage_taken":0,"max_hp_gain":0,"max_hp_loss":0,"event_name":"Match and Keep!","floor":42,"gold_loss":0,"cards_obtained":["PanicButton","Infernal Blade"]}],"is_beta":false,"boss_relics":[{"not_picked":["Orrery","Pandora\u0027s Box"],"picked":"Lizard Tail"},{"not_picked":["Calling Bell","White Beast Statue"],"picked":"Snecko Eye"}],"items_purged_floors":[5,20,46],"is_endless":false,"potions_floor_spawned":[2,3,8,12,14,22,25,31,33,37,40],"ascension_level":13}