{"gold_per_floor":[117,127,140,153,78,113,113,113],"floor_reached":8,"playtime":508,"items_purged":[],"score":116,"play_id":"a87533dc-d318-4133-9541-012f3c839741","local_time":"20190501195132","is_ascension_mode":true,"campfire_choices":[{"floor":7,"key":"REST"}],"neow_cost":"PERCENT_DAMAGE","seed_source_timestamp":20709418643918,"circlet_count":0,"master_deck":["AscendersBane","Defend_G","Defend_G","Defend_G","Defend_G","Defend_G","Strike_G","Strike_G","Strike_G","Strike_G","Survivor","Neutralize","Deadly Poison","Dodge and Roll","Bouncing Flask","Quick Slash","Footwork"],"relics":["Ring of the Snake","Tough Bandages"],"potions_floor_usage":[6,8],"damage_taken":[{"damage":3,"enemies":"Cultist","floor":1,"turns":4},{"damage":3,"enemies":"2 Louse","floor":2,"turns":3},{"damage":4,"enemies":"Jaw Worm","floor":3,"turns":6},{"damage":9,"enemies":"Large Slime","floor":4,"turns":8},{"damage":21,"enemies":"3 Sentries","floor":6,"turns":10},{"damage":41,"enemies":"Gremlin Nob","floor":8,"turns":4}],"seed_played":"8488755152064901701","potions_obtained":[{"floor":2,"key":"Weak Potion"},{"floor":4,"key":"Poison Potion"}],"is_trial":false,"path_per_floor":["M","M","M","M","?","E","R","E"],"character_chosen":"THE_SILENT","items_purchased":[],"campfire_rested":1,"item_purchase_floors":[],"current_hp_per_floor":[53,50,46,37,37,16,39,0],"gold":113,"neow_bonus":"TWENTY_PERCENT_HP_BONUS","is_prod":false,"is_daily":false,"chose_seed":false,"campfire_upgraded":0,"win_rate":0,"timestamp":1556761892,"path_taken":["M","?","M","?","?","E","R","E"],"build_version":"2019-04-23","purchased_purges":0,"victory":false,"max_hp_per_floor":[78,78,78,78,78,78,78,78],"card_choices":[{"not_picked":["Prepared","Dagger Throw"],"picked":"Deadly Poison","floor":1},{"not_picked":["Prepared","Doppelganger"],"picked":"Dodge and Roll","floor":2},{"not_picked":["Dagger Spray","Bane"],"picked":"Bouncing Flask","floor":3},{"not_picked":["Prepared","Expertise"],"picked":"Quick Slash","floor":4},{"not_picked":["Underhanded Strike","Infinite Blades"],"picked":"Footwork","floor":6}],"player_experience":3110605,"relics_obtained":[{"floor":6,"key":"Tough Bandages"}],"event_choices":[{"cards_removed":["Strike_G"],"damage_healed":0,"gold_gain":0,"player_choice":"Card Removal","damage_taken":0,"max_hp_gain":0,"max_hp_loss":0,"event_name":"The Cleric","floor":5,"gold_loss":75}],"is_beta":true,"boss_relics":[],"items_purged_floors":[],"is_endless":false,"potions_floor_spawned":[2,4],"killed_by":"Gremlin Nob","ascension_level":20}