{"gold_per_floor":[16,16,16,26,26,26,41,41,88,101,101,114,39,39,39,111,111,130,30,40,54,54,54,54,67,91,91,110,121,121,135,135,135],"floor_reached":33,"playtime":1575,"items_purged":["Strike_G","Regret"],"score":528,"play_id":"bf940b03-e869-4f63-bb76-9c44b06e9425","local_time":"20190124212559","is_ascension_mode":true,"campfire_choices":[{"data":"Cloak And Dagger","floor":6.0,"key":"SMITH"},{"data":"Neutralize","floor":11.0,"key":"SMITH"},{"data":"Dagger Throw","floor":15.0,"key":"SMITH"},{"floor":23.0,"key":"REST"},{"floor":32,"key":"REST"}],"neow_cost":"NO_GOLD","seed_source_timestamp":0,"circlet_count":0,"master_deck":["AscendersBane","Defend_G","Defend_G","Defend_G","Defend_G","Strike_G","Strike_G","Strike_G","Strike_G","Survivor","Neutralize+1","Cloak And Dagger+1","Well Laid Plans+1","Dagger Throw+1","Adrenaline","Decay","Doubt","Cloak And Dagger+1","Flying Knee+1","Shame","Escape Plan"],"special_seed":0,"relics":["Ring of the Snake","Dead Branch","Mummified Hand","Ice Cream","Bag of Marbles","Calling Bell","Regal Pillow","Molten Egg 2","Unceasing Top","Thread and Needle","Nloth\u0027s Gift"],"potions_floor_usage":[31],"damage_taken":[{"damage":1.0,"enemies":"Small Slimes","floor":1.0,"turns":4.0},{"damage":0.0,"enemies":"Jaw Worm","floor":4.0,"turns":4.0},{"damage":2.0,"enemies":"Cultist","floor":7.0,"turns":3.0},{"damage":0.0,"enemies":"2 Fungi Beasts","floor":10.0,"turns":2.0},{"damage":5.0,"enemies":"Lots of Slimes","floor":12.0,"turns":4.0},{"damage":16.0,"enemies":"Slime Boss","floor":16.0,"turns":8.0},{"damage":9.0,"enemies":"2 Thieves","floor":18.0,"turns":4.0},{"damage":5.0,"enemies":"Chosen","floor":20.0,"turns":3.0},{"damage":18.0,"enemies":"Shelled Parasite and Fungi","floor":21.0,"turns":5.0},{"damage":10.0,"enemies":"Snecko","floor":25.0,"turns":6.0},{"damage":0.0,"enemies":"Cultist and Chosen","floor":28.0,"turns":7.0},{"damage":18.0,"enemies":"Centurion and Healer","floor":29.0,"turns":6.0},{"damage":10,"enemies":"Snake Plant","floor":31,"turns":3},{"damage":30,"enemies":"Collector","floor":33,"turns":9}],"seed_played":"8967928966642175629","potions_obtained":[{"floor":4.0,"key":"Strength Potion"},{"floor":12.0,"key":"FearPotion"},{"floor":16.0,"key":"PowerPotion"},{"floor":18.0,"key":"Fruit Juice"},{"floor":20.0,"key":"SkillPotion"},{"floor":21.0,"key":"Swift Potion"}],"is_trial":false,"path_per_floor":["M","?","?","M","$","R","M","?","T","M","R","M","$","?","R","B",null,"M","$","M","M","?","R","?","M","T","?","M","M","$","M","R","B"],"character_chosen":"THE_SILENT","items_purchased":[],"campfire_rested":2,"item_purchase_floors":[],"current_hp_per_floor":[58,51,51,51,51,51,49,49,49,49,49,44,44,44,44,28,57,53,53,48,30,10,47,47,37,37,37,37,19,19,9,46,16],"gold":135,"neow_bonus":"ONE_RARE_RELIC","is_prod":false,"is_daily":false,"chose_seed":false,"campfire_upgraded":3,"win_rate":0,"timestamp":1548361559,"path_taken":["M","?","?","M","$","R","?","?","T","M","R","?","?","?","R","BOSS","M","$","M","M","?","R","?","M","T","?","M","?","$","M","R","BOSS"],"build_version":"2019-01-23","purchased_purges":2,"victory":false,"max_hp_per_floor":[66,66,66,66,66,66,66,66,66,66,66,66,66,66,66,66,66,71,71,71,71,76,76,76,76,76,76,76,76,76,76,76,76],"card_choices":[{"not_picked":["Outmaneuver","Well Laid Plans"],"picked":"Cloak And Dagger","floor":1.0},{"not_picked":["Slice","Noxious Fumes"],"picked":"Well Laid Plans","floor":4.0},{"not_picked":["Crippling Poison","Catalyst","Underhanded Strike"],"picked":"SKIP","floor":7.0},{"not_picked":["Sucker Punch","Bouncing Flask"],"picked":"Dagger Throw","floor":10.0},{"not_picked":["Dagger Throw","Deflect","Reflex"],"picked":"SKIP","floor":12.0},{"not_picked":["Corpse Explosion","After Image"],"picked":"Adrenaline","floor":16.0},{"not_picked":["Deflect+1","Dagger Spray+1","Bane+1"],"picked":"SKIP","floor":18.0},{"not_picked":["Deflect","Sucker Punch+1"],"picked":"Cloak And Dagger+1","floor":20.0},{"not_picked":["Slice+1","PiercingWail"],"picked":"Flying Knee+1","floor":21.0},{"not_picked":["Deadly Poison","Bane+1","Catalyst"],"picked":"SKIP","floor":25.0},{"not_picked":["Doppelganger","Outmaneuver","Underhanded Strike+1"],"picked":"SKIP","floor":28.0},{"not_picked":["Flying Knee+1","Crippling Poison","Masterful Stab+1"],"picked":"SKIP","floor":29.0},{"not_picked":["Deadly Poison","Bane+1"],"picked":"Escape Plan","floor":31}],"player_experience":1074565,"relics_obtained":[{"floor":3.0,"key":"Mummified Hand"},{"floor":9.0,"key":"Bag of Marbles"},{"floor":17.0,"key":"Regal Pillow"},{"floor":17.0,"key":"Molten Egg 2"},{"floor":17.0,"key":"Unceasing Top"},{"floor":26.0,"key":"Pen Nib"}],"event_choices":[{"cards_removed":["Defend_G"],"damage_healed":0.0,"max_hp_gain":0.0,"max_hp_loss":0.0,"gold_gain":0.0,"event_name":"Golden Wing","player_choice":"Card Removal","floor":2.0,"gold_loss":0.0,"damage_taken":7.0},{"damage_healed":0.0,"max_hp_gain":0.0,"max_hp_loss":0.0,"gold_gain":0.0,"event_name":"Wheel of Change","player_choice":"Relic","floor":3.0,"gold_loss":0.0,"damage_taken":0.0},{"damage_healed":0.0,"max_hp_gain":0.0,"max_hp_loss":0.0,"gold_gain":0.0,"event_name":"WeMeetAgain","player_choice":"Gave Potion","floor":8.0,"gold_loss":0.0,"damage_taken":0.0,"relics_obtained":["Ice Cream"]},{"damage_healed":0.0,"max_hp_gain":0.0,"max_hp_loss":0.0,"gold_gain":0.0,"event_name":"Living Wall","player_choice":"Grow","floor":14.0,"gold_loss":0.0,"damage_taken":0.0,"cards_upgraded":["Well Laid Plans"]},{"damage_healed":0.0,"max_hp_gain":5.0,"max_hp_loss":0.0,"gold_gain":0.0,"event_name":"Forgotten Altar","player_choice":"Shed Blood","floor":22.0,"gold_loss":0.0,"damage_taken":25.0},{"damage_healed":0.0,"max_hp_gain":0.0,"max_hp_loss":0.0,"gold_gain":0.0,"event_name":"Addict","player_choice":"Stole Relic","floor":24.0,"gold_loss":0.0,"damage_taken":0.0,"relics_obtained":["Thread and Needle"],"cards_obtained":["Shame"]},{"damage_healed":0.0,"max_hp_gain":0.0,"max_hp_loss":0.0,"gold_gain":0.0,"event_name":"N\u0027loth","player_choice":"Traded Relic","floor":27.0,"relics_lost":["Pen Nib"],"gold_loss":0.0,"damage_taken":0.0,"relics_obtained":["Nloth\u0027s Gift"]}],"is_beta":true,"boss_relics":[{"not_picked":["Runic Dome","Velvet Choker"],"picked":"Calling Bell"}],"items_purged_floors":[13,19],"is_endless":false,"potions_floor_spawned":[4,12,16,18,20,21],"killed_by":"Collector","ascension_level":20}