{"gold_per_floor":[114,132,207,207,207,238,250,250,322,322,10,24,54,84,84,84],"floor_reached":16,"playtime":326,"items_purged":["Regret"],"score":266,"play_id":"0cba4a3d-cc68-4bb9-90d3-98cf62140e90","local_time":"20190324231515","is_ascension_mode":true,"campfire_choices":[{"data":"Sword Boomerang","floor":8.0,"key":"SMITH"},{"data":"Heavy Blade","floor":10.0,"key":"SMITH"},{"floor":15,"key":"REST"}],"neow_cost":"NONE","seed_source_timestamp":0,"circlet_count":0,"master_deck":["AscendersBane","Strike_R","Strike_R","Strike_R","Strike_R","Strike_R","Defend_R","Defend_R","Defend_R","Defend_R","Bash+1","Heavy Blade+1","Sword Boomerang+1"],"special_seed":0,"relics":["Burning Blood","NeowsBlessing","Juzu Bracelet","Orichalcum","Matryoshka","Membership Card","Bird Faced Urn"],"potions_floor_usage":[11,16,16],"damage_taken":[{"damage":0.0,"enemies":"Small Slimes","floor":1.0,"turns":1.0},{"damage":0.0,"enemies":"Jaw Worm","floor":2.0,"turns":1.0},{"damage":0.0,"enemies":"Gremlin Nob","floor":6.0,"turns":1.0},{"damage":2.0,"enemies":"Cultist","floor":7.0,"turns":3.0},{"damage":11,"enemies":"2 Fungi Beasts","floor":12,"turns":4},{"damage":35,"enemies":"3 Sentries","floor":14,"turns":11},{"damage":74,"enemies":"Slime Boss","floor":16,"turns":9}],"seed_played":"1453318071326015116","potions_obtained":[{"floor":6.0,"key":"SkillPotion"},{"floor":7.0,"key":"Block Potion"},{"floor":14,"key":"Explosive Potion"}],"is_trial":false,"path_per_floor":["M","M","?","?","?","E","M","R","T","R","$","M","?","E","R","B"],"character_chosen":"IRONCLAD","items_purchased":["Membership Card","Fruit Juice"],"campfire_rested":1,"item_purchase_floors":[11,11],"current_hp_per_floor":[74,75,64,64,64,70,74,74,74,74,79,74,74,45,69,0],"gold":84,"neow_bonus":"THREE_ENEMY_KILL","is_prod":false,"is_daily":false,"chose_seed":false,"campfire_upgraded":2,"win_rate":0,"timestamp":1553465715,"path_taken":["M","M","?","?","?","E","M","R","T","R","$","M","?","E","R","BOSS"],"build_version":"2019-03-15","purchased_purges":1,"victory":false,"max_hp_per_floor":[75,75,75,75,75,75,75,75,75,75,80,80,80,80,80,80],"card_choices":[{"not_picked":["Clash","Cleave"],"picked":"Heavy Blade","floor":1.0},{"not_picked":["Evolve","Armaments"],"picked":"Sword Boomerang","floor":2.0},{"not_picked":["Rupture","Anger","Wild Strike"],"picked":"SKIP","floor":6.0},{"not_picked":["Perfected Strike","Reckless Charge","Heavy Blade"],"picked":"SKIP","floor":7.0},{"not_picked":["Perfected Strike","Reckless Charge","Heavy Blade"],"picked":"SKIP","floor":7.0},{"not_picked":["Hemokinesis","Metallicize","Pommel Strike"],"picked":"SKIP","floor":12},{"not_picked":["Hemokinesis","Metallicize","Pommel Strike"],"picked":"SKIP","floor":12},{"not_picked":["Hemokinesis","Metallicize","Pommel Strike"],"picked":"SKIP","floor":12},{"not_picked":["Clothesline","Feel No Pain","Clash"],"picked":"SKIP","floor":14}],"player_experience":1277071,"relics_obtained":[{"floor":6.0,"key":"Orichalcum"},{"floor":9.0,"key":"Matryoshka"},{"floor":14,"key":"Bird Faced Urn"}],"event_choices":[{"damage_healed":0.0,"max_hp_gain":0.0,"max_hp_loss":0.0,"gold_gain":75.0,"event_name":"World of Goop","player_choice":"Gather Gold","floor":3.0,"gold_loss":0.0,"damage_taken":11.0},{"damage_healed":0.0,"max_hp_gain":0.0,"max_hp_loss":0.0,"gold_gain":0.0,"event_name":"Living Wall","player_choice":"Grow","floor":4.0,"gold_loss":0.0,"damage_taken":0.0,"cards_upgraded":["Bash"]},{"damage_healed":0.0,"max_hp_gain":0.0,"max_hp_loss":0.0,"gold_gain":0.0,"event_name":"Big Fish","player_choice":"Box","floor":5.0,"gold_loss":0.0,"damage_taken":0.0,"relics_obtained":["Juzu Bracelet"],"cards_obtained":["Regret"]},{"damage_healed":0,"gold_gain":30,"player_choice":"Searched \u00271\u0027 times","damage_taken":0,"max_hp_gain":0,"max_hp_loss":0,"event_name":"Dead Adventurer","floor":13,"gold_loss":0}],"is_beta":true,"boss_relics":[],"items_purged_floors":[11],"is_endless":false,"potions_floor_spawned":[6,7,14],"killed_by":"Slime Boss","ascension_level":20}