{"gold_per_floor":[113,131,145,33,53,88,108,108,108,108,126,126,141,160,160,264,264,284,284,298,34,124,124],"floor_reached":23,"playtime":859,"items_purged":["Pain","Decay"],"score":195,"play_id":"b3fda277-0297-4dcd-bafa-aa8ec313c763","local_time":"20181101235704","is_ascension_mode":false,"campfire_choices":[{"data":"Noxious Fumes","floor":8.0,"key":"SMITH"},{"data":"Backflip","floor":12.0,"key":"SMITH"},{"data":"Neutralize","floor":15.0,"key":"SMITH"}],"neow_cost":"CURSE","seed_source_timestamp":0,"circlet_count":0,"master_deck":["Defend_G","Defend_G+1","Defend_G","Defend_G+1","Defend_G","Strike_G","Strike_G","Strike_G","Strike_G","Strike_G","Survivor","Neutralize+1","Sucker Punch","Deflect","Noxious Fumes+1","Dagger Spray","Backflip+1","Corpse Explosion","Backflip","HandOfGreed","Bandage Up","Good Instincts"],"special_seed":0,"relics":["Ring of the Snake","Turnip","War Paint","Gambling Chip","Lizard Tail","Thread and Needle"],"potions_floor_usage":[],"damage_taken":[{"damage":6.0,"enemies":"Small Slimes","floor":1.0,"turns":5.0},{"damage":3.0,"enemies":"Cultist","floor":2.0,"turns":5.0},{"damage":6.0,"enemies":"2 Louse","floor":3.0,"turns":4.0},{"damage":0.0,"enemies":"Exordium Thugs","floor":5.0,"turns":6.0},{"damage":26.0,"enemies":"Lagavulin","floor":6.0,"turns":6.0},{"damage":4.0,"enemies":"Red Slaver","floor":7.0,"turns":6.0},{"damage":0.0,"enemies":"Lots of Slimes","floor":11.0,"turns":2.0},{"damage":2.0,"enemies":"2 Fungi Beasts","floor":13.0,"turns":3.0},{"damage":0.0,"enemies":"Exordium Thugs","floor":14.0,"turns":4.0},{"damage":21.0,"enemies":"The Guardian","floor":16.0,"turns":13.0},{"damage":11.0,"enemies":"3 Byrds","floor":18.0,"turns":5.0},{"damage":0.0,"enemies":"Shell Parasite","floor":20.0,"turns":7.0},{"damage":20,"enemies":"Slavers","floor":23,"turns":4}],"seed_played":"-806051278040561652","potions_obtained":[{"floor":1.0,"key":"LiquidBronze"},{"floor":3.0,"key":"Strength Potion"},{"floor":5.0,"key":"PowerPotion"},{"floor":7.0,"key":"SkillPotion"},{"floor":16.0,"key":"SpeedPotion"}],"is_trial":false,"path_per_floor":["M","M","M","$","M","E","M","R","T","?","M","R","M","M","R","B",null,"M","?","M","$","?","E"],"character_chosen":"THE_SILENT","items_purchased":["Noxious Fumes","HandOfGreed"],"campfire_rested":0,"item_purchase_floors":[4,21],"current_hp_per_floor":[64,61,55,55,55,29,25,25,25,25,25,25,23,23,23,2,70,59,59,59,59,31,15],"gold":124,"neow_bonus":"ONE_RARE_RELIC","is_prod":false,"is_daily":false,"chose_seed":false,"campfire_upgraded":3,"win_rate":0,"timestamp":1541141824,"path_taken":["M","M","M","$","M","E","M","R","T","?","?","R","M","M","R","BOSS","M","?","M","?","?","E"],"build_version":"2018-11-01v2","purchased_purges":2,"victory":false,"max_hp_per_floor":[70,70,70,70,70,70,70,70,70,70,70,70,70,70,70,70,70,70,70,70,70,70,70],"card_choices":[{"not_picked":["Poisoned Stab","Slice"],"picked":"Sucker Punch","floor":1.0},{"not_picked":["Quick Slash","Cloak And Dagger"],"picked":"Deflect","floor":2.0},{"not_picked":["Catalyst","Outmaneuver","Deadly Poison"],"picked":"SKIP","floor":3.0},{"not_picked":["Setup","Dodge and Roll","Deflect"],"picked":"SKIP","floor":5.0},{"not_picked":["Bullet Time","Deadly Poison"],"picked":"Dagger Spray","floor":6.0},{"not_picked":["Cloak And Dagger","Prepared","Endless Agony"],"picked":"SKIP","floor":7.0},{"not_picked":["PiercingWail","Finisher"],"picked":"Backflip","floor":11.0},{"not_picked":["Heel Hook","Acrobatics","Blade Dance"],"picked":"SKIP","floor":13.0},{"not_picked":["Bane","Outmaneuver","Poisoned Stab"],"picked":"SKIP","floor":14.0},{"not_picked":["A Thousand Cuts","Storm of Steel"],"picked":"Corpse Explosion","floor":16.0},{"not_picked":["Acrobatics","Predator","Deadly Poison+1"],"picked":"SKIP","floor":18.0},{"not_picked":["Slice","PiercingWail"],"picked":"Backflip","floor":20.0}],"player_experience":404385,"relics_obtained":[{"floor":6.0,"key":"War Paint"},{"floor":9.0,"key":"Gambling Chip"}],"event_choices":[{"damage_healed":0.0,"max_hp_gain":0.0,"max_hp_loss":0.0,"gold_gain":0.0,"event_name":"Wheel of Change","player_choice":"Cursed","floor":10.0,"gold_loss":0.0,"damage_taken":0.0,"cards_obtained":["Decay"]},{"damage_healed":0.0,"max_hp_gain":0.0,"max_hp_loss":0.0,"gold_gain":0.0,"event_name":"WeMeetAgain","player_choice":"Gave Potion","floor":19.0,"gold_loss":0.0,"damage_taken":0.0,"relics_obtained":["Thread and Needle"]},{"damage_healed":0.0,"max_hp_gain":0.0,"max_hp_loss":0.0,"gold_gain":90.0,"event_name":"Knowing Skull","player_choice":"CARD CARD GOLD ","floor":22.0,"potions_obtained":[],"gold_loss":0.0,"damage_taken":28.0,"cards_obtained":["Bandage Up","Good Instincts"]}],"is_beta":true,"boss_relics":[{"not_picked":["Empty Cage","Runic Pyramid"],"picked":"Lizard Tail"}],"items_purged_floors":[4,21],"is_endless":false,"potions_floor_spawned":[1,3,5,7,16],"killed_by":"Slavers","ascension_level":0}