{"gold_per_floor":[360,143,157,157,176,208,222,222,279,279,354,34,34,48,48,144,144,154,34,50,50,50,50,85,85,109,109,34,44,58,58,58,58],"floor_reached":33,"playtime":1324,"items_purged":["Normality"],"score":381,"play_id":"b3aa5adb-0237-4cef-8049-51766db24b37","local_time":"20181012202544","is_ascension_mode":true,"campfire_choices":[{"floor":8,"key":"REST"},{"data":"Backflip","floor":10,"key":"SMITH"},{"floor":13,"key":"REST"},{"data":"Noxious Fumes","floor":15,"key":"SMITH"},{"data":"Accuracy","floor":23,"key":"SMITH"},{"data":"Noxious Fumes","floor":25,"key":"SMITH"},{"floor":32,"key":"REST"}],"neow_cost":"PERCENT_DAMAGE","seed_source_timestamp":90235409181600,"circlet_count":0,"master_deck":["Defend_G","Defend_G","Defend_G","Defend_G","Defend_G","Strike_G+1","Strike_G","Strike_G","Strike_G","Survivor","Neutralize+1","Backflip+1","Dagger Spray","Bandage Up","Infinite Blades","All Out Attack","Die Die Die","Noxious Fumes+1","Flash of Steel","Crippling Poison","Adrenaline","Accuracy+1","Backflip","Doubt","Noxious Fumes+1","Cloak And Dagger"],"relics":["Ring of the Snake","Whetstone","Tiny Chest","Happy Flower","Calling Bell","Vajra","Letter Opener","Dead Branch","Lantern","Bag of Preparation"],"potions_floor_usage":[6,6,24,24],"damage_taken":[{"damage":0,"enemies":"2 Louse","floor":1,"turns":4},{"damage":1,"enemies":"Cultist","floor":3,"turns":5},{"damage":6,"enemies":"Jaw Worm","floor":5,"turns":5},{"damage":47,"enemies":"3 Sentries","floor":6,"turns":10},{"damage":14,"enemies":"Large Slime","floor":7,"turns":7},{"damage":1,"enemies":"Red Slaver","floor":14,"turns":4},{"damage":14,"enemies":"Hexaghost","floor":16,"turns":10},{"damage":11,"enemies":"Shell Parasite","floor":18,"turns":6},{"damage":0,"enemies":"Spheric Guardian","floor":20,"turns":1},{"damage":38,"enemies":"Slavers","floor":24,"turns":4},{"damage":15,"enemies":"Snake Plant","floor":29,"turns":4},{"damage":6,"enemies":"Centurion and Healer","floor":30,"turns":5},{"damage":56,"enemies":"Automaton","floor":33,"turns":6}],"seed_played":"-7174741079254171171","potions_obtained":[{"floor":1,"key":"SkillPotion"},{"floor":5,"key":"Regen Potion"},{"floor":14,"key":"Regen Potion"},{"floor":18,"key":"AttackPotion"},{"floor":30,"key":"FearPotion"}],"is_trial":false,"path_per_floor":["M","$","M","?","M","E","M","R","T","R","?","$","R","M","R","B",null,"M","$","M","?","?","R","E","R","T","?","?","M","M","$","R"],"character_chosen":"THE_SILENT","items_purchased":["Dagger Spray","Bandage Up","Infinite Blades","Noxious Fumes","Happy Flower","Flash of Steel","Backflip"],"campfire_rested":3,"item_purchase_floors":[2,2,2,12,12,12,19],"current_hp_per_floor":[45,45,48,48,46,18,8,29,29,29,29,29,50,53,53,43,63,56,56,56,43,43,43,23,23,23,23,23,12,10,10,32,0],"gold":58,"neow_bonus":"TWO_FIFTY_GOLD","is_prod":false,"is_daily":false,"chose_seed":false,"campfire_upgraded":4,"win_rate":0,"timestamp":1539401144,"path_taken":["M","$","M","?","M","E","M","R","T","R","?","$","R","M","R","BOSS","M","$","M","?","?","R","E","R","T","?","?","M","?","$","R","BOSS"],"build_version":"2018-10-11","purchased_purges":1,"victory":false,"max_hp_per_floor":[70,70,70,70,70,70,70,70,70,70,70,70,70,70,70,70,70,70,70,70,75,75,75,75,75,75,75,75,75,75,75,75,75],"card_choices":[{"not_picked":["Well Laid Plans","Underhanded Strike"],"picked":"Backflip","floor":1},{"not_picked":["Calculated Gamble","Dodge and Roll","Expertise"],"picked":"SKIP","floor":3},{"not_picked":["Endless Agony","Bane","Slice"],"picked":"SKIP","floor":5},{"not_picked":["Infinite Blades","Deflect"],"picked":"All Out Attack","floor":6},{"not_picked":["Blade Dance","Finisher"],"picked":"Die Die Die","floor":7},{"not_picked":["Deflect","Dodge and Roll"],"picked":"Crippling Poison","floor":14},{"not_picked":["Malaise","Doppelganger"],"picked":"Adrenaline","floor":16},{"not_picked":["Dagger Throw+1","Deadly Poison"],"picked":"Accuracy","floor":18},{"not_picked":["Quick Slash+1","PiercingWail","Flying Knee"],"picked":"SKIP","floor":20},{"not_picked":["Underhanded Strike+1","Dagger Spray+1"],"picked":"Noxious Fumes","floor":24},{"not_picked":["Dodge and Roll","Riddle With Holes","Bane"],"picked":"SKIP","floor":29},{"not_picked":["Crippling Poison","Glass Knife"],"picked":"Cloak And Dagger","floor":30}],"player_experience":366534,"relics_obtained":[{"floor":6,"key":"Whetstone"},{"floor":9,"key":"Tiny Chest"},{"floor":17,"key":"Vajra"},{"floor":17,"key":"Letter Opener"},{"floor":17,"key":"Dead Branch"},{"floor":24,"key":"Lantern"},{"floor":26,"key":"Bag of Preparation"}],"event_choices":[{"event_name":"Purifier","player_choice":"One Purge","floor":4,"damage_taken":0},{"event_name":"Golden Wing","player_choice":"Gained Gold","floor":11,"damage_taken":0},{"event_name":"Forgotten Altar","player_choice":"Shed Blood","floor":21,"damage_taken":0},{"event_name":"Drug Dealer","player_choice":"Became Test Subject","floor":22,"damage_taken":0},{"event_name":"Beggar","player_choice":"Gave Gold","floor":28,"damage_taken":0}],"is_beta":true,"boss_relics":[{"not_picked":["Snecko Eye","White Beast Statue"],"picked":"Calling Bell"}],"items_purged_floors":[19],"is_endless":false,"potions_floor_spawned":[1,5,14,18,30],"killed_by":"Automaton","ascension_level":9}