{"gold_per_floor":[110,125,135,135,152,177,177,193,220,220],"floor_reached":10,"playtime":291,"items_purged":[],"score":70,"play_id":"983cf982-0743-4b36-a9d6-e2e33fa9112f","local_time":"20181110142818","is_ascension_mode":false,"campfire_choices":[{"floor":7,"key":"RECALL"}],"neow_cost":"CURSE","seed_source_timestamp":1738054657163896,"circlet_count":0,"master_deck":["Strike_R","Strike_R","Strike_R","Strike_R","Strike_R","Defend_R","Defend_R","Bash+1","Pain","Rage","Heavy Blade","Twin Strike","Havoc","Shrug It Off"],"relics":["Burning Blood","Centennial Puzzle","Potion Belt"],"potions_floor_usage":[6,8,8],"damage_taken":[{"damage":10,"enemies":"2 Louse","floor":1,"turns":3},{"damage":2,"enemies":"Cultist","floor":2,"turns":3},{"damage":13,"enemies":"Jaw Worm","floor":3,"turns":2},{"damage":31,"enemies":"Exordium Wildlife","floor":5,"turns":5},{"damage":34,"enemies":"3 Sentries","floor":6,"turns":7},{"damage":5,"enemies":"3 Louse","floor":8,"turns":5},{"damage":12,"enemies":"Lots of Slimes","floor":10,"turns":3}],"seed_played":"-2401364531222826090","potions_obtained":[{"floor":1,"key":"Explosive Potion"},{"floor":2,"key":"FearPotion"},{"floor":3,"key":"SteroidPotion"},{"floor":6,"key":"Regen Potion"},{"floor":8,"key":"AttackPotion"}],"is_trial":false,"path_per_floor":["M","M","M","?","M","E","R","M","T","M"],"character_chosen":"IRONCLAD","items_purchased":[],"campfire_rested":0,"item_purchase_floors":[],"current_hp_per_floor":[76,80,73,73,48,20,20,35,35,23],"gold":220,"neow_bonus":"TRANSFORM_TWO_CARDS","is_prod":false,"is_daily":false,"chose_seed":false,"campfire_upgraded":0,"win_rate":0,"timestamp":1541856498,"path_taken":["M","M","M","?","M","E","R","M","T","?"],"build_version":"2018-11-08","purchased_purges":0,"victory":false,"max_hp_per_floor":[80,80,80,80,80,80,80,80,80,80],"card_choices":[{"not_picked":["Havoc","Combust"],"picked":"Twin Strike","floor":1},{"not_picked":["Blood for Blood","Infernal Blade","Rage"],"picked":"SKIP","floor":2},{"not_picked":["Flex","Disarm"],"picked":"Havoc","floor":3},{"not_picked":["Heavy Blade","Wild Strike","Evolve"],"picked":"SKIP","floor":5},{"not_picked":["Warcry","Whirlwind","Feel No Pain"],"picked":"SKIP","floor":6},{"not_picked":["Body Slam","Rampage"],"picked":"Shrug It Off","floor":8}],"player_experience":881243,"relics_obtained":[{"floor":6,"key":"Centennial Puzzle"},{"floor":9,"key":"Potion Belt"}],"event_choices":[{"damage_healed":0,"gold_gain":0,"player_choice":"Upgraded","damage_taken":0,"max_hp_gain":0,"max_hp_loss":0,"event_name":"Upgrade Shrine","floor":4,"gold_loss":0,"cards_upgraded":["Bash"]}],"is_beta":true,"boss_relics":[],"items_purged_floors":[],"is_endless":false,"potions_floor_spawned":[1,2,3,6,8],"killed_by":"Lots of Slimes","ascension_level":0}