{"gold_per_floor":[214,139,214,233,233,233,266,266,313,328,328,228,240,257,257,357,357,372,391,100,119,134,134,149,149,149,149,167,167],"floor_reached":29,"playtime":697,"items_purged":["Defend_R","Strike_R"],"score":227,"play_id":"a4d11654-3f40-4593-bcbc-42ce0bc2cd96","local_time":"20190210005122","is_ascension_mode":false,"campfire_choices":[{"data":"Bash","floor":6,"key":"SMITH"},{"floor":11,"key":"REST"},{"floor":15,"key":"REST"},{"floor":23,"key":"REST"},{"data":"Strike_R","floor":25,"key":"PURGE"}],"neow_cost":"NONE","seed_source_timestamp":1858350761114400,"circlet_count":0,"master_deck":["Strike_R+1","Strike_R+1","Strike_R+1","Defend_R","Defend_R","Bash+1","Clash","Exhume"],"relics":["Burning Blood","Whetstone","Red Skull","Black Star","Peace Pipe","Mummified Hand"],"potions_floor_usage":[16,19,22,22,28,29],"damage_taken":[{"damage":6,"enemies":"Cultist","floor":1,"turns":3},{"damage":6,"enemies":"Jaw Worm","floor":4,"turns":3},{"damage":27,"enemies":"Gremlin Nob","floor":7,"turns":4},{"damage":7,"enemies":"2 Louse","floor":10,"turns":2},{"damage":16,"enemies":"Lots of Slimes","floor":13,"turns":6},{"damage":13,"enemies":"Gremlin Gang","floor":14,"turns":4},{"damage":57,"enemies":"Slime Boss","floor":16,"turns":8},{"damage":21,"enemies":"Chosen","floor":18,"turns":5},{"damage":30,"enemies":"Spheric Guardian","floor":19,"turns":4},{"damage":23,"enemies":"Snecko","floor":21,"turns":4},{"damage":5,"enemies":"Shelled Parasite and Fungi","floor":22,"turns":2},{"damage":10,"enemies":"Centurion and Healer","floor":24,"turns":4},{"damage":48,"enemies":"Sentry and Sphere","floor":28,"turns":6},{"damage":14,"enemies":"Snake Plant","floor":29,"turns":2}],"seed_played":"5940996071644272743","potions_obtained":[{"floor":10,"key":"PowerPotion"},{"floor":13,"key":"AttackPotion"},{"floor":16,"key":"GamblersBrew"},{"floor":19,"key":"Fruit Juice"},{"floor":21,"key":"Fire Potion"},{"floor":24,"key":"Explosive Potion"}],"is_trial":false,"path_per_floor":["M","$","?","M","?","R","E","?","T","M","R","$","M","M","R","B",null,"M","M","$","M","M","R","M","R","T","?","M","M"],"character_chosen":"IRONCLAD","items_purchased":["Peace Pipe"],"campfire_rested":3,"item_purchase_floors":[20],"current_hp_per_floor":[80,80,69,69,62,62,41,41,41,40,64,64,54,47,71,20,80,65,46,46,29,30,55,51,51,51,51,9,0],"gold":167,"neow_bonus":"HUNDRED_GOLD","is_prod":false,"is_daily":false,"chose_seed":false,"campfire_upgraded":1,"win_rate":0,"timestamp":1549756282,"path_taken":["M","$","?","M","?","R","E","?","T","?","R","$","M","?","R","BOSS","M","M","$","M","M","R","M","R","T","?","M","?"],"build_version":"2019-02-06","purchased_purges":2,"victory":false,"max_hp_per_floor":[80,80,80,80,80,80,80,80,80,80,80,80,80,80,80,80,80,80,85,85,85,85,85,85,85,85,85,85,85],"card_choices":[{"not_picked":["Thunderclap","Twin Strike","Combust"],"picked":"SKIP","floor":1},{"not_picked":["True Grit","Evolve","Rampage"],"picked":"SKIP","floor":4},{"not_picked":["Battle Trance","Flex","Sword Boomerang"],"picked":"SKIP","floor":7},{"not_picked":["Perfected Strike","Thunderclap","Corruption"],"picked":"SKIP","floor":10},{"not_picked":["Demon Form","Evolve","Uppercut"],"picked":"SKIP","floor":13},{"not_picked":["Iron Wave","Power Through","Corruption"],"picked":"SKIP","floor":14},{"not_picked":["Flex+1","Rupture","Thunderclap"],"picked":"SKIP","floor":18},{"not_picked":["Uppercut","Evolve","Perfected Strike+1"],"picked":"SKIP","floor":19},{"not_picked":["Pummel","Carnage"],"picked":"Clash","floor":21},{"not_picked":["Combust","Intimidate","Whirlwind+1"],"picked":"SKIP","floor":22},{"not_picked":["Sword Boomerang","Reaper","True Grit"],"picked":"SKIP","floor":24},{"not_picked":["Headbutt","Combust+1","Inflame"],"picked":"SKIP","floor":28}],"player_experience":1141982,"relics_obtained":[{"floor":7,"key":"Whetstone"},{"floor":9,"key":"Red Skull"},{"floor":26,"key":"Mummified Hand"}],"event_choices":[{"damage_healed":0,"gold_gain":75,"player_choice":"Gather Gold","damage_taken":11,"max_hp_gain":0,"max_hp_loss":0,"event_name":"World of Goop","floor":3,"gold_loss":0},{"cards_removed":["Defend_R"],"damage_healed":0,"gold_gain":0,"player_choice":"Card Removal","damage_taken":7,"max_hp_gain":0,"max_hp_loss":0,"event_name":"Golden Wing","floor":5,"gold_loss":0},{"damage_healed":0,"gold_gain":0,"player_choice":"Upgraded","damage_taken":0,"max_hp_gain":0,"max_hp_loss":0,"event_name":"Upgrade Shrine","floor":8,"gold_loss":0,"cards_upgraded":["Strike_R"]},{"damage_healed":0,"gold_gain":0,"player_choice":"1 cards matched","damage_taken":0,"max_hp_gain":0,"max_hp_loss":0,"event_name":"Match and Keep!","floor":27,"gold_loss":0,"cards_obtained":["Exhume"]}],"is_beta":true,"boss_relics":[{"not_picked":["Fusion Hammer","Coffee Dripper"],"picked":"Black Star"}],"items_purged_floors":[2,12],"is_endless":false,"potions_floor_spawned":[10,13,16,19,21,24],"killed_by":"Snake Plant","ascension_level":0}