{"gold_per_floor":[111,111,125,142,156,156,431,431],"floor_reached":8,"playtime":269,"items_purged":[],"score":96,"play_id":"1a7e3427-73c0-4864-85a0-a61083d78a2b","local_time":"20190109212507","is_ascension_mode":true,"campfire_choices":[{"floor":6,"key":"REST"}],"neow_cost":"TEN_PERCENT_HP_LOSS","seed_source_timestamp":5278516806300,"circlet_count":0,"master_deck":["AscendersBane","Defend_G","Defend_G","Defend_G","Defend_G","Defend_G","Strike_G","Strike_G","Strike_G","Strike_G","Strike_G+1","Survivor","Neutralize+1","Dagger Spray","Cloak And Dagger","Backflip","Backflip","Sucker Punch","Regret"],"relics":["Ring of the Snake","Prayer Wheel"],"potions_floor_usage":[8],"damage_taken":[{"damage":11,"enemies":"Jaw Worm","floor":1,"turns":6},{"damage":2,"enemies":"Small Slimes","floor":3,"turns":4},{"damage":0,"enemies":"Cultist","floor":4,"turns":4},{"damage":0,"enemies":"2 Fungi Beasts","floor":5,"turns":3},{"damage":35,"enemies":"Lagavulin","floor":8,"turns":8}],"seed_played":"-3145177829384068454","potions_obtained":[{"floor":5,"key":"GamblersBrew"}],"is_trial":false,"path_per_floor":["M","?","M","M","M","R","?","E"],"character_chosen":"THE_SILENT","items_purchased":[],"campfire_rested":1,"item_purchase_floors":[],"current_hp_per_floor":[48,30,28,28,28,46,46,11],"gold":431,"neow_bonus":"ONE_RARE_RELIC","is_prod":false,"is_daily":false,"chose_seed":false,"campfire_upgraded":0,"win_rate":0,"timestamp":1547065507,"path_taken":["M","?","M","M","M","R","?","E"],"build_version":"2019-01-08","purchased_purges":0,"victory":false,"max_hp_per_floor":[60,60,60,60,60,60,60,60],"card_choices":[{"not_picked":["Sucker Punch","Acrobatics"],"picked":"Dagger Spray","floor":1},{"not_picked":["Poisoned Stab","Caltrops"],"picked":"Cloak And Dagger","floor":1},{"not_picked":["Choke","Poisoned Stab"],"picked":"Backflip","floor":3},{"not_picked":["Slice","Poisoned Stab","Dagger Throw"],"picked":"SKIP","floor":3},{"not_picked":["Poisoned Stab","Calculated Gamble"],"picked":"Backflip","floor":4},{"not_picked":["Prepared","Bane","Flechettes"],"picked":"SKIP","floor":4},{"not_picked":["Deflect","A Thousand Cuts"],"picked":"Sucker Punch","floor":5},{"not_picked":["Prepared","Setup","Deflect"],"picked":"SKIP","floor":5}],"player_experience":1024433,"relics_obtained":[],"event_choices":[{"damage_healed":0,"gold_gain":0,"player_choice":"Entered Light","damage_taken":18,"max_hp_gain":0,"max_hp_loss":0,"event_name":"Shining Light","floor":2,"gold_loss":0,"cards_upgraded":["Neutralize","Strike_G"]},{"damage_healed":0,"gold_gain":275,"player_choice":"Desecrate","damage_taken":0,"max_hp_gain":0,"max_hp_loss":0,"event_name":"Golden Shrine","floor":7,"gold_loss":0,"cards_obtained":["Regret"]}],"is_beta":true,"boss_relics":[],"items_purged_floors":[],"is_endless":false,"potions_floor_spawned":[5],"killed_by":"Lagavulin","ascension_level":20}