{"gold_per_floor":[116,116,128,143,143,143,157,177,204,204,248,248,248,262,262,391,454,475,499,624,624,624],"floor_reached":22,"playtime":1552,"items_purged":[],"score":211,"play_id":"00ed2be7-9520-4137-ad3b-d7a5180d517e","local_time":"20190502171602","is_ascension_mode":false,"campfire_choices":[{"data":"Neutralize","floor":6,"key":"SMITH"},{"floor":10,"key":"REST"},{"data":"A Thousand Cuts","floor":12,"key":"SMITH"},{"data":"Noxious Fumes","floor":15,"key":"SMITH"}],"neow_cost":"PERCENT_DAMAGE","seed_source_timestamp":477682409971825,"circlet_count":0,"master_deck":["Defend_G","Defend_G+1","Defend_G","Defend_G","Defend_G","Strike_G","Strike_G","Strike_G","Strike_G","Strike_G","Survivor","Neutralize+1","Backstab","Backflip","A Thousand Cuts+1","Backflip","After Image","Noxious Fumes+1","Burst+1","Backflip","Blur","Well Laid Plans"],"relics":["Ring of the Snake","Golden Idol","Snake Skull","Tiny House","StoneCalendar","Matryoshka"],"potions_floor_usage":[11,16,20,20,20],"damage_taken":[{"damage":1,"enemies":"Cultist","floor":1,"turns":4},{"damage":0,"enemies":"2 Louse","floor":3,"turns":2},{"damage":1,"enemies":"Jaw Worm","floor":4,"turns":3},{"damage":5,"enemies":"2 Fungi Beasts","floor":7,"turns":4},{"damage":0,"enemies":"Red Slaver","floor":8,"turns":4},{"damage":15,"enemies":"3 Sentries","floor":11,"turns":7},{"damage":0,"enemies":"Large Slime","floor":14,"turns":6},{"damage":12,"enemies":"Hexaghost","floor":16,"turns":11},{"damage":0,"enemies":"Shell Parasite","floor":18,"turns":10},{"damage":0,"enemies":"Chosen","floor":19,"turns":7},{"damage":19,"enemies":"Colosseum Slavers","floor":20,"turns":5},{"damage":33,"enemies":"Colosseum Nobs","floor":20,"turns":6},{"damage":42,"enemies":"3 Cultists","floor":22,"turns":4}],"seed_played":"5512306138080590769","potions_obtained":[{"floor":1,"key":"Weak Potion"},{"floor":7,"key":"PowerPotion"},{"floor":11,"key":"Dexterity Potion"},{"floor":14,"key":"Swift Potion"},{"floor":16,"key":"SpeedPotion"},{"floor":17,"key":"PowerPotion"},{"floor":20,"key":"Dexterity Potion"}],"is_trial":false,"path_per_floor":["M","$","M","M","?","R","M","M","T","R","E","R","?","M","R","B",null,"M","M","?","?","M"],"character_chosen":"THE_SILENT","items_purchased":[],"campfire_rested":1,"item_purchase_floors":[],"current_hp_per_floor":[62,62,62,61,40,40,35,35,35,60,45,45,37,37,37,25,89,89,89,37,37,0],"gold":624,"neow_bonus":"TWENTY_PERCENT_HP_BONUS","is_prod":false,"is_daily":false,"chose_seed":false,"campfire_upgraded":3,"win_rate":0,"timestamp":1556788562,"path_taken":["M","$","M","?","?","R","M","M","T","R","E","R","?","?","R","BOSS","M","M","?","?","?"],"build_version":"2019-01-23","purchased_purges":0,"victory":false,"max_hp_per_floor":[84,84,84,84,84,84,84,84,84,84,84,84,84,84,84,84,89,89,89,89,89,89],"card_choices":[{"not_picked":["Catalyst","Deflect"],"picked":"Backstab","floor":1},{"not_picked":["Masterful Stab","Skewer"],"picked":"Backflip","floor":3},{"not_picked":["Quick Slash","Flechettes"],"picked":"A Thousand Cuts","floor":4},{"not_picked":["Deflect","Acrobatics"],"picked":"Backflip","floor":7},{"not_picked":["Dagger Spray","Heel Hook","Skewer"],"picked":"SKIP","floor":8},{"not_picked":["All Out Attack","Slice"],"picked":"After Image","floor":11},{"not_picked":["Riddle With Holes","Dodge and Roll"],"picked":"Noxious Fumes","floor":14},{"not_picked":["Die Die Die","Tools of the Trade"],"picked":"Burst","floor":16},{"not_picked":["Poisoned Stab","Acrobatics"],"picked":"Backflip","floor":17},{"not_picked":["Quick Slash","Deadly Poison"],"picked":"Blur","floor":18},{"not_picked":["Prepared","Outmaneuver"],"picked":"Well Laid Plans","floor":19}],"player_experience":465614,"relics_obtained":[{"floor":11,"key":"Snake Skull"},{"floor":20,"key":"StoneCalendar"},{"floor":20,"key":"Matryoshka"}],"event_choices":[{"damage_healed":0,"gold_gain":0,"player_choice":"Take Damage","damage_taken":21,"relics_obtained":["Golden Idol"],"max_hp_gain":0,"max_hp_loss":0,"event_name":"Golden Idol","floor":5,"gold_loss":0},{"damage_healed":0,"gold_gain":0,"player_choice":"Damaged","damage_taken":8,"max_hp_gain":0,"max_hp_loss":0,"event_name":"Wheel of Change","floor":13,"gold_loss":0},{"damage_healed":0,"gold_gain":0,"player_choice":"Fight","damage_taken":0,"max_hp_gain":0,"max_hp_loss":0,"event_name":"Colosseum","floor":20,"gold_loss":0},{"damage_healed":0,"gold_gain":0,"player_choice":"Fought Nobs","damage_taken":0,"max_hp_gain":0,"max_hp_loss":0,"event_name":"Colosseum","floor":20,"gold_loss":0},{"damage_healed":0,"gold_gain":0,"player_choice":"Forge","damage_taken":0,"max_hp_gain":0,"max_hp_loss":0,"event_name":"Accursed Blacksmith","floor":21,"gold_loss":0,"cards_upgraded":["Burst"]}],"is_beta":false,"boss_relics":[{"not_picked":["Cursed Key","Velvet Choker"],"picked":"Tiny House"}],"items_purged_floors":[],"is_endless":false,"potions_floor_spawned":[1,7,11,14,16,19,20],"killed_by":"3 Cultists","ascension_level":0}