{"gold_per_floor":[14,28,44,44,44,44,78,3,3,3,3,21,55,65,65,139,139,157,170,270,270,320,320,353,365,365,390,406,47,57,57,57,134,134,146,146,163,511,511,537,557,592,592,592,692,692,704,733,733,733,733],"floor_reached":51,"playtime":10401,"items_purged":["Strike_B"],"score":1891,"play_id":"2904e181-0a64-42d8-99fa-8b6a894907e6","local_time":"20190423183553","is_ascension_mode":true,"campfire_choices":[{"data":"Melter","floor":6.0,"key":"SMITH"},{"data":"Sunder","floor":10.0,"key":"SMITH"},{"data":"Electrodynamics","floor":15.0,"key":"SMITH"},{"floor":23.0,"key":"REST"},{"floor":32.0,"key":"REST"},{"floor":46,"key":"RECALL"},{"floor":49,"key":"REST"}],"neow_cost":"NO_GOLD","seed_source_timestamp":417797194729568,"circlet_count":0,"master_deck":["AscendersBane","Strike_B","Defend_B","Defend_B","Defend_B+1","Defend_B+1","Zap+1","Dualcast+1","Self Repair","Melter+1","Sunder+1","Defragment+1","Undo","Electrodynamics+1","Coolheaded","Echo Form","Tempest","Cold Snap+1","Machine Learning","Consume+1","Injury","Seek","Apotheosis","Capacitor","Glacier","Buffer","Doubt","Pain","Hologram+1","Seek","Echo Form","Fusion+1","Turbo","Normality","Hologram","Heatsinks","Heatsinks+1"],"special_seed":0,"relics":["Cracked Core","Matryoshka","War Paint","Dodecahedron","Darkstone Periapt","Cursed Key","Ice Cream","Cables","Mango","Letter Opener","Question Card","Calling Bell","Dream Catcher","Blue Candle","Turnip","Old Coin","Gremlin Horn","Girya","Omamori","Shovel","Potion Belt"],"potions_floor_usage":[],"damage_taken":[{"damage":1.0,"enemies":"2 Louse","floor":1.0,"turns":3.0},{"damage":2.0,"enemies":"Jaw Worm","floor":2.0,"turns":4.0},{"damage":2.0,"enemies":"Cultist","floor":3.0,"turns":4.0},{"damage":12.0,"enemies":"3 Sentries","floor":7.0,"turns":5.0},{"damage":0.0,"enemies":"2 Fungi Beasts","floor":12.0,"turns":4.0},{"damage":0.0,"enemies":"Gremlin Nob","floor":13.0,"turns":3.0},{"damage":0.0,"enemies":"Looter","floor":14.0,"turns":3.0},{"damage":0.0,"enemies":"Slime Boss","floor":16.0,"turns":5.0},{"damage":9.0,"enemies":"Spheric Guardian","floor":18.0,"turns":4.0},{"damage":0.0,"enemies":"Chosen","floor":19.0,"turns":3.0},{"damage":27.0,"enemies":"Colosseum Slavers","floor":20.0,"turns":3.0},{"damage":6.0,"enemies":"Colosseum Nobs","floor":20.0,"turns":4.0},{"damage":26.0,"enemies":"Book of Stabbing","floor":24.0,"turns":5.0},{"damage":5.0,"enemies":"Snake Plant","floor":25.0,"turns":4.0},{"damage":15.0,"enemies":"Gremlin Leader","floor":27.0,"turns":5.0},{"damage":0.0,"enemies":"Sentry and Sphere","floor":28.0,"turns":3.0},{"damage":12.0,"enemies":"Snecko","floor":30.0,"turns":4.0},{"damage":19.0,"enemies":"Automaton","floor":33.0,"turns":11.0},{"damage":26.0,"enemies":"Orb Walker","floor":35.0,"turns":4.0},{"damage":2.0,"enemies":"3 Darklings","floor":37.0,"turns":5.0},{"damage":39,"enemies":"2 Orb Walkers","floor":38,"turns":4},{"damage":19,"enemies":"Nemesis","floor":40,"turns":11},{"damage":22,"enemies":"Maw","floor":41,"turns":7},{"damage":2,"enemies":"Giant Head","floor":42,"turns":7},{"damage":2,"enemies":"Mind Bloom Boss Battle","floor":45,"turns":6},{"damage":63,"enemies":"Spire Growth","floor":47,"turns":4},{"damage":31,"enemies":"Nemesis","floor":48,"turns":9},{"damage":50,"enemies":"Time Eater","floor":50,"turns":18},{"damage":32,"enemies":"Awakened One","floor":51,"turns":3}],"seed_played":"-6503828161880213466","potions_obtained":[{"floor":2.0,"key":"Fire Potion"},{"floor":12.0,"key":"FearPotion"},{"floor":13.0,"key":"Ancient Potion"},{"floor":24.0,"key":"Swift Potion"},{"floor":28.0,"key":"LiquidBronze"},{"floor":33.0,"key":"Explosive Potion"},{"floor":35.0,"key":"SkillPotion"},{"floor":38,"key":"SpeedPotion"}],"is_trial":false,"path_per_floor":["M","M","M","?","?","R","E","$","T","R","?","M","E","M","R","B",null,"M","M","?","?","?","R","E","M","T","E","M","$","M","?","R","B",null,"M","?","M","?","?","E","M","E","T","?","?","R","M","E","R","B","B"],"character_chosen":"DEFECT","items_purchased":["Defragment","Apotheosis","Capacitor"],"campfire_rested":3,"item_purchase_floors":[8,29,29],"current_hp_per_floor":[63,68,71,50,50,50,45,45,45,45,45,52,52,59,59,66,70,61,68,42,42,42,63,58,53,59,51,51,51,49,49,76,67,103,91,91,99,80,80,81,79,97,103,103,111,111,48,37,71,31,0],"gold":733,"neow_bonus":"REMOVE_TWO","is_prod":false,"is_daily":false,"chose_seed":false,"campfire_upgraded":3,"win_rate":0,"timestamp":1556066153,"path_taken":["M","M","M","?","?","R","E","?","T","R","?","?","E","M","R","BOSS","M","M","?","?","?","R","E","M","T","E","M","$","M","?","R","BOSS","M","?","?","?","?","E","M","E","T","?","?","R","M","E","R","BOSS","BOSS"],"build_version":"2019-04-21","purchased_purges":1,"victory":false,"max_hp_per_floor":[71,71,71,71,71,71,71,71,71,71,71,71,71,71,71,71,71,71,71,71,71,71,71,85,85,91,91,91,91,91,91,91,91,109,109,109,109,109,109,109,109,109,115,115,115,115,115,115,115,115,115],"card_choices":[{"not_picked":["Stack","Consume"],"picked":"Self Repair","floor":1.0},{"not_picked":["Hologram","Tempest"],"picked":"Melter","floor":2.0},{"not_picked":["Recycle","BootSequence"],"picked":"Sweeping Beam","floor":3.0},{"not_picked":["Scrape","Blizzard"],"picked":"Sunder","floor":7.0},{"not_picked":["Redo","Steam Power"],"picked":"Undo","floor":12.0},{"not_picked":["White Noise","Hologram"],"picked":"Electrodynamics","floor":13.0},{"not_picked":["Darkness","Redo"],"picked":"Coolheaded","floor":14.0},{"not_picked":["Rainbow","All For One"],"picked":"Echo Form","floor":16.0},{"not_picked":["Go for the Eyes","Stack"],"picked":"Tempest","floor":18.0},{"not_picked":["Conserve Battery","Hologram"],"picked":"Cold Snap+1","floor":19.0},{"not_picked":["Stack","Hello World"],"picked":"Machine Learning","floor":20.0},{"not_picked":["Barrage","Redo","Steam"],"picked":"SKIP","floor":24.0},{"not_picked":["Steam","Beam Cell"],"picked":"Consume+1","floor":25.0},{"not_picked":["Aggregate","Steam"],"picked":"Seek","floor":27.0},{"not_picked":["Steam Power","Static Discharge","Rip and Tear","Gash"],"picked":"SKIP","floor":28.0},{"not_picked":["Hello World","Coolheaded","Compile Driver"],"picked":"Glacier","floor":30.0},{"not_picked":["All For One","Machine Learning","Rainbow"],"picked":"Buffer","floor":33.0},{"not_picked":["Gash+1","Steam Power","Undo"],"picked":"Hologram+1","floor":35.0},{"not_picked":["Steam","Barrage","Sweeping Beam"],"picked":"Seek","floor":37.0},{"not_picked":["Rebound","Barrage","Ball Lightning"],"picked":"Echo Form","floor":38},{"not_picked":["Go for the Eyes","Seek","White Noise"],"picked":"Fusion+1","floor":40},{"not_picked":["Ball Lightning","Scrape","Steam Power+1"],"picked":"Turbo","floor":41},{"not_picked":["Beam Cell","Leap","Fission","Aggregate"],"picked":"SKIP","floor":42},{"not_picked":["Force Field","Compile Driver","Sweeping Beam+1"],"picked":"Hologram","floor":47},{"not_picked":["Redo","Go for the Eyes","Sunder"],"picked":"Heatsinks","floor":48},{"not_picked":["Beam Cell","Steam","Auto Shields"],"picked":"Heatsinks+1","floor":49}],"player_experience":2966776,"relics_obtained":[{"floor":7.0,"key":"Matryoshka"},{"floor":9.0,"key":"War Paint"},{"floor":9.0,"key":"Dodecahedron"},{"floor":13.0,"key":"Darkstone Periapt"},{"floor":20.0,"key":"Ice Cream"},{"floor":20.0,"key":"Cables"},{"floor":24.0,"key":"Mango"},{"floor":26.0,"key":"Letter Opener"},{"floor":27.0,"key":"Question Card"},{"floor":34.0,"key":"Dream Catcher"},{"floor":34.0,"key":"Blue Candle"},{"floor":34.0,"key":"Turnip"},{"floor":38,"key":"Old Coin"},{"floor":40,"key":"Gremlin Horn"},{"floor":42,"key":"Girya"},{"floor":43,"key":"Omamori"},{"floor":45,"key":"Shovel"},{"floor":48,"key":"Potion Belt"}],"event_choices":[{"damage_healed":0.0,"max_hp_gain":0.0,"max_hp_loss":0.0,"gold_gain":0.0,"event_name":"Shining Light","player_choice":"Entered Light","floor":4.0,"gold_loss":0.0,"damage_taken":21.0,"cards_upgraded":["Defend_B","Zap"]},{"damage_healed":0.0,"max_hp_gain":0.0,"max_hp_loss":0.0,"gold_gain":0.0,"event_name":"Living Wall","player_choice":"Grow","floor":5.0,"gold_loss":0.0,"damage_taken":0.0,"cards_upgraded":["Sweeping Beam"]},{"damage_healed":0.0,"max_hp_gain":0.0,"max_hp_loss":0.0,"gold_gain":0.0,"event_name":"Accursed Blacksmith","player_choice":"Forge","floor":11.0,"gold_loss":0.0,"damage_taken":0.0,"cards_upgraded":["Defragment"]},{"damage_healed":0.0,"max_hp_gain":0.0,"max_hp_loss":0.0,"gold_gain":0.0,"event_name":"Colosseum","player_choice":"Fight","floor":20.0,"gold_loss":0.0,"damage_taken":0.0},{"damage_healed":0.0,"max_hp_gain":0.0,"max_hp_loss":0.0,"gold_gain":0.0,"event_name":"Colosseum","player_choice":"Fought Nobs","floor":20.0,"gold_loss":0.0,"damage_taken":0.0},{"damage_healed":0.0,"max_hp_gain":0.0,"max_hp_loss":0.0,"gold_gain":0.0,"event_name":"The Mausoleum","player_choice":"Ignored","floor":21.0,"gold_loss":0.0,"damage_taken":0.0},{"damage_healed":0.0,"max_hp_gain":0.0,"max_hp_loss":0.0,"gold_gain":50.0,"event_name":"Nest","player_choice":"Stole From Cult","floor":22.0,"gold_loss":0.0,"damage_taken":0.0},{"damage_healed":0.0,"max_hp_gain":0.0,"max_hp_loss":0.0,"gold_gain":0.0,"event_name":"Vampires","player_choice":"Ignored","floor":31.0,"gold_loss":0.0,"damage_taken":0.0},{"cards_removed":["Normality"],"damage_healed":0.0,"max_hp_gain":0.0,"max_hp_loss":0.0,"gold_gain":0.0,"event_name":"Purifier","player_choice":"Purged","floor":36.0,"gold_loss":0.0,"damage_taken":0.0},{"damage_healed":0,"gold_gain":0,"player_choice":"Fight","damage_taken":0,"max_hp_gain":0,"max_hp_loss":0,"event_name":"Mysterious Sphere","floor":38,"gold_loss":0},{"damage_healed":0,"gold_gain":0,"player_choice":"Ignored","damage_taken":0,"max_hp_gain":0,"max_hp_loss":0,"event_name":"Tomb of Lord Red Mask","floor":39,"gold_loss":0},{"cards_removed":["Sweeping Beam"],"damage_healed":0,"gold_gain":0,"player_choice":"Removed Attack","damage_taken":0,"max_hp_gain":0,"max_hp_loss":0,"event_name":"Falling","floor":44,"gold_loss":0},{"damage_healed":0,"gold_gain":0,"player_choice":"Fight","damage_taken":0,"max_hp_gain":0,"max_hp_loss":0,"event_name":"MindBloom","floor":45,"gold_loss":0}],"is_beta":true,"boss_relics":[{"not_picked":["Coffee Dripper","Philosopher\u0027s Stone"],"picked":"Cursed Key"},{"not_picked":["Tiny House","Lizard Tail"],"picked":"Calling Bell"}],"items_purged_floors":[29],"is_endless":false,"potions_floor_spawned":[2,12,13,16,18,24,28,33,35,38,42],"killed_by":"Awakened One","ascension_level":20}