{"gold_per_floor":[118,118,134,144,158,158,185,200,200,234,250,269,269,46,46,46],"floor_reached":16,"playtime":951,"items_purged":["Strike_B"],"score":217,"play_id":"dd4fdedd-bd68-463c-b445-9bc3db911d2e","local_time":"20190423175406","is_ascension_mode":true,"campfire_choices":[{"floor":6,"key":"REST"},{"floor":13,"key":"REST"},{"data":"Glacier","floor":15,"key":"SMITH"}],"neow_cost":"NONE","seed_source_timestamp":1928037368074483,"circlet_count":0,"master_deck":["AscendersBane","Strike_B","Strike_B+1","Strike_B","Defend_B","Defend_B","Defend_B+1","Defend_B","Zap","Dualcast","Compile Driver","Rebound","Darkness","Genetic Algorithm","Genetic Algorithm","Glacier+1","Coolheaded","FTL","Redo"],"relics":["Cracked Core","Singing Bowl","Dodecahedron","Oddly Smooth Stone"],"potions_floor_usage":[10,10,16],"damage_taken":[{"damage":5,"enemies":"Small Slimes","floor":1,"turns":3},{"damage":2,"enemies":"2 Louse","floor":3,"turns":2},{"damage":2,"enemies":"Jaw Worm","floor":4,"turns":3},{"damage":14,"enemies":"Lots of Slimes","floor":5,"turns":4},{"damage":9,"enemies":"Lagavulin","floor":7,"turns":7},{"damage":14,"enemies":"2 Fungi Beasts","floor":8,"turns":3},{"damage":51,"enemies":"3 Sentries","floor":10,"turns":6},{"damage":5,"enemies":"Large Slime","floor":11,"turns":6},{"damage":4,"enemies":"Red Slaver","floor":12,"turns":4},{"damage":34,"enemies":"Slime Boss","floor":16,"turns":5}],"seed_played":"-4852063161783972702","potions_obtained":[{"floor":1,"key":"Regen Potion"},{"floor":5,"key":"GamblersBrew"},{"floor":7,"key":"Regen Potion"},{"floor":10,"key":"SpeedPotion"}],"is_trial":false,"path_per_floor":["M","?","M","M","M","R","E","M","T","E","M","M","R","$","R","B"],"character_chosen":"DEFECT","items_purchased":["FTL","Redo"],"campfire_rested":2,"item_purchase_floors":[14,14],"current_hp_per_floor":[66,43,41,39,25,48,41,27,27,16,11,7,31,31,31,0],"gold":46,"neow_bonus":"TEN_PERCENT_HP_BONUS","is_prod":false,"is_daily":false,"chose_seed":false,"campfire_upgraded":1,"win_rate":0,"timestamp":1556020446,"path_taken":["M","?","M","M","M","R","E","M","T","E","M","M","R","$","R","BOSS"],"build_version":"2019-01-23","purchased_purges":1,"victory":false,"max_hp_per_floor":[78,78,78,78,78,78,80,80,80,80,80,80,80,80,80,80],"card_choices":[{"not_picked":["Sunder","Beam Cell"],"picked":"Compile Driver","floor":1},{"not_picked":["Fusion","Streamline"],"picked":"Rebound","floor":3},{"not_picked":["Streamline","Reinforced Body"],"picked":"Darkness","floor":4},{"not_picked":["Hologram","Barrage","Hello World"],"picked":"SKIP","floor":5},{"not_picked":["Stack","Streamline","Reprogram"],"picked":"Singing Bowl","floor":7},{"not_picked":["Coolheaded","Darkness"],"picked":"Genetic Algorithm","floor":8},{"not_picked":["Capacitor","Amplify"],"picked":"Genetic Algorithm","floor":10},{"not_picked":["Aggregate","Coolheaded"],"picked":"Glacier","floor":11},{"not_picked":["Stack","Cold Snap"],"picked":"Coolheaded","floor":12}],"player_experience":1193716,"relics_obtained":[{"floor":7,"key":"Singing Bowl"},{"floor":9,"key":"Dodecahedron"},{"floor":10,"key":"Oddly Smooth Stone"}],"event_choices":[{"damage_healed":0,"gold_gain":0,"player_choice":"Entered Light","damage_taken":23,"max_hp_gain":0,"max_hp_loss":0,"event_name":"Shining Light","floor":2,"gold_loss":0,"cards_upgraded":["Defend_B","Strike_B"]}],"is_beta":false,"boss_relics":[],"items_purged_floors":[14],"is_endless":false,"potions_floor_spawned":[1,5,7,10],"killed_by":"Slime Boss","ascension_level":18}