{"gold_per_floor":[367,8,22,39,51,67,67,87,112,112,112,112,127,127,127,127],"floor_reached":16,"playtime":334,"items_purged":["Defend_R"],"score":188,"play_id":"92eb2673-76ae-4b4c-b33b-f2a88dadf883","local_time":"20190324232058","is_ascension_mode":true,"campfire_choices":[{"data":"Uppercut","floor":7,"key":"SMITH"},{"data":"Bash","floor":10,"key":"SMITH"},{"data":"Heavy Blade","floor":12,"key":"SMITH"},{"data":"Double Tap","floor":15,"key":"SMITH"}],"neow_cost":"TEN_PERCENT_HP_LOSS","seed_source_timestamp":342418443298500,"circlet_count":0,"master_deck":["AscendersBane","Strike_R","Strike_R","Strike_R","Strike_R","Defend_R","Defend_R","Defend_R","Bash+1","Heavy Blade+1","Uppercut+1","Pummel+1","Double Tap+1"],"relics":["Burning Blood","Pantograph","Potion Belt"],"potions_floor_usage":[5,16,16],"damage_taken":[{"damage":7,"enemies":"Cultist","floor":1,"turns":4},{"damage":7,"enemies":"Jaw Worm","floor":3,"turns":3},{"damage":7,"enemies":"2 Louse","floor":4,"turns":3},{"damage":16,"enemies":"Exordium Thugs","floor":5,"turns":4},{"damage":13,"enemies":"Blue Slaver","floor":6,"turns":4},{"damage":17,"enemies":"3 Louse","floor":8,"turns":4},{"damage":10,"enemies":"Red Slaver","floor":13,"turns":2},{"damage":82,"enemies":"Slime Boss","floor":16,"turns":7}],"seed_played":"3323007190049409077","potions_obtained":[{"floor":3,"key":"Weak Potion"},{"floor":4,"key":"Poison Potion"},{"floor":6,"key":"Regen Potion"}],"is_trial":false,"path_per_floor":["M","$","M","M","M","M","R","M","T","R","?","R","M","?","R","B"],"character_chosen":"IRONCLAD","items_purchased":["Pantograph"],"campfire_rested":0,"item_purchase_floors":[2],"current_hp_per_floor":[67,67,66,65,55,48,48,37,37,37,37,37,33,33,33,0],"gold":127,"neow_bonus":"TWO_FIFTY_GOLD","is_prod":false,"is_daily":false,"chose_seed":false,"campfire_upgraded":4,"win_rate":0,"timestamp":1553466058,"path_taken":["M","$","M","M","M","M","R","M","T","R","?","R","?","?","R","BOSS"],"build_version":"2019-03-15","purchased_purges":1,"victory":false,"max_hp_per_floor":[68,68,68,68,68,68,68,68,68,68,68,68,68,68,68,68],"card_choices":[{"not_picked":["Clothesline","Iron Wave"],"picked":"Heavy Blade","floor":1},{"not_picked":["Headbutt","Flex","Sever Soul"],"picked":"SKIP","floor":3},{"not_picked":["Metallicize","Whirlwind","Warcry"],"picked":"SKIP","floor":4},{"not_picked":["Reaper","Heavy Blade"],"picked":"Uppercut","floor":5},{"not_picked":["Second Wind","Flex"],"picked":"Pummel","floor":6},{"not_picked":["Armaments","Heavy Blade","Anger"],"picked":"SKIP","floor":8},{"not_picked":["Intimidate","Bloodletting"],"picked":"Double Tap","floor":13}],"player_experience":1277397,"relics_obtained":[{"floor":9,"key":"Potion Belt"}],"event_choices":[{"damage_healed":0,"gold_gain":0,"player_choice":"Upgraded","damage_taken":0,"max_hp_gain":0,"max_hp_loss":0,"event_name":"Upgrade Shrine","floor":11,"gold_loss":0,"cards_upgraded":["Pummel"]},{"cards_removed":["Strike_R"],"damage_healed":0,"gold_gain":0,"player_choice":"Offered Basic","damage_taken":0,"max_hp_gain":0,"max_hp_loss":0,"event_name":"Bonfire Elementals","floor":14,"gold_loss":0}],"is_beta":true,"boss_relics":[],"items_purged_floors":[2],"is_endless":false,"potions_floor_spawned":[3,4,6],"killed_by":"Slime Boss","ascension_level":20}