{"gold_per_floor":[12,12,12,23,36,67,67,83,133,133,153,153,38,58,58,156,156,171,190,220,220,220,253,253,104,104,115,115,40,40,51,51,156,156,166,166],"floor_reached":36,"playtime":2519,"items_purged":["Strike_R","Strike_R"],"score":573,"play_id":"d83a2403-f87a-4737-aafa-0374963e3d98","local_time":"20190501143239","is_ascension_mode":true,"campfire_choices":[{"data":"Inflame","floor":7,"key":"SMITH"},{"data":"Uppercut","floor":10,"key":"SMITH"},{"data":"Intimidate","floor":12,"key":"SMITH"},{"data":"Inflame","floor":15,"key":"SMITH"},{"data":"Battle Trance","floor":24,"key":"SMITH"},{"data":"Defend_R","floor":30,"key":"SMITH"},{"data":"Defend_R","floor":32,"key":"SMITH"}],"neow_cost":"NO_GOLD","seed_source_timestamp":280500498703931,"circlet_count":0,"master_deck":["AscendersBane","Strike_R","Defend_R","Defend_R","Defend_R+1","Defend_R+1","Bash","Demon Form","Cleave","Battle Trance+1","Intimidate+1","Inflame+1","Uppercut+1","Inflame+1","Impervious","Warcry+1","Whirlwind+1","Offering","Shrug It Off+1","Ghostly Armor","Shockwave","Havoc"],"relics":["Burning Blood","Pear","Regal Pillow","Coffee Dripper","Red Mask","Boot","Dodecahedron","Darkstone Periapt","PreservedInsect","Orrery"],"potions_floor_usage":[8,16,20,27,27,27,33,36,36],"damage_taken":[{"damage":4,"enemies":"Jaw Worm","floor":1,"turns":5},{"damage":6,"enemies":"Cultist","floor":4,"turns":3},{"damage":13,"enemies":"2 Louse","floor":5,"turns":4},{"damage":30,"enemies":"Lagavulin","floor":6,"turns":8},{"damage":6,"enemies":"Large Slime","floor":8,"turns":5},{"damage":6,"enemies":"Looter","floor":11,"turns":3},{"damage":8,"enemies":"2 Fungi Beasts","floor":14,"turns":4},{"damage":37,"enemies":"Hexaghost","floor":16,"turns":9},{"damage":7,"enemies":"Chosen","floor":18,"turns":4},{"damage":8,"enemies":"3 Byrds","floor":19,"turns":6},{"damage":19,"enemies":"Masked Bandits","floor":20,"turns":5},{"damage":49,"enemies":"Slavers","floor":23,"turns":6},{"damage":0,"enemies":"Snake Plant","floor":27,"turns":3},{"damage":0,"enemies":"3 Cultists","floor":31,"turns":4},{"damage":18,"enemies":"Automaton","floor":33,"turns":8},{"damage":22,"enemies":"3 Darklings","floor":35,"turns":3},{"damage":64,"enemies":"2 Orb Walkers","floor":36,"turns":4}],"seed_played":"-2643219012531923383","potions_obtained":[{"floor":4,"key":"Block Potion"},{"floor":8,"key":"Energy Potion"},{"floor":11,"key":"Block Potion"},{"floor":14,"key":"AttackPotion"},{"floor":20,"key":"Fire Potion"},{"floor":27,"key":"Explosive Potion"},{"floor":33,"key":"Strength Potion"},{"floor":35,"key":"Dexterity Potion"}],"is_trial":false,"path_per_floor":["M","?","$","M","M","E","R","M","T","R","M","R","$","M","R","B",null,"M","M","?","?","?","E","R","$","T","M","T","?","R","M","R","B",null,"M","?"],"character_chosen":"IRONCLAD","items_purchased":["Inflame","SkillPotion"],"campfire_rested":0,"item_purchase_floors":[13,25],"current_hp_per_floor":[74,74,74,74,67,53,53,53,53,53,53,53,53,51,51,20,73,72,70,57,57,57,14,14,14,14,20,20,20,20,26,26,14,71,55,0],"gold":166,"neow_bonus":"THREE_RARE_CARDS","is_prod":false,"is_daily":false,"chose_seed":false,"campfire_upgraded":7,"win_rate":0,"timestamp":1556757159,"path_taken":["M","?","?","?","M","E","R","?","T","R","M","R","$","?","R","BOSS","M","M","?","?","?","E","R","$","T","M","?","?","R","M","R","BOSS","M","?"],"build_version":"2019-01-23","purchased_purges":2,"victory":false,"max_hp_per_floor":[80,80,80,80,80,90,90,90,90,90,90,90,90,90,90,90,90,90,90,90,90,90,90,90,90,90,90,90,90,90,90,90,90,90,90,90],"card_choices":[{"not_picked":["Impervious","Immolate"],"picked":"Demon Form","floor":0},{"not_picked":["Perfected Strike","Fire Breathing"],"picked":"Cleave","floor":1},{"not_picked":["Iron Wave","Whirlwind"],"picked":"Battle Trance","floor":4},{"not_picked":["Cleave","Wild Strike"],"picked":"Intimidate","floor":5},{"not_picked":["Body Slam","Feel No Pain"],"picked":"Inflame","floor":6},{"not_picked":["Wild Strike","Headbutt"],"picked":"Uppercut","floor":8},{"not_picked":["Power Through","Infernal Blade","Fire Breathing"],"picked":"SKIP","floor":11},{"not_picked":["Power Through","Infernal Blade","Fire Breathing"],"picked":"SKIP","floor":11},{"not_picked":["Fire Breathing","Juggernaut","Clothesline"],"picked":"SKIP","floor":14},{"not_picked":["Exhume","Feed"],"picked":"Impervious","floor":16},{"not_picked":["Rampage","Pommel Strike"],"picked":"Warcry+1","floor":18},{"not_picked":["Anger","Infernal Blade","Rupture+1"],"picked":"SKIP","floor":19},{"not_picked":["Reckless Charge","Sever Soul+1"],"picked":"Whirlwind+1","floor":23},{"not_picked":["Blood for Blood","Clash","Dropkick"],"picked":"SKIP","floor":27},{"not_picked":["Heavy Blade","Clothesline","Clash"],"picked":"SKIP","floor":31},{"not_picked":["Fiend Fire","Brutality"],"picked":"Offering","floor":33},{"not_picked":["Perfected Strike","Havoc"],"picked":"Shrug It Off+1","floor":34},{"not_picked":["Body Slam","Heavy Blade+1"],"picked":"Ghostly Armor","floor":34},{"not_picked":["Sword Boomerang","Iron Wave+1"],"picked":"Shockwave","floor":34},{"not_picked":["Searing Blow","Heavy Blade"],"picked":"Havoc","floor":34},{"not_picked":["Seeing Red","Wild Strike+1","Clothesline"],"picked":"SKIP","floor":35}],"player_experience":359263,"relics_obtained":[{"floor":6,"key":"Pear"},{"floor":9,"key":"Regal Pillow"},{"floor":20,"key":"Red Mask"},{"floor":23,"key":"Dodecahedron"},{"floor":26,"key":"Darkstone Periapt"},{"floor":28,"key":"PreservedInsect"}],"event_choices":[{"cards_removed":["Strike_R"],"damage_healed":0,"gold_gain":0,"player_choice":"Purged","damage_taken":0,"max_hp_gain":0,"max_hp_loss":0,"event_name":"Purifier","floor":2,"gold_loss":0},{"damage_healed":0,"gold_gain":0,"player_choice":"Fought Bandits","damage_taken":0,"max_hp_gain":0,"max_hp_loss":0,"event_name":"Masked Bandits","floor":20,"gold_loss":0},{"damage_healed":0,"gold_gain":0,"player_choice":"Opened","damage_taken":0,"relics_obtained":["Boot"],"max_hp_gain":0,"max_hp_loss":0,"event_name":"The Mausoleum","floor":21,"gold_loss":0},{"damage_healed":0,"gold_gain":0,"player_choice":"Ignored","damage_taken":0,"max_hp_gain":0,"max_hp_loss":0,"event_name":"Vampires","floor":22,"gold_loss":0},{"cards_removed":["Strike_R"],"damage_healed":0,"gold_gain":0,"player_choice":"Gave Gold","damage_taken":0,"max_hp_gain":0,"max_hp_loss":0,"event_name":"Beggar","floor":29,"gold_loss":75},{"damage_healed":0,"gold_gain":0,"player_choice":"Fight","damage_taken":0,"max_hp_gain":0,"max_hp_loss":0,"event_name":"Mysterious Sphere","floor":36,"gold_loss":0}],"is_beta":false,"boss_relics":[{"not_picked":["Astrolabe","Black Blood"],"picked":"Coffee Dripper"},{"not_picked":["Calling Bell","Tiny House"],"picked":"Orrery"}],"items_purged_floors":[13,25],"is_endless":false,"potions_floor_spawned":[4,8,11,14,20,27,33,35],"killed_by":"2 Orb Walkers","ascension_level":10}