{"gold_per_floor":[110,35,52,52,52,52,87,87,87,87,123,198,161,176,176,176],"floor_reached":16,"playtime":346,"items_purged":[],"score":262,"play_id":"a52fba52-4c05-4063-9c22-2b5f54ae95b1","local_time":"20190117003458","is_ascension_mode":true,"campfire_choices":[{"data":"Dagger Spray","floor":6,"key":"SMITH"},{"data":"Neutralize","floor":8,"key":"SMITH"},{"floor":10,"key":"REST"},{"floor":15,"key":"REST"}],"neow_cost":"NONE","seed_source_timestamp":621443822243800,"circlet_count":0,"master_deck":["AscendersBane","Defend_G","Defend_G","Defend_G","Defend_G","Strike_G","Strike_G","Strike_G","Strike_G","Strike_G","Survivor","Neutralize+1","Noxious Fumes","Dagger Spray+1","Burst","Dodge and Roll","Crippling Poison"],"relics":["Ring of the Snake","NeowsBlessing","Golden Idol","Orichalcum","Unceasing Top","Centennial Puzzle","Prayer Wheel"],"potions_floor_usage":[3,11],"damage_taken":[{"damage":0,"enemies":"Cultist","floor":1,"turns":1},{"damage":0,"enemies":"Small Slimes","floor":3,"turns":1},{"damage":0,"enemies":"3 Sentries","floor":7,"turns":1},{"damage":18,"enemies":"Gremlin Nob","floor":11,"turns":4},{"damage":25,"enemies":"Gremlin Nob","floor":12,"turns":5},{"damage":1,"enemies":"Jaw Worm","floor":14,"turns":4},{"damage":41,"enemies":"Hexaghost","floor":16,"turns":11}],"seed_played":"-8902516785180409820","potions_obtained":[{"floor":1,"key":"SmokeBomb"},{"floor":3,"key":"Fruit Juice"},{"floor":7,"key":"AttackPotion"}],"is_trial":false,"path_per_floor":["M","?","M","?","$","R","E","R","T","R","E","?","$","M","R","B"],"character_chosen":"THE_SILENT","items_purchased":["Crippling Poison"],"campfire_rested":2,"item_purchase_floors":[13],"current_hp_per_floor":[59,59,64,40,40,40,40,40,40,61,43,18,18,17,38,0],"gold":176,"neow_bonus":"THREE_ENEMY_KILL","is_prod":false,"is_daily":false,"chose_seed":false,"campfire_upgraded":2,"win_rate":0,"timestamp":1547681698,"path_taken":["M","?","M","?","?","R","E","R","T","R","E","?","$","M","R","BOSS"],"build_version":"2019-01-14v2","purchased_purges":0,"victory":false,"max_hp_per_floor":[66,66,71,71,71,71,71,71,71,71,71,71,71,71,71,71],"card_choices":[{"not_picked":["Endless Agony","Flying Knee"],"picked":"Noxious Fumes","floor":1},{"not_picked":["Bouncing Flask","Slice"],"picked":"Dagger Spray","floor":3},{"not_picked":["Grand Finale","Blade Dance"],"picked":"Burst","floor":7},{"not_picked":["PiercingWail","Tactician","Endless Agony"],"picked":"SKIP","floor":11},{"not_picked":["Slice","Acrobatics"],"picked":"Dodge and Roll","floor":12},{"not_picked":["Slice","Riddle With Holes","Bane"],"picked":"SKIP","floor":14},{"not_picked":["Expertise","Concentrate","Reflex"],"picked":"SKIP","floor":14}],"player_experience":1049791,"relics_obtained":[{"floor":7,"key":"Orichalcum"},{"floor":9,"key":"Unceasing Top"},{"floor":11,"key":"Centennial Puzzle"},{"floor":12,"key":"Prayer Wheel"}],"event_choices":[{"cards_removed":["Defend_G"],"damage_healed":0,"gold_gain":0,"player_choice":"Card Removal","damage_taken":0,"max_hp_gain":0,"max_hp_loss":0,"event_name":"The Cleric","floor":2,"gold_loss":75},{"damage_healed":0,"gold_gain":0,"player_choice":"Take Damage","damage_taken":24,"relics_obtained":["Golden Idol"],"max_hp_gain":0,"max_hp_loss":0,"event_name":"Golden Idol","floor":4,"gold_loss":0},{"damage_healed":0,"gold_gain":0,"player_choice":"Searched \u00271\u0027 times","damage_taken":0,"max_hp_gain":0,"max_hp_loss":0,"event_name":"Dead Adventurer","floor":12,"gold_loss":0}],"is_beta":true,"boss_relics":[],"items_purged_floors":[],"is_endless":false,"potions_floor_spawned":[1,3,7],"killed_by":"Hexaghost","ascension_level":20}