{"gold_per_floor":[115,115,115,125,50,82,82,107,133,133,133],"floor_reached":11,"playtime":194,"items_purged":["Strike_R"],"score":208,"play_id":"68df900f-b401-42b6-b32b-72d7d1ccd7db","local_time":"20190429210700","is_ascension_mode":true,"campfire_choices":[{"data":"Strike_R","floor":7,"key":"SMITH"},{"data":"Flame Barrier","floor":10,"key":"SMITH"}],"neow_cost":"NONE","seed_source_timestamp":1670042496007100,"circlet_count":0,"master_deck":["AscendersBane","Strike_R","Strike_R","Strike_R","Strike_R+1","Defend_R","Defend_R","Defend_R","Defend_R","Bash+1","Flame Barrier+1"],"relics":["Burning Blood","NeowsBlessing","Centennial Puzzle","Darkstone Periapt","The Courier","Smiling Mask"],"potions_floor_usage":[8],"damage_taken":[{"damage":0,"enemies":"2 Louse","floor":1,"turns":1},{"damage":0,"enemies":"Small Slimes","floor":4,"turns":1},{"damage":0,"enemies":"Lagavulin","floor":6,"turns":1},{"damage":34,"enemies":"Gremlin Nob","floor":8,"turns":4},{"damage":40,"enemies":"Lagavulin","floor":11,"turns":3}],"seed_played":"-4834710534281635700","potions_obtained":[{"floor":1,"key":"Poison Potion"},{"floor":4,"key":"LiquidBronze"}],"is_trial":false,"path_per_floor":["M","?","?","M","$","E","R","E","T","R","E"],"character_chosen":"IRONCLAD","items_purchased":[],"campfire_rested":0,"item_purchase_floors":[],"current_hp_per_floor":[74,56,56,62,62,68,68,40,40,40,0],"gold":133,"neow_bonus":"THREE_ENEMY_KILL","is_prod":false,"is_daily":false,"chose_seed":false,"campfire_upgraded":2,"win_rate":0,"timestamp":1556564820,"path_taken":["M","?","?","M","$","E","R","E","T","R","E"],"build_version":"2019-04-23","purchased_purges":1,"victory":false,"max_hp_per_floor":[75,75,75,75,75,75,75,75,75,75,75],"card_choices":[{"not_picked":["Power Through","Perfected Strike","Fire Breathing"],"picked":"SKIP","floor":1},{"not_picked":["Infernal Blade","Hemokinesis","Headbutt"],"picked":"SKIP","floor":4},{"not_picked":["Perfected Strike","Brutality","Armaments"],"picked":"SKIP","floor":6},{"not_picked":["Twin Strike","Wild Strike"],"picked":"Flame Barrier","floor":8}],"player_experience":1423813,"relics_obtained":[{"floor":6,"key":"Darkstone Periapt"},{"floor":8,"key":"The Courier"},{"floor":9,"key":"Smiling Mask"}],"event_choices":[{"damage_healed":0,"gold_gain":0,"player_choice":"Success","damage_taken":18,"relics_obtained":["Centennial Puzzle"],"max_hp_gain":0,"max_hp_loss":0,"event_name":"Scrap Ooze","floor":2,"gold_loss":0},{"damage_healed":0,"gold_gain":0,"player_choice":"Grow","damage_taken":0,"max_hp_gain":0,"max_hp_loss":0,"event_name":"Living Wall","floor":3,"gold_loss":0,"cards_upgraded":["Bash"]}],"is_beta":true,"boss_relics":[],"items_purged_floors":[5],"is_endless":false,"potions_floor_spawned":[1,4],"killed_by":"Lagavulin","ascension_level":20}