{"gold_per_floor":[112,112,129,279,305,305,334,334,334,334,349,377,30,56,56,133,133,145,60,110,10,27,27],"floor_reached":23,"playtime":504,"items_purged":["Doubt","Defend_R"],"score":460,"play_id":"37e192e5-c1f1-4689-8a9a-cf878b8bb93c","local_time":"20190402003738","is_ascension_mode":true,"campfire_choices":[{"data":"Bash","floor":6,"key":"SMITH"},{"floor":8,"key":"RECALL"},{"data":"Strike_R","floor":10,"key":"SMITH"},{"data":"Shrug It Off","floor":15,"key":"SMITH"}],"neow_cost":"NONE","seed_source_timestamp":1034483633090700,"circlet_count":0,"master_deck":["AscendersBane","Strike_R","Strike_R","Strike_R","Strike_R+1","Strike_R","Defend_R","Defend_R","Bash+1","Shrug It Off+1","Demon Form","Heavy Blade","Shrug It Off"],"relics":["Burning Blood","NeowsBlessing","Blood Vial","Art of War","Paper Frog","PreservedInsect","Pantograph","Torii","Snecko Eye","Bag of Marbles"],"potions_floor_usage":[14,22],"damage_taken":[{"damage":0,"enemies":"2 Louse","floor":1,"turns":1},{"damage":0,"enemies":"Cultist","floor":3,"turns":1},{"damage":0,"enemies":"Lagavulin","floor":7,"turns":1},{"damage":9,"enemies":"Small Slimes","floor":11,"turns":4},{"damage":32,"enemies":"Gremlin Nob","floor":12,"turns":4},{"damage":22,"enemies":"3 Sentries","floor":14,"turns":7},{"damage":28,"enemies":"The Guardian","floor":16,"turns":11},{"damage":8,"enemies":"Spheric Guardian","floor":18,"turns":4},{"damage":23,"enemies":"2 Thieves","floor":22,"turns":5},{"damage":73,"enemies":"Slavers","floor":23,"turns":4}],"seed_played":"-7640852424398892793","potions_obtained":[{"floor":1,"key":"LiquidBronze"},{"floor":7,"key":"Explosive Potion"},{"floor":14,"key":"Regen Potion"}],"is_trial":false,"path_per_floor":["M","?","M","?","T","R","E","R","T","R","M","E","$","E","R","B",null,"M","?","?","$","M","E"],"character_chosen":"IRONCLAD","items_purchased":["Pantograph"],"campfire_rested":0,"item_purchase_floors":[13],"current_hp_per_floor":[74,74,75,75,75,75,75,75,75,75,72,48,48,34,34,39,66,66,66,66,66,65,0],"gold":27,"neow_bonus":"THREE_ENEMY_KILL","is_prod":false,"is_daily":false,"chose_seed":false,"campfire_upgraded":3,"win_rate":0,"timestamp":1554158258,"path_taken":["M","?","?","?","?","R","E","R","T","R","M","E","$","E","R","BOSS","M","?","?","$","M","E"],"build_version":"2019-03-15","purchased_purges":2,"victory":false,"max_hp_per_floor":[75,75,75,75,75,75,75,75,75,75,75,75,75,75,75,75,75,75,75,75,75,75,75],"card_choices":[{"not_picked":["Reckless Charge","Havoc","Thunderclap"],"picked":"SKIP","floor":1},{"not_picked":["Iron Wave","Clothesline","Warcry"],"picked":"SKIP","floor":3},{"not_picked":["Evolve","Perfected Strike","Rupture"],"picked":"SKIP","floor":7},{"not_picked":["True Grit","Uppercut","Rage"],"picked":"SKIP","floor":11},{"not_picked":["True Grit","Corruption"],"picked":"Shrug It Off","floor":12},{"not_picked":["Anger","Cleave","Spot Weakness"],"picked":"SKIP","floor":14},{"not_picked":["Fiend Fire","Reaper"],"picked":"Demon Form","floor":16},{"not_picked":["Carnage","Flex"],"picked":"Heavy Blade","floor":18},{"not_picked":["Anger","Seeing Red"],"picked":"Shrug It Off","floor":22}],"player_experience":1322984,"relics_obtained":[{"floor":5,"key":"Blood Vial"},{"floor":7,"key":"Art of War"},{"floor":9,"key":"Paper Frog"},{"floor":12,"key":"PreservedInsect"},{"floor":14,"key":"Torii"}],"event_choices":[{"cards_removed":["Defend_R"],"damage_healed":0,"gold_gain":0,"player_choice":"Offered Basic","damage_taken":0,"max_hp_gain":0,"max_hp_loss":0,"event_name":"Bonfire Elementals","floor":2,"gold_loss":0},{"damage_healed":0,"gold_gain":150,"player_choice":"AGREE","damage_taken":0,"max_hp_gain":0,"max_hp_loss":0,"event_name":"Liars Game","floor":4,"gold_loss":0,"cards_obtained":["Doubt"]},{"damage_healed":0,"gold_gain":0,"player_choice":"Obtained Relic","damage_taken":0,"relics_obtained":["Bag of Marbles"],"max_hp_gain":0,"max_hp_loss":0,"event_name":"Addict","floor":19,"gold_loss":85},{"damage_healed":0,"gold_gain":50,"player_choice":"Stole From Cult","damage_taken":0,"max_hp_gain":0,"max_hp_loss":0,"event_name":"Nest","floor":20,"gold_loss":0}],"is_beta":true,"boss_relics":[{"not_picked":["Philosopher\u0027s Stone","Coffee Dripper"],"picked":"Snecko Eye"}],"items_purged_floors":[13,21],"is_endless":false,"potions_floor_spawned":[1,7,11,14,18],"killed_by":"Slavers","ascension_level":20}