{"gold_per_floor":[110,120,70,70,80,105,105,123,123,158,177,177,187,268,268,268],"floor_reached":16,"playtime":475,"items_purged":[],"score":112,"play_id":"aad5a136-6e9c-4ffd-90d3-40fade78d190","local_time":"20190303205214","is_ascension_mode":false,"campfire_choices":[{"data":"Bash","floor":7,"key":"SMITH"},{"data":"Pommel Strike","floor":12,"key":"SMITH"},{"data":"Strike_R","floor":15,"key":"SMITH"}],"neow_cost":"PERCENT_DAMAGE","seed_source_timestamp":110528724622900,"circlet_count":0,"master_deck":["Strike_R","Strike_R","Strike_R","Strike_R+1","Defend_R","Defend_R","Bash+1","Pommel Strike+1","Second Wind","Shrug It Off+1"],"relics":["Burning Blood","Potion Belt","Pantograph","Toxic Egg 2"],"potions_floor_usage":[6,10,10,16],"damage_taken":[{"damage":6,"enemies":"Cultist","floor":1,"turns":3},{"damage":1,"enemies":"Jaw Worm","floor":2,"turns":3},{"damage":5,"enemies":"Small Slimes","floor":5,"turns":3},{"damage":24,"enemies":"Gremlin Nob","floor":6,"turns":5},{"damage":24,"enemies":"Gremlin Gang","floor":8,"turns":6},{"damage":26,"enemies":"3 Sentries","floor":10,"turns":8},{"damage":0,"enemies":"Large Slime","floor":11,"turns":5},{"damage":18,"enemies":"Red Slaver","floor":13,"turns":4},{"damage":25,"enemies":"The Guardian","floor":16,"turns":7}],"seed_played":"-5111474646708449391","potions_obtained":[{"floor":1,"key":"Regen Potion"},{"floor":6,"key":"GamblersBrew"},{"floor":10,"key":"Fruit Juice"},{"floor":13,"key":"Swift Potion"}],"is_trial":false,"path_per_floor":["M","M","?","?","M","E","R","M","T","E","M","R","M","T","R","B"],"character_chosen":"IRONCLAD","items_purchased":[],"campfire_rested":0,"item_purchase_floors":[],"current_hp_per_floor":[56,61,61,49,50,46,46,28,28,13,19,19,7,7,7,7],"gold":268,"neow_bonus":"TRANSFORM_TWO_CARDS","is_prod":false,"is_daily":false,"chose_seed":false,"campfire_upgraded":3,"win_rate":0,"timestamp":1551642734,"path_taken":["M","M","?","?","M","E","R","M","T","E","M","R","?","?","R","BOSS"],"build_version":"2019-02-06","purchased_purges":0,"victory":false,"max_hp_per_floor":[80,80,80,80,80,80,80,80,80,85,85,85,85,85,85,85],"card_choices":[{"not_picked":["Heavy Blade","Warcry","Perfected Strike"],"picked":"SKIP","floor":1},{"not_picked":["Disarm","Second Wind","Shockwave"],"picked":"SKIP","floor":2},{"not_picked":["Fire Breathing","Combust","Armaments"],"picked":"SKIP","floor":5},{"not_picked":["Dropkick","Rupture","True Grit"],"picked":"SKIP","floor":6},{"not_picked":["Sword Boomerang","Ghostly Armor","Battle Trance"],"picked":"SKIP","floor":8},{"not_picked":["Sever Soul","Havoc+1","Clash"],"picked":"SKIP","floor":10},{"not_picked":["Power Through+1","Cleave","Clothesline"],"picked":"SKIP","floor":11},{"not_picked":["Wild Strike","Armaments+1"],"picked":"Shrug It Off+1","floor":13}],"player_experience":1212487,"relics_obtained":[{"floor":6,"key":"Pantograph"},{"floor":9,"key":"Toxic Egg 2"}],"event_choices":[{"cards_removed":["Defend_R"],"damage_healed":0,"gold_gain":0,"player_choice":"Card Removal","damage_taken":0,"max_hp_gain":0,"max_hp_loss":0,"event_name":"The Cleric","floor":3,"gold_loss":50},{"damage_healed":0,"gold_gain":0,"player_choice":"Success","damage_taken":12,"relics_obtained":["Potion Belt"],"max_hp_gain":0,"max_hp_loss":0,"event_name":"Scrap Ooze","floor":4,"gold_loss":0}],"is_beta":true,"boss_relics":[],"items_purged_floors":[],"is_endless":false,"potions_floor_spawned":[1,6,10,13],"killed_by":"The Guardian","ascension_level":0}