{"gold_per_floor":[17,28,55,55,71,71,96,31,31,31],"floor_reached":10,"playtime":371,"items_purged":[],"score":132,"play_id":"4d835c46-1c60-4418-ae31-131ff544514f","local_time":"20190401232253","is_ascension_mode":true,"campfire_choices":[{"data":"Uppercut","floor":6,"key":"SMITH"}],"neow_cost":"NO_GOLD","seed_source_timestamp":1030131967113400,"circlet_count":0,"master_deck":["AscendersBane","Strike_R","Strike_R","Strike_R","Strike_R","Defend_R","Defend_R","Defend_R","Bash","Shrug It Off","Uppercut+1","Shrug It Off"],"relics":["Burning Blood","Omamori","Juzu Bracelet","Toxic Egg 2"],"potions_floor_usage":[10,10],"damage_taken":[{"damage":7,"enemies":"Cultist","floor":1,"turns":4},{"damage":9,"enemies":"Jaw Worm","floor":2,"turns":6},{"damage":10,"enemies":"2 Louse","floor":5,"turns":3},{"damage":45,"enemies":"3 Sentries","floor":7,"turns":11},{"damage":21,"enemies":"Lagavulin","floor":10,"turns":6}],"seed_played":"-547538293907540565","potions_obtained":[{"floor":2,"key":"FearPotion"},{"floor":7,"key":"Block Potion"}],"is_trial":false,"path_per_floor":["M","M","T","?","M","R","E","?","T","E"],"character_chosen":"IRONCLAD","items_purchased":[],"campfire_rested":0,"item_purchase_floors":[],"current_hp_per_floor":[67,64,64,64,60,60,21,21,21,0],"gold":31,"neow_bonus":"REMOVE_TWO","is_prod":false,"is_daily":false,"chose_seed":false,"campfire_upgraded":1,"win_rate":0,"timestamp":1554153773,"path_taken":["M","M","?","?","M","R","E","?","T","E"],"build_version":"2019-03-15","purchased_purges":0,"victory":false,"max_hp_per_floor":[75,75,75,75,75,75,75,75,75,75],"card_choices":[{"not_picked":["Iron Wave","Anger"],"picked":"Shrug It Off","floor":1},{"not_picked":["Havoc","Wild Strike","Pommel Strike"],"picked":"SKIP","floor":2},{"not_picked":["Spot Weakness","Battle Trance"],"picked":"Uppercut","floor":5},{"not_picked":["Burning Pact","Corruption"],"picked":"Shrug It Off","floor":7}],"player_experience":1319519,"relics_obtained":[{"floor":3,"key":"Omamori"},{"floor":7,"key":"Juzu Bracelet"},{"floor":9,"key":"Toxic Egg 2"}],"event_choices":[{"damage_healed":0,"gold_gain":0,"player_choice":"0 cards matched","damage_taken":0,"max_hp_gain":0,"max_hp_loss":0,"event_name":"Match and Keep!","floor":4,"gold_loss":0,"cards_obtained":[]},{"damage_healed":0,"gold_gain":0,"player_choice":"Left Gold","damage_taken":0,"max_hp_gain":0,"max_hp_loss":0,"event_name":"World of Goop","floor":8,"gold_loss":65}],"is_beta":true,"boss_relics":[],"items_purged_floors":[],"is_endless":false,"potions_floor_spawned":[2,7],"killed_by":"Lagavulin","ascension_level":20}