{"gold_per_floor":[361,101,101,116,131,131,142,161,184,195,211,211,229,242,242,315,315,333,333,345,357,218,218],"floor_reached":23,"playtime":761,"items_purged":["Doubt","Writhe"],"score":361,"play_id":"ed0957fb-3e6a-4e84-9e97-08f42c7c1d4c","local_time":"20181019183449","is_ascension_mode":true,"campfire_choices":[{"data":"Havoc","floor":6.0,"key":"SMITH"},{"floor":15,"key":"REST"}],"neow_cost":"CURSE","seed_source_timestamp":0,"circlet_count":0,"master_deck":["Strike_R","Strike_R","Strike_R","Strike_R","Strike_R","Defend_R","Defend_R","Defend_R","Defend_R","Bash","AscendersBane","Battle Trance","Havoc+1","Spot Weakness","Warcry","Sword Boomerang","True Grit","Sword Boomerang","Limit Break","Disarm","True Grit"],"special_seed":0,"relics":["Burning Blood","Tiny Chest","Art of War","Red Skull","White Beast Statue","MawBank","MutagenicStrength"],"potions_floor_usage":[13,16,23,23],"damage_taken":[{"damage":26.0,"enemies":"Jaw Worm","floor":1.0,"turns":6.0},{"damage":12.0,"enemies":"2 Louse","floor":4.0,"turns":5.0},{"damage":15.0,"enemies":"Cultist","floor":5.0,"turns":4.0},{"damage":18.0,"enemies":"Exordium Wildlife","floor":7.0,"turns":5.0},{"damage":11.0,"enemies":"2 Fungi Beasts","floor":8.0,"turns":4.0},{"damage":5.0,"enemies":"Lots of Slimes","floor":10.0,"turns":4.0},{"damage":14.0,"enemies":"Blue Slaver","floor":11.0,"turns":3.0},{"damage":0,"enemies":"Exordium Wildlife","floor":13,"turns":2},{"damage":1,"enemies":"Large Slime","floor":14,"turns":4},{"damage":31,"enemies":"Hexaghost","floor":16,"turns":7},{"damage":45,"enemies":"2 Thieves","floor":18,"turns":4},{"damage":29,"enemies":"Slavers","floor":23,"turns":3}],"seed_played":"9165067317715695466","potions_obtained":[{"floor":1.0,"key":"Ancient Potion"},{"floor":4.0,"key":"BloodPotion"},{"floor":8.0,"key":"Block Potion"},{"floor":11.0,"key":"Ancient Potion"},{"floor":13,"key":"Poison Potion"},{"floor":16,"key":"SpeedPotion"}],"is_trial":false,"path_per_floor":["M","$","?","M","M","R","M","M","T","M","M","?","M","M","R","B",null,"M","?","$","?","$"],"character_chosen":"IRONCLAD","items_purchased":["Tiny Chest","Havoc","True Grit"],"campfire_rested":1,"item_purchase_floors":[2,2,22],"current_hp_per_floor":[48,48,48,42,40,40,28,23,23,24,16,9,15,20,42,17,61,22,22,22,22,22,0],"gold":218,"neow_bonus":"TWO_FIFTY_GOLD","is_prod":false,"is_daily":false,"chose_seed":false,"campfire_upgraded":1,"win_rate":0,"timestamp":1539966889,"path_taken":["M","$","?","M","?","R","M","M","T","M","M","?","M","M","R","BOSS","M","?","$","?","$","E"],"build_version":"2018-10-18","purchased_purges":2,"victory":false,"max_hp_per_floor":[75,75,75,75,75,75,75,75,75,75,75,75,75,75,75,75,75,75,75,75,75,75,75],"card_choices":[{"not_picked":["Armaments","Hemokinesis"],"picked":"Battle Trance","floor":1.0},{"not_picked":["Second Wind","Cleave"],"picked":"Spot Weakness","floor":4.0},{"not_picked":["Thunderclap","Perfected Strike"],"picked":"Warcry","floor":5.0},{"not_picked":["Anger","Thunderclap"],"picked":"Sword Boomerang","floor":7.0},{"not_picked":["Brutality","Havoc"],"picked":"True Grit","floor":8.0},{"not_picked":["Iron Wave","Ghostly Armor"],"picked":"Sword Boomerang","floor":10.0},{"not_picked":["Spot Weakness","Clash","Searing Blow"],"picked":"SKIP","floor":11.0},{"not_picked":["Dual Wield","Headbutt","Heavy Blade"],"picked":"SKIP","floor":13},{"not_picked":["Sever Soul","Second Wind","Sword Boomerang"],"picked":"SKIP","floor":14},{"not_picked":["Fiend Fire","Exhume"],"picked":"Limit Break","floor":16},{"not_picked":["Clash","Havoc+1"],"picked":"Disarm","floor":18}],"player_experience":840330,"relics_obtained":[{"floor":9.0,"key":"Red Skull"}],"event_choices":[{"damage_healed":0.0,"max_hp_gain":0.0,"max_hp_loss":0.0,"gold_gain":0.0,"event_name":"Big Fish","player_choice":"Box","floor":3.0,"gold_loss":0.0,"damage_taken":0.0,"relics_obtained":["Art of War"],"cards_obtained":["Regret"]},{"cards_removed":["Regret"],"damage_healed":0.0,"max_hp_gain":0.0,"max_hp_loss":0.0,"gold_gain":0.0,"event_name":"Golden Wing","player_choice":"Card Removal","floor":12.0,"gold_loss":0.0,"damage_taken":7.0},{"damage_healed":0,"gold_gain":0,"player_choice":"Opened","damage_taken":0,"relics_obtained":["MawBank"],"max_hp_gain":0,"max_hp_loss":0,"event_name":"The Mausoleum","floor":19,"gold_loss":0,"cards_obtained":["Writhe"]},{"damage_healed":0,"gold_gain":0,"player_choice":"Inject Mutagens","damage_taken":0,"relics_obtained":["MutagenicStrength"],"max_hp_gain":0,"max_hp_loss":0,"event_name":"Drug Dealer","floor":21,"gold_loss":0}],"is_beta":true,"boss_relics":[{"not_picked":["Runic Dome","Snecko Eye"],"picked":"White Beast Statue"}],"items_purged_floors":[2,22],"is_endless":false,"potions_floor_spawned":[1,4,8,11,13,16,18],"killed_by":"Slavers","ascension_level":19}