{"gold_per_floor":[109,13,13,26,40,40,40,40,40,57,57,57,86,99,99,173,173,189,189,203,20,20,52,52,52],"floor_reached":25,"playtime":744,"items_purged":["Strike_G"],"score":438,"play_id":"2d571bd3-29d4-40b9-8877-593161249239","local_time":"20190201194253","is_ascension_mode":true,"campfire_choices":[{"data":"Neutralize","floor":6.0,"key":"SMITH"},{"data":"Poisoned Stab","floor":8.0,"key":"SMITH"},{"data":"Catalyst","floor":12.0,"key":"SMITH"},{"floor":15.0,"key":"REST"},{"floor":24.0,"key":"REST"}],"neow_cost":"NONE","seed_source_timestamp":0,"circlet_count":0,"master_deck":["AscendersBane","Defend_G","Defend_G","Defend_G","Strike_G","Survivor","Neutralize+1","Poisoned Stab+1","Footwork+1","Bane","Catalyst+1","Corpse Explosion","Burst","After Image+1","Footwork+1","Well Laid Plans","Reflex","Prepared","Backflip"],"special_seed":0,"relics":["Ring of the Snake","NeowsBlessing","Question Card","Bottled Flame","Ninja Scroll","Vajra","Astrolabe","Snake Skull"],"potions_floor_usage":[25],"damage_taken":[{"damage":0.0,"enemies":"Cultist","floor":1.0,"turns":1.0},{"damage":0.0,"enemies":"Small Slimes","floor":4.0,"turns":1.0},{"damage":0.0,"enemies":"Jaw Worm","floor":5.0,"turns":1.0},{"damage":0.0,"enemies":"Blue Slaver","floor":10.0,"turns":4.0},{"damage":36.0,"enemies":"Gremlin Nob","floor":13.0,"turns":4.0},{"damage":0.0,"enemies":"Gremlin Gang","floor":14.0,"turns":1.0},{"damage":34.0,"enemies":"The Guardian","floor":16.0,"turns":10.0},{"damage":45.0,"enemies":"Chosen","floor":18.0,"turns":8.0},{"damage":14.0,"enemies":"3 Byrds","floor":20.0,"turns":4.0},{"damage":57.0,"enemies":"Book of Stabbing","floor":23.0,"turns":6.0},{"damage":39,"enemies":"Snecko","floor":25,"turns":7}],"seed_played":"4822684394839602417","potions_obtained":[{"floor":5.0,"key":"Regen Potion"},{"floor":16.0,"key":"SpeedPotion"},{"floor":23.0,"key":"AttackPotion"}],"is_trial":false,"path_per_floor":["M","?","$","M","M","R","?","R","T","M","?","R","E","M","R","B",null,"M","?","M","$","?","E","R","M"],"character_chosen":"THE_SILENT","items_purchased":["FairyPotion"],"campfire_rested":2,"item_purchase_floors":[21],"current_hp_per_floor":[59,59,59,59,59,59,59,59,59,59,48,48,12,12,31,12,53,8,66,52,52,52,1,20,0],"gold":52,"neow_bonus":"THREE_ENEMY_KILL","is_prod":false,"is_daily":false,"chose_seed":false,"campfire_upgraded":3,"win_rate":0,"timestamp":1549046573,"path_taken":["M","?","?","?","M","R","?","R","T","M","?","R","E","M","R","BOSS","M","?","?","$","?","E","R","M"],"build_version":"2019-01-23","purchased_purges":1,"victory":false,"max_hp_per_floor":[66,66,66,66,66,66,66,66,66,66,66,66,66,66,66,66,66,66,66,66,66,66,66,66,66],"card_choices":[{"not_picked":["Riddle With Holes","Flying Knee"],"picked":"Poisoned Stab","floor":1.0},{"not_picked":["PiercingWail","Infinite Blades","Acrobatics"],"picked":"Footwork","floor":4.0},{"not_picked":["Masterful Stab","Choke","Dodge and Roll"],"picked":"Bane","floor":5.0},{"not_picked":["Storm of Steel","Concentrate","Prepared"],"picked":"Catalyst","floor":10.0},{"not_picked":["All Out Attack","Dagger Throw","Sucker Punch"],"picked":"Corpse Explosion","floor":13.0},{"not_picked":["Tactician","Dagger Throw","Dodge and Roll","Blade Dance"],"picked":"SKIP","floor":14.0},{"not_picked":["Die Die Die","Glass Knife","Corpse Explosion"],"picked":"Burst","floor":16.0},{"not_picked":["Slice","Dagger Spray","Flying Knee"],"picked":"Well Laid Plans","floor":18.0},{"not_picked":["Finisher","Bane","Skewer","Acrobatics"],"picked":"SKIP","floor":20.0},{"not_picked":["After Image","Slice+1","Reflex"],"picked":"Backflip","floor":23.0}],"player_experience":1112866,"relics_obtained":[{"floor":9.0,"key":"Bottled Flame"},{"floor":13.0,"key":"Vajra"},{"floor":23.0,"key":"Snake Skull"}],"event_choices":[{"damage_healed":0.0,"max_hp_gain":0.0,"max_hp_loss":0.0,"gold_gain":0.0,"event_name":"WeMeetAgain","player_choice":"Paid Gold","floor":2.0,"gold_loss":96.0,"damage_taken":0.0,"relics_obtained":["Question Card"]},{"damage_healed":0.0,"max_hp_gain":0.0,"max_hp_loss":0.0,"gold_gain":0.0,"event_name":"Living Wall","player_choice":"Grow","floor":7.0,"gold_loss":0.0,"damage_taken":0.0,"cards_upgraded":["Footwork"]},{"damage_healed":0.0,"max_hp_gain":0.0,"max_hp_loss":0.0,"gold_gain":0.0,"event_name":"Scrap Ooze","player_choice":"Success","floor":11.0,"gold_loss":0.0,"damage_taken":11.0,"relics_obtained":["Ninja Scroll"]},{"cards_removed":["Eviscerate"],"damage_healed":58.0,"max_hp_gain":0.0,"max_hp_loss":0.0,"gold_gain":0.0,"event_name":"Bonfire Elementals","player_choice":"Offered Uncommon","floor":19.0,"gold_loss":0.0,"damage_taken":0.0},{"damage_healed":0.0,"max_hp_gain":0.0,"max_hp_loss":0.0,"gold_gain":0.0,"cards_transformed":["Strike_G","Strike_G"],"event_name":"Drug Dealer","player_choice":"Became Test Subject","floor":22.0,"gold_loss":0.0,"damage_taken":0.0,"cards_obtained":["Reflex","Prepared"]}],"is_beta":true,"boss_relics":[{"not_picked":["Lizard Tail","Black Star"],"picked":"Astrolabe"}],"items_purged_floors":[21],"is_endless":false,"potions_floor_spawned":[5,16,23],"killed_by":"Snecko","ascension_level":20}