{"gold_per_floor":[115,190,210,43,43,72,72,72,151,169,169,197,211,236,236,308,308,325,297,307,307,0,0],"floor_reached":23,"playtime":643,"items_purged":["Defend_R"],"score":468,"play_id":"e926e16a-2d8b-4401-8bd3-57f8a4a25542","local_time":"20190412000608","is_ascension_mode":true,"campfire_choices":[{"data":"Bash","floor":7,"key":"SMITH"},{"data":"Rampage","floor":11,"key":"SMITH"},{"floor":15,"key":"REST"}],"neow_cost":"NONE","seed_source_timestamp":125038926047200,"circlet_count":0,"master_deck":["AscendersBane","Strike_R","Strike_R","Strike_R","Defend_R+1","Defend_R","Bash+1","Shrug It Off+1","Rampage+1","True Grit","Feed","Clash+1","Iron Wave+1","Shockwave+1","Shrug It Off","Inflame"],"relics":["Burning Blood","NeowsBlessing","Charon\u0027s Ashes","War Paint","Anchor","Paper Frog","Astrolabe"],"potions_floor_usage":[14,16,20],"damage_taken":[{"damage":0,"enemies":"Jaw Worm","floor":1,"turns":1},{"damage":0,"enemies":"Cultist","floor":3,"turns":1},{"damage":0,"enemies":"Gremlin Nob","floor":6,"turns":1},{"damage":7,"enemies":"Small Slimes","floor":10,"turns":3},{"damage":40,"enemies":"3 Sentries","floor":12,"turns":8},{"damage":6,"enemies":"3 Louse","floor":13,"turns":5},{"damage":25,"enemies":"Gremlin Nob","floor":14,"turns":4},{"damage":41,"enemies":"Hexaghost","floor":16,"turns":9},{"damage":36,"enemies":"Spheric Guardian","floor":18,"turns":5},{"damage":0,"enemies":"2 Thieves","floor":19,"turns":4},{"damage":34,"enemies":"Shelled Parasite and Fungi","floor":20,"turns":5},{"damage":23,"enemies":"Gremlin Leader","floor":23,"turns":5}],"seed_played":"-6733045980811859500","potions_obtained":[{"floor":10,"key":"Energy Potion"},{"floor":12,"key":"AttackPotion"},{"floor":19,"key":"SteroidPotion"}],"is_trial":false,"path_per_floor":["M","?","M","$","?","E","R","T","T","M","R","E","M","E","R","B",null,"M","M","M","?","?","E"],"character_chosen":"IRONCLAD","items_purchased":["Shrug It Off","Rampage"],"campfire_rested":1,"item_purchase_floors":[4,4],"current_hp_per_floor":[74,63,69,69,69,75,75,75,75,74,74,40,40,21,43,8,58,28,37,12,28,28,5],"gold":0,"neow_bonus":"THREE_ENEMY_KILL","is_prod":false,"is_daily":false,"chose_seed":false,"campfire_upgraded":2,"win_rate":0,"timestamp":1555020368,"path_taken":["M","?","M","?","?","E","R","?","T","M","R","E","?","E","R","BOSS","M","?","M","?","?","E"],"build_version":"2019-04-04","purchased_purges":1,"victory":false,"max_hp_per_floor":[75,75,75,75,75,75,75,75,75,75,75,75,75,75,75,75,75,75,78,81,81,81,81],"card_choices":[{"not_picked":["Iron Wave","Carnage","True Grit"],"picked":"SKIP","floor":1},{"not_picked":["Headbutt","Pommel Strike","Hemokinesis"],"picked":"SKIP","floor":3},{"not_picked":["Brutality","Reckless Charge","Body Slam"],"picked":"SKIP","floor":6},{"not_picked":["Warcry","Seeing Red","Havoc"],"picked":"SKIP","floor":10},{"not_picked":["Armaments","Body Slam","Wild Strike"],"picked":"SKIP","floor":12},{"not_picked":["Flex","Cleave","True Grit"],"picked":"SKIP","floor":13},{"not_picked":["Flex","Cleave"],"picked":"True Grit","floor":13},{"not_picked":["Body Slam","True Grit","Brutality"],"picked":"SKIP","floor":14},{"not_picked":["Reaper","Barricade"],"picked":"Feed","floor":16},{"not_picked":["Seeing Red","Heavy Blade","Wild Strike"],"picked":"SKIP","floor":18},{"not_picked":["Heavy Blade","Disarm"],"picked":"Shrug It Off","floor":19},{"not_picked":["Pommel Strike","Twin Strike"],"picked":"Inflame","floor":20}],"player_experience":1361009,"relics_obtained":[{"floor":6,"key":"Charon\u0027s Ashes"},{"floor":8,"key":"War Paint"},{"floor":12,"key":"Anchor"},{"floor":14,"key":"Paper Frog"}],"event_choices":[{"damage_healed":0,"gold_gain":75,"player_choice":"Gather Gold","damage_taken":11,"max_hp_gain":0,"max_hp_loss":0,"event_name":"World of Goop","floor":2,"gold_loss":0},{"damage_healed":0,"gold_gain":0,"player_choice":"Leave","damage_taken":0,"max_hp_gain":0,"max_hp_loss":0,"event_name":"The Cleric","floor":5,"gold_loss":0},{"damage_healed":16,"gold_gain":0,"player_choice":"Heal","damage_taken":0,"max_hp_gain":0,"max_hp_loss":0,"event_name":"The Library","floor":21,"gold_loss":0},{"damage_healed":0,"gold_gain":0,"player_choice":"Paid Fearfully","damage_taken":0,"max_hp_gain":0,"max_hp_loss":0,"event_name":"Masked Bandits","floor":22,"gold_loss":307}],"is_beta":true,"boss_relics":[{"not_picked":["Lizard Tail","Tiny House"],"picked":"Astrolabe"}],"items_purged_floors":[4],"is_endless":false,"potions_floor_spawned":[10,12,13,19],"killed_by":"Gremlin Leader","ascension_level":20}