{"gold_per_floor":[113,113,57,57,57,82,82,111,111,126,146,164,189,205,205,279,279,296,296,314,324,16,16],"floor_reached":23,"playtime":611,"items_purged":["Strike_R"],"score":522,"play_id":"096bb026-85f4-4158-9b6f-662ceddb33b6","local_time":"20190328214922","is_ascension_mode":true,"campfire_choices":[{"data":"Bash","floor":7.0,"key":"SMITH"},{"data":"Demon Form","floor":15.0,"key":"SMITH"}],"neow_cost":"NONE","seed_source_timestamp":0,"circlet_count":0,"master_deck":["AscendersBane","Strike_R","Strike_R","Strike_R","Strike_R","Defend_R","Defend_R","Defend_R","Bash+1","Shrug It Off","Demon Form+1","Sword Boomerang","Twin Strike","Heavy Blade","Immolate","Shrug It Off"],"special_seed":0,"relics":["Burning Blood","NeowsBlessing","Dead Branch","Bag of Marbles","Sundial","Singing Bowl","Pear","Black Star","Enchiridion","Membership Card"],"potions_floor_usage":[18,20,20,21,23,23],"damage_taken":[{"damage":0.0,"enemies":"2 Louse","floor":1.0,"turns":1.0},{"damage":0.0,"enemies":"Gremlin Nob","floor":6.0,"turns":1.0},{"damage":0.0,"enemies":"Lagavulin","floor":8.0,"turns":1.0},{"damage":4.0,"enemies":"Jaw Worm","floor":10.0,"turns":2.0},{"damage":1.0,"enemies":"Cultist","floor":11.0,"turns":3.0},{"damage":19.0,"enemies":"Gremlin Gang","floor":12.0,"turns":6.0},{"damage":28.0,"enemies":"Gremlin Nob","floor":13.0,"turns":4.0},{"damage":11.0,"enemies":"Blue Slaver","floor":14.0,"turns":4.0},{"damage":15.0,"enemies":"The Guardian","floor":16.0,"turns":6.0},{"damage":36,"enemies":"2 Thieves","floor":18,"turns":5},{"damage":21,"enemies":"3 Byrds","floor":20,"turns":8},{"damage":27,"enemies":"Snake Plant","floor":21,"turns":4},{"damage":10,"enemies":"Slavers","floor":23,"turns":1}],"seed_played":"-3654239117554638542","potions_obtained":[{"floor":1.0,"key":"Swift Potion"},{"floor":8.0,"key":"EssenceOfSteel"},{"floor":13.0,"key":"Fire Potion"},{"floor":16.0,"key":"Poison Potion"},{"floor":18,"key":"Regen Potion"},{"floor":20,"key":"Weak Potion"}],"is_trial":false,"path_per_floor":["M","?","$","?","?","E","R","E","T","M","M","M","E","M","R","B",null,"M","?","M","M","$","E"],"character_chosen":"IRONCLAD","items_purchased":["Shrug It Off","Membership Card","Block Potion","Block Potion"],"campfire_rested":0,"item_purchase_floors":[3,22,22,22],"current_hp_per_floor":[74,67,67,67,67,73,73,75,75,75,75,64,52,49,49,40,77,49,28,30,9,9,0],"gold":16,"neow_bonus":"THREE_ENEMY_KILL","is_prod":false,"is_daily":false,"chose_seed":false,"campfire_upgraded":2,"win_rate":0,"timestamp":1553806162,"path_taken":["M","?","$","?","?","E","R","E","T","M","M","?","E","?","R","BOSS","M","?","M","M","$","E"],"build_version":"2019-03-15","purchased_purges":1,"victory":false,"max_hp_per_floor":[75,75,75,75,75,75,75,75,75,75,75,77,87,89,89,89,89,91,91,93,93,93,93],"card_choices":[{"not_picked":["Dropkick","Rupture","Body Slam"],"picked":"SKIP","floor":1.0},{"not_picked":["Sentinel","Wild Strike"],"picked":"Demon Form","floor":6.0},{"not_picked":["Armaments","Second Wind","Flex"],"picked":"SKIP","floor":8.0},{"not_picked":["Combust","Armaments"],"picked":"Sword Boomerang","floor":10.0},{"not_picked":["Dropkick","Rupture"],"picked":"Twin Strike","floor":11.0},{"not_picked":["Iron Wave","Spot Weakness","Reaper"],"picked":"Singing Bowl","floor":12.0},{"not_picked":["Entrench","Body Slam"],"picked":"Heavy Blade","floor":13.0},{"not_picked":["Metallicize","True Grit","Disarm"],"picked":"Singing Bowl","floor":14.0},{"not_picked":["Berserk","Dark Embrace"],"picked":"Immolate","floor":16.0},{"not_picked":["Perfected Strike","Wild Strike","Anger"],"picked":"Singing Bowl","floor":18},{"not_picked":["Sword Boomerang","Perfected Strike","Headbutt+1"],"picked":"Singing Bowl","floor":20},{"not_picked":["Reckless Charge+1","Body Slam"],"picked":"Shrug It Off","floor":21}],"player_experience":1295442,"relics_obtained":[{"floor":6.0,"key":"Bag of Marbles"},{"floor":8.0,"key":"Sundial"},{"floor":9.0,"key":"Singing Bowl"},{"floor":13.0,"key":"Pear"},{"floor":19,"key":"Enchiridion"}],"event_choices":[{"cards_removed":["Defend_R"],"damage_healed":0.0,"max_hp_gain":0.0,"max_hp_loss":0.0,"gold_gain":0.0,"event_name":"Golden Wing","player_choice":"Card Removal","floor":2.0,"gold_loss":0.0,"damage_taken":7.0},{"damage_healed":0.0,"max_hp_gain":0.0,"max_hp_loss":0.0,"gold_gain":0.0,"event_name":"Big Fish","player_choice":"Box","floor":4.0,"gold_loss":0.0,"damage_taken":0.0,"relics_obtained":["Dead Branch"],"cards_obtained":["Regret"]},{"cards_removed":["Regret"],"damage_healed":0.0,"max_hp_gain":0.0,"max_hp_loss":0.0,"gold_gain":0.0,"event_name":"Fountain of Cleansing","player_choice":"Removed Curses","floor":5.0,"gold_loss":0.0,"damage_taken":0.0},{"damage_healed":0,"gold_gain":0,"player_choice":"Obtained Book","damage_taken":21,"max_hp_gain":0,"max_hp_loss":0,"event_name":"Cursed Tome","floor":19,"gold_loss":0}],"is_beta":true,"boss_relics":[{"not_picked":["Velvet Choker","Runic Dome"],"picked":"Black Star"}],"items_purged_floors":[22],"is_endless":false,"potions_floor_spawned":[1,8,13,16,18,20],"killed_by":"Slavers","ascension_level":20}