{"path_per_floor":["M","M","$","M","M","R","?","?","T","E","M","?","R"],"character_chosen":"IRONCLAD","items_purchased":["Frozen Egg 2","Searing Blow"],"gold_per_floor":[363,375,53,69,79,79,79,99,99,132,142,142,142,142],"floor_reached":14,"campfire_rested":0,"playtime":427,"item_purchase_floors":[3,3],"current_hp_per_floor":[72,72,72,72,69,69,69,56,56,49,36,17,17,0],"items_purged":[],"gold":142,"score":99,"play_id":"4bb341a9-906d-4a00-85d4-52c841f9f7e6","local_time":"20180624235019","is_prod":false,"is_daily":false,"chose_seed":false,"is_ascension_mode":true,"campfire_upgraded":2,"win_rate":0,"timestamp":1529909419,"campfire_choices":[{"data":"Searing Blow","floor":6,"key":"SMITH"},{"data":"Searing Blow+1","floor":13,"key":"SMITH"}],"path_taken":["M","M","$","?","M","R","?","?","T","E","M","?","R","M"],"build_version":"2018-06-11","seed_source_timestamp":271458169909518,"purchased_purges":0,"victory":false,"master_deck":["Strike_R","Strike_R","Strike_R","Strike_R","Strike_R","Defend_R","Defend_R","Defend_R","Defend_R","Bash","Iron Wave","Rampage","Searing Blow+2","Shrug It Off","Battle Trance","Ghostly Armor","Clothesline"],"max_hp_per_floor":[72,72,72,72,72,72,72,77,77,77,77,77,77,77],"special_seed":0,"relics":["Burning Blood","Frozen Egg 2","Odd Mushroom","Ornamental Fan","Smiling Mask","Golden Idol"],"card_choices":[{"not_picked":["Clash","Second Wind"],"picked":"Iron Wave","floor":1},{"not_picked":["Entrench","Pommel Strike"],"picked":"Rampage","floor":2},{"not_picked":["Anger","Wild Strike"],"picked":"Shrug It Off","floor":4},{"not_picked":["Heavy Blade","Armaments"],"picked":"Battle Trance","floor":5},{"not_picked":["Infernal Blade","Battle Trance"],"picked":"Ghostly Armor","floor":8},{"not_picked":["Ghostly Armor","Wild Strike"],"picked":"Clothesline","floor":10},{"not_picked":["Dropkick","Warcry","Sever Soul"],"picked":"SKIP","floor":11}],"player_experience":159282,"potions_floor_usage":[8,10,11,14],"damage_taken":[{"damage":5,"enemies":"Cultist","floor":1,"turns":5},{"damage":4,"enemies":"Jaw Worm","floor":2,"turns":3},{"damage":4,"enemies":"Small Slimes","floor":4,"turns":3},{"damage":9,"enemies":"Blue Slaver","floor":5,"turns":4},{"damage":24,"floor":8,"turns":4},{"damage":13,"enemies":"Lagavulin","floor":10,"turns":6},{"damage":19,"enemies":"Exordium Thugs","floor":11,"turns":6},{"damage":22,"enemies":"Gremlin Gang","floor":14,"turns":3}],"relics_obtained":[{"floor":8,"key":"Odd Mushroom"},{"floor":9,"key":"Ornamental Fan"},{"floor":10,"key":"Smiling Mask"}],"event_choices":[{"event_name":"The Lab","player_choice":"Got Potions","floor":7,"damage_taken":0},{"event_name":"Mushrooms","player_choice":"Fought Mushrooms","floor":8,"damage_taken":0},{"event_name":"Golden Idol","player_choice":"Take Damage","floor":12,"damage_taken":0}],"boss_relics":[],"items_purged_floors":[],"potions_floor_spawned":[4,5,8],"seed_played":"-4584355206655949532","killed_by":"Gremlin Gang","ascension_level":2,"potions_obtained":[{"floor":4,"key":"FearPotion"},{"floor":5,"key":"SkillPotion"},{"floor":7,"key":"Weak Potion"},{"floor":7,"key":"Fruit Juice"},{"floor":8,"key":"Weak Potion"}],"is_trial":false}