{"gold_per_floor":[118,130,51,51,126,126,126,126,205,234,234,267,277,109,109,188,188,205,215,215,231,62,62,74,74,74,74],"floor_reached":27,"playtime":735,"items_purged":[],"score":438,"play_id":"c7808965-7c44-4bca-b5a6-3bf687458956","local_time":"20190320233703","is_ascension_mode":true,"campfire_choices":[{"floor":6.0,"key":"REST"},{"floor":8.0,"key":"REST"},{"data":"Uppercut","floor":11.0,"key":"SMITH"},{"floor":15.0,"key":"REST"},{"floor":23,"key":"REST"},{"floor":25,"key":"REST"}],"neow_cost":"PERCENT_DAMAGE","seed_source_timestamp":0,"circlet_count":0,"master_deck":["AscendersBane","Strike_R","Strike_R","Strike_R","Strike_R+1","Defend_R","Defend_R","Defend_R","Bash","Demon Form","Shrug It Off","Cleave+1","Uppercut+1","Barricade","Shrug It Off","Pummel","Shrug It Off","Flame Barrier","Limit Break","Twin Strike","Dropkick"],"special_seed":0,"relics":["Burning Blood","Matryoshka","Kunai","Strawberry","Lizard Tail","Dodecahedron","Molten Egg 2"],"potions_floor_usage":[16,19,24,27,27],"damage_taken":[{"damage":1.0,"enemies":"Cultist","floor":1.0,"turns":3.0},{"damage":14.0,"enemies":"Jaw Worm","floor":2.0,"turns":5.0},{"damage":26.0,"enemies":"Gremlin Nob","floor":10.0,"turns":4.0},{"damage":25.0,"enemies":"Lagavulin","floor":12.0,"turns":6.0},{"damage":10.0,"enemies":"Small Slimes","floor":13.0,"turns":3.0},{"damage":28,"enemies":"The Guardian","floor":16,"turns":10},{"damage":36,"enemies":"2 Thieves","floor":18,"turns":5},{"damage":8,"enemies":"3 Byrds","floor":19,"turns":3},{"damage":49,"enemies":"Cultist and Chosen","floor":21,"turns":6},{"damage":21,"enemies":"Snake Plant","floor":24,"turns":5},{"damage":69,"enemies":"Gremlin Leader","floor":27,"turns":4}],"seed_played":"6127682098052840206","potions_obtained":[{"floor":2.0,"key":"LiquidBronze"},{"floor":10.0,"key":"GamblersBrew"},{"floor":18,"key":"Dexterity Potion"},{"floor":21,"key":"SneckoOil"},{"floor":24,"key":"EssenceOfSteel"}],"is_trial":false,"path_per_floor":["M","M","$","?","?","R","?","R","T","E","R","E","M","$","R","B",null,"M","M","?","M","$","R","M","R","T","E"],"character_chosen":"IRONCLAD","items_purchased":["Uppercut","Pummel","Shrug It Off","Flame Barrier","Regen Potion","Dropkick"],"campfire_rested":5,"item_purchase_floors":[3,14,14,14,22,22],"current_hp_per_floor":[55,47,47,24,13,35,35,57,57,37,37,25,21,21,45,23,67,37,35,11,17,17,43,42,68,68,0],"gold":74,"neow_bonus":"TRANSFORM_TWO_CARDS","is_prod":false,"is_daily":false,"chose_seed":false,"campfire_upgraded":1,"win_rate":0,"timestamp":1553121423,"path_taken":["M","M","$","?","?","R","?","R","T","E","R","E","?","$","R","BOSS","M","M","?","M","$","R","M","R","T","E"],"build_version":"2019-03-15","purchased_purges":0,"victory":false,"max_hp_per_floor":[75,75,75,75,75,75,75,75,75,75,75,82,82,82,82,82,82,82,82,87,87,87,87,87,87,87,87],"card_choices":[{"not_picked":["Clothesline","Corruption"],"picked":"Shrug It Off","floor":1.0},{"not_picked":["Cleave","Anger","Flex"],"picked":"SKIP","floor":2.0},{"not_picked":["Anger","Flex"],"picked":"Cleave","floor":2.0},{"not_picked":["Corruption","Sever Soul","Exhume"],"picked":"SKIP","floor":10.0},{"not_picked":["Clash","Perfected Strike","Reckless Charge"],"picked":"SKIP","floor":12.0},{"not_picked":["Clash","Twin Strike"],"picked":"Shrug It Off","floor":13.0},{"not_picked":["Impervious","Feed"],"picked":"Limit Break","floor":16},{"not_picked":["Flame Barrier","Dual Wield","Uppercut"],"picked":"SKIP","floor":18},{"not_picked":["True Grit","Iron Wave"],"picked":"Twin Strike","floor":19},{"not_picked":["Combust","Disarm","True Grit+1"],"picked":"SKIP","floor":21},{"not_picked":["True Grit","Pummel","Cleave"],"picked":"SKIP","floor":24}],"player_experience":1268847,"relics_obtained":[{"floor":9.0,"key":"Matryoshka"},{"floor":10.0,"key":"Kunai"},{"floor":12.0,"key":"Strawberry"},{"floor":26,"key":"Dodecahedron"},{"floor":26,"key":"Molten Egg 2"}],"event_choices":[{"damage_healed":0.0,"max_hp_gain":0.0,"max_hp_loss":0.0,"gold_gain":0.0,"event_name":"Shining Light","player_choice":"Entered Light","floor":4.0,"gold_loss":0.0,"damage_taken":23.0,"cards_upgraded":["Cleave","Strike_R"]},{"damage_healed":0.0,"max_hp_gain":0.0,"max_hp_loss":0.0,"gold_gain":75.0,"event_name":"World of Goop","player_choice":"Gather Gold","floor":5.0,"gold_loss":0.0,"damage_taken":11.0},{"damage_healed":0.0,"max_hp_gain":0.0,"max_hp_loss":0.0,"gold_gain":0.0,"cards_transformed":["Sentinel"],"event_name":"Transmorgrifier","player_choice":"Transformed","floor":7.0,"gold_loss":0.0,"damage_taken":0.0,"cards_obtained":["Barricade"]},{"damage_healed":0,"gold_gain":0,"player_choice":"Shed Blood","damage_taken":29,"max_hp_gain":5,"max_hp_loss":0,"event_name":"Forgotten Altar","floor":20,"gold_loss":0}],"is_beta":true,"boss_relics":[{"not_picked":["Eternal Feather","White Beast Statue"],"picked":"Lizard Tail"}],"items_purged_floors":[],"is_endless":false,"potions_floor_spawned":[2,10,18,21,24],"killed_by":"Gremlin Leader","ascension_level":20}