{"gold_per_floor":[360,435,62,128,147,178,178,178,229,194,194,194,194,220,220,295,295,311,330,345,270,320,320,346,364,364,364,383,393,428,482,482,482],"floor_reached":33,"playtime":1112,"items_purged":[],"score":632,"play_id":"d4ff9ccf-7a57-491e-a1fa-7ffe0c7a954e","local_time":"20190131230328","is_ascension_mode":true,"campfire_choices":[{"floor":8.0,"key":"REST"},{"data":"Neutralize","floor":11.0,"key":"SMITH"},{"data":"Poisoned Stab","floor":13.0,"key":"SMITH"},{"data":"Dash","floor":15.0,"key":"SMITH"},{"floor":23,"key":"REST"},{"floor":27,"key":"REST"},{"floor":32,"key":"REST"}],"neow_cost":"CURSE","seed_source_timestamp":0,"circlet_count":0,"master_deck":["AscendersBane","Defend_G","Defend_G","Defend_G","Defend_G","Strike_G","Strike_G","Strike_G","Strike_G","Strike_G+1","Survivor","Neutralize+1","Poisoned Stab+1","Dash+1","All Out Attack","Backflip","Backstab+1","After Image","Dagger Spray","Adrenaline","Cloak And Dagger","Backflip+1","Blur"],"special_seed":0,"relics":["Ring of the Snake","Mercury Hourglass","Mummified Hand","Shuriken","Strawberry","Orichalcum","Sozu","Bag of Preparation","Whetstone","Boot","Tiny Chest"],"potions_floor_usage":[30,33],"damage_taken":[{"damage":0.0,"enemies":"2 Louse","floor":1.0,"turns":4.0},{"damage":7.0,"enemies":"Jaw Worm","floor":5.0,"turns":4.0},{"damage":30.0,"enemies":"Gremlin Nob","floor":6.0,"turns":4.0},{"damage":0.0,"enemies":"3 Sentries","floor":14.0,"turns":6.0},{"damage":36.0,"enemies":"The Guardian","floor":16.0,"turns":15.0},{"damage":0.0,"enemies":"Chosen","floor":18.0,"turns":4.0},{"damage":2.0,"enemies":"3 Byrds","floor":19.0,"turns":3.0},{"damage":11.0,"enemies":"Snake Plant","floor":20.0,"turns":4.0},{"damage":13,"enemies":"Gremlin Leader","floor":24,"turns":7},{"damage":16,"enemies":"Cultist and Chosen","floor":25,"turns":5},{"damage":0,"enemies":"Centurion and Healer","floor":28,"turns":5},{"damage":8,"enemies":"Snake Plant","floor":29,"turns":4},{"damage":17,"enemies":"Slavers","floor":30,"turns":4},{"damage":66,"enemies":"Collector","floor":33,"turns":8}],"seed_played":"-3177992070483553892","potions_obtained":[{"floor":6.0,"key":"Energy Potion"},{"floor":14.0,"key":"Ancient Potion"}],"is_trial":false,"path_per_floor":["M","?","$","?","M","E","T","R","T","?","R","?","R","E","R","B",null,"M","M","M","?","?","R","E","M","T","R","M","M","E","T","R","B"],"character_chosen":"THE_SILENT","items_purchased":["Mercury Hourglass","Dash"],"campfire_rested":4,"item_purchase_floors":[3,3],"current_hp_per_floor":[59,48,48,48,41,11,11,30,37,55,55,55,55,55,55,19,60,60,58,47,47,47,68,55,39,39,60,60,52,35,35,56,0],"gold":482,"neow_bonus":"TWO_FIFTY_GOLD","is_prod":false,"is_daily":false,"chose_seed":false,"campfire_upgraded":3,"win_rate":0,"timestamp":1548972208,"path_taken":["M","?","$","?","M","E","?","R","T","?","R","?","R","E","R","BOSS","M","?","M","?","?","R","E","M","T","R","M","?","E","?","R","BOSS"],"build_version":"2019-01-23","purchased_purges":0,"victory":false,"max_hp_per_floor":[66,66,66,66,66,66,66,66,73,73,73,73,73,73,73,73,73,73,73,73,73,73,73,73,73,73,73,73,73,73,73,73,73],"card_choices":[{"not_picked":["Accuracy","Blade Dance"],"picked":"Poisoned Stab","floor":1.0},{"not_picked":["Blade Dance","PiercingWail"],"picked":"All Out Attack","floor":5.0},{"not_picked":["Riddle With Holes","Acrobatics","PiercingWail"],"picked":"SKIP","floor":6.0},{"not_picked":["Endless Agony","Underhanded Strike"],"picked":"Backstab","floor":14.0},{"not_picked":["Doppelganger","Venomology"],"picked":"After Image","floor":16.0},{"not_picked":["Flying Knee","Outmaneuver"],"picked":"Dagger Spray","floor":18.0},{"not_picked":["Crippling Poison","Expertise","Acrobatics"],"picked":"SKIP","floor":19.0},{"not_picked":["Quick Slash","Infinite Blades"],"picked":"Adrenaline","floor":20.0},{"not_picked":["Poisoned Stab","Flying Knee","Catalyst"],"picked":"SKIP","floor":24},{"not_picked":["Backflip","Crippling Poison"],"picked":"Cloak And Dagger","floor":25},{"not_picked":["Caltrops+1","Reflex+1","Deflect"],"picked":"SKIP","floor":28},{"not_picked":["Crippling Poison","Slice"],"picked":"Backflip+1","floor":29},{"not_picked":["PiercingWail","Dagger Spray"],"picked":"Blur","floor":30}],"player_experience":1108634,"relics_obtained":[{"floor":6.0,"key":"Mummified Hand"},{"floor":7.0,"key":"Shuriken"},{"floor":9.0,"key":"Strawberry"},{"floor":14.0,"key":"Orichalcum"},{"floor":24,"key":"Bag of Preparation"},{"floor":26,"key":"Whetstone"},{"floor":30,"key":"Boot"},{"floor":31,"key":"Tiny Chest"}],"event_choices":[{"damage_healed":0.0,"max_hp_gain":0.0,"max_hp_loss":0.0,"gold_gain":75.0,"event_name":"World of Goop","player_choice":"Gather Gold","floor":2.0,"gold_loss":0.0,"damage_taken":11.0},{"damage_healed":0.0,"max_hp_gain":0.0,"max_hp_loss":0.0,"gold_gain":66.0,"event_name":"Golden Wing","player_choice":"Gained Gold","floor":4.0,"gold_loss":0.0,"damage_taken":0.0},{"damage_healed":18.0,"max_hp_gain":0.0,"max_hp_loss":0.0,"gold_gain":0.0,"event_name":"The Cleric","player_choice":"Healed","floor":10.0,"gold_loss":35.0,"damage_taken":0.0},{"damage_healed":0.0,"max_hp_gain":0.0,"max_hp_loss":0.0,"gold_gain":0.0,"cards_transformed":["Defend_G"],"event_name":"Transmorgrifier","player_choice":"Transformed","floor":12.0,"gold_loss":0.0,"damage_taken":0.0,"cards_obtained":["Backflip"]},{"cards_removed":["Clumsy"],"damage_healed":0,"gold_gain":0,"player_choice":"Gave Gold","damage_taken":0,"max_hp_gain":0,"max_hp_loss":0,"event_name":"Beggar","floor":21,"gold_loss":75},{"damage_healed":0,"gold_gain":50,"player_choice":"Pray","damage_taken":0,"max_hp_gain":0,"max_hp_loss":0,"event_name":"Golden Shrine","floor":22,"gold_loss":0}],"is_beta":true,"boss_relics":[{"not_picked":["Velvet Choker","Philosopher\u0027s Stone"],"picked":"Sozu"}],"items_purged_floors":[],"is_endless":false,"potions_floor_spawned":[6,14,16,20,25,29],"killed_by":"Collector","ascension_level":20}