{"gold_per_floor":[119,119,119,144,69,110,134,150,177,177,191,191,156,197,197,286,286,304,354,32,32,48,48,69,69,69,113,133,133],"floor_reached":29,"playtime":919,"items_purged":["Defend_R","Corruption"],"score":556,"play_id":"4d8c5448-af18-4ea2-92d5-4d256e04d6a7","local_time":"20190320231329","is_ascension_mode":true,"campfire_choices":[{"data":"Bash","floor":10,"key":"SMITH"},{"data":"Fiend Fire","floor":12,"key":"SMITH"},{"data":"Sword Boomerang","floor":15,"key":"SMITH"},{"data":"Metallicize","floor":23,"key":"SMITH"},{"floor":25,"key":"REST"}],"neow_cost":"NONE","seed_source_timestamp":4823069694100,"circlet_count":0,"master_deck":["AscendersBane","Bash+1","Shrug It Off","Sword Boomerang+1","Fiend Fire+1","Twin Strike","Feed","Rampage","Iron Wave","Intimidate","Metallicize+1","Fire Breathing","Juggernaut","Whirlwind","Limit Break","Shrug It Off","Heavy Blade"],"relics":["Burning Blood","NeowsBlessing","Golden Idol","Orichalcum","Red Skull","Juzu Bracelet","Pandora\u0027s Box","Matryoshka","Self Forming Clay"],"potions_floor_usage":[7,24,27,29],"damage_taken":[{"damage":0,"enemies":"2 Louse","floor":1,"turns":1},{"damage":0,"enemies":"Small Slimes","floor":4,"turns":2},{"damage":0,"enemies":"3 Sentries","floor":6,"turns":1},{"damage":2,"enemies":"Jaw Worm","floor":7,"turns":3},{"damage":26,"enemies":"Large Slime","floor":8,"turns":8},{"damage":7,"enemies":"Blue Slaver","floor":11,"turns":3},{"damage":4,"enemies":"Gremlin Nob","floor":14,"turns":3},{"damage":30,"enemies":"Slime Boss","floor":16,"turns":8},{"damage":18,"enemies":"3 Byrds","floor":18,"turns":5},{"damage":15,"enemies":"Spheric Guardian","floor":22,"turns":4},{"damage":10,"enemies":"Chosen and Byrds","floor":24,"turns":5},{"damage":41,"enemies":"Gremlin Leader","floor":27,"turns":6},{"damage":18,"enemies":"Snake Plant","floor":28,"turns":4},{"damage":24,"enemies":"3 Cultists","floor":29,"turns":4}],"seed_played":"-6811440847014210042","potions_obtained":[{"floor":1,"key":"EssenceOfSteel"},{"floor":6,"key":"Poison Potion"},{"floor":11,"key":"Dexterity Potion"},{"floor":24,"key":"GamblersBrew"},{"floor":27,"key":"PowerPotion"}],"is_trial":false,"path_per_floor":["M","?","$","M","$","E","M","M","T","R","M","R","?","E","R","B",null,"M","?","$","?","M","R","M","R","T","E","M","M"],"character_chosen":"IRONCLAD","items_purchased":["Limit Break","Shrug It Off"],"campfire_rested":1,"item_purchase_floors":[20,20],"current_hp_per_floor":[74,48,48,54,54,60,64,44,44,44,43,43,61,63,63,39,66,57,57,57,57,48,48,44,67,67,32,20,0],"gold":133,"neow_bonus":"THREE_ENEMY_KILL","is_prod":false,"is_daily":false,"chose_seed":false,"campfire_upgraded":4,"win_rate":0,"timestamp":1553120009,"path_taken":["M","?","$","M","$","E","M","M","T","R","M","R","?","E","R","BOSS","M","?","$","?","M","R","M","R","T","E","M","M"],"build_version":"2019-03-15","purchased_purges":2,"victory":false,"max_hp_per_floor":[75,75,75,75,75,75,75,75,75,75,75,75,75,75,75,75,75,78,78,78,78,78,78,78,78,78,78,78,81],"card_choices":[{"not_picked":["Cleave","Burning Pact"],"picked":"Shrug It Off","floor":1},{"not_picked":["Clothesline","Bloodletting","Flex"],"picked":"SKIP","floor":4},{"not_picked":["Exhume","Wild Strike","Fire Breathing"],"picked":"SKIP","floor":6},{"not_picked":["Perfected Strike","Pommel Strike"],"picked":"Sword Boomerang","floor":7},{"not_picked":["Intimidate","Armaments"],"picked":"Fiend Fire","floor":8},{"not_picked":["Headbutt","Pommel Strike","Infernal Blade"],"picked":"SKIP","floor":11},{"not_picked":["Sentinel","Pommel Strike"],"picked":"Twin Strike","floor":14},{"not_picked":["Juggernaut","Impervious"],"picked":"Feed","floor":16},{"not_picked":["Warcry","Whirlwind","True Grit"],"picked":"SKIP","floor":18},{"not_picked":["Twin Strike","Pommel Strike","Flex"],"picked":"SKIP","floor":22},{"not_picked":["Twin Strike","Anger","Shockwave"],"picked":"SKIP","floor":24},{"not_picked":["Twin Strike","Whirlwind","Searing Blow"],"picked":"SKIP","floor":27},{"not_picked":["Clothesline","Thunderclap"],"picked":"Heavy Blade","floor":28}],"player_experience":1267387,"relics_obtained":[{"floor":6,"key":"Orichalcum"},{"floor":9,"key":"Red Skull"},{"floor":14,"key":"Juzu Bracelet"},{"floor":26,"key":"Matryoshka"},{"floor":27,"key":"Self Forming Clay"}],"event_choices":[{"damage_healed":0,"gold_gain":0,"player_choice":"Take Damage","damage_taken":26,"relics_obtained":["Golden Idol"],"max_hp_gain":0,"max_hp_loss":0,"event_name":"Golden Idol","floor":2,"gold_loss":0},{"damage_healed":18,"gold_gain":0,"player_choice":"Healed","damage_taken":0,"max_hp_gain":0,"max_hp_loss":0,"event_name":"The Cleric","floor":13,"gold_loss":35},{"damage_healed":0,"gold_gain":50,"player_choice":"Stole From Cult","damage_taken":0,"max_hp_gain":0,"max_hp_loss":0,"event_name":"Nest","floor":19,"gold_loss":0},{"damage_healed":0,"gold_gain":0,"player_choice":"Ignored","damage_taken":0,"max_hp_gain":0,"max_hp_loss":0,"event_name":"Vampires","floor":21,"gold_loss":0}],"is_beta":true,"boss_relics":[{"not_picked":["Lizard Tail","Orrery"],"picked":"Pandora\u0027s Box"}],"items_purged_floors":[5,20],"is_endless":false,"potions_floor_spawned":[1,6,11,24,27,28],"killed_by":"3 Cultists","ascension_level":20}