{"gold_per_floor":[115,115,68,143,158,158,198,198,198,213,248,279,318,339,339,468,468,487,503,503,503,521,547,646,646,646,665,181,213,224,243,243,342,342,357,357,374,374,374,439,439,471,471,486,486,506,56,69,69,69,69,69,69,97,97],"floor_reached":55,"playtime":1639,"items_purged":["Defend_R+1","Pain"],"score":790,"play_id":"f62dcac3-547b-4215-bdee-9023843cc991","local_time":"20181110150218","is_ascension_mode":false,"campfire_choices":[{"floor":6,"key":"RECALL"},{"data":"Shockwave","floor":8,"key":"SMITH"},{"data":"Flame Barrier","floor":15,"key":"SMITH"},{"data":"Inflame","floor":32,"key":"SMITH"},{"data":"Metallicize","floor":41,"key":"SMITH"},{"data":"Impervious","floor":45,"key":"SMITH"},{"data":"Uppercut","floor":49,"key":"SMITH"},{"data":"Fiend Fire","floor":52,"key":"SMITH"}],"neow_cost":"NONE","seed_source_timestamp":1738361038041300,"circlet_count":0,"master_deck":["Strike_R+1","Strike_R+1","Strike_R+1","Strike_R+1","Strike_R+1","Defend_R+1","Defend_R+1","Defend_R+1","Bash","Metallicize+1","Shrug It Off+1","Uppercut+1","Shockwave+1","Battle Trance+1","Reaper","Flame Barrier+1","Fiend Fire+1","Havoc","Body Slam+1","Pommel Strike+1","Inflame+1","Immolate","Impervious+1","Flash of Steel","Iron Wave+1"],"relics":["Burning Blood","NeowsBlessing","Bloody Idol","Centennial Puzzle","Matryoshka","Torii","Odd Mushroom","Ancient Tea Set","Sozu","PreservedInsect","Enchiridion","Lantern","War Paint","Medical Kit","Question Card","Eternal Feather","WarpedTongs","Tiny Chest","Molten Egg 2","Pear","Paper Frog","Art of War","Strange Spoon","FossilizedHelix"],"potions_floor_usage":[13,14,16],"damage_taken":[{"damage":0,"enemies":"2 Louse","floor":1,"turns":1},{"damage":0,"enemies":"Jaw Worm","floor":5,"turns":1},{"damage":0,"enemies":"Lagavulin","floor":7,"turns":1},{"damage":0,"enemies":"Small Slimes","floor":10,"turns":3},{"damage":19,"enemies":"Gremlin Nob","floor":11,"turns":5},{"damage":21,"enemies":"The Mushroom Lair","floor":12,"turns":5},{"damage":42,"enemies":"3 Sentries","floor":13,"turns":7},{"damage":2,"enemies":"2 Fungi Beasts","floor":14,"turns":5},{"damage":41,"enemies":"Hexaghost","floor":16,"turns":13},{"damage":18,"enemies":"Spheric Guardian","floor":18,"turns":6},{"damage":12,"enemies":"Shell Parasite","floor":19,"turns":6},{"damage":23,"enemies":"Centurion and Healer","floor":22,"turns":6},{"damage":38,"enemies":"Slavers","floor":23,"turns":7},{"damage":0,"enemies":"3 Cultists","floor":27,"turns":4},{"damage":12,"enemies":"Book of Stabbing","floor":29,"turns":4},{"damage":1,"enemies":"Snecko","floor":30,"turns":4},{"damage":17,"enemies":"Centurion and Healer","floor":31,"turns":4},{"damage":57,"enemies":"Automaton","floor":33,"turns":11},{"damage":1,"enemies":"3 Darklings","floor":35,"turns":4},{"damage":14,"enemies":"Orb Walker","floor":37,"turns":3},{"damage":4,"enemies":"Nemesis","floor":40,"turns":7},{"damage":11,"enemies":"Giant Head","floor":42,"turns":7},{"damage":23,"enemies":"Writhing Mass","floor":44,"turns":3},{"damage":2,"enemies":"Spire Growth","floor":46,"turns":3},{"damage":7,"enemies":"Sphere and 2 Shapes","floor":48,"turns":4},{"damage":56,"enemies":"Time Eater","floor":50,"turns":10},{"damage":29,"enemies":"Shield and Spear","floor":54,"turns":6},{"damage":100,"enemies":"The Heart","floor":55,"turns":9}],"seed_played":"1440684396949963786","potions_obtained":[{"floor":1,"key":"SkillPotion"},{"floor":10,"key":"PowerPotion"},{"floor":13,"key":"Regen Potion"}],"is_trial":false,"path_per_floor":["M","?","$","?","M","R","E","R","T","M","E","?","E","M","R","B",null,"M","M","?","?","M","E","?","?","T","M","$","E","M","M","R","B",null,"M","?","M","?","?","E","R","E","T","M","R","M","$","M","R","B",null,"R","$","E","B"],"character_chosen":"IRONCLAD","items_purchased":["Shrug It Off","War Paint","Medical Kit","Inflame","Art of War","Strange Spoon"],"campfire_rested":0,"item_purchase_floors":[3,28,28,28,47,47],"current_hp_per_floor":[80,60,60,49,55,55,61,61,61,67,54,39,21,47,47,18,80,68,62,62,62,60,45,50,34,34,69,69,72,80,74,74,34,80,80,80,80,80,80,80,80,80,90,78,90,90,90,90,90,54,90,90,90,72,0],"gold":97,"neow_bonus":"THREE_ENEMY_KILL","is_prod":false,"is_daily":false,"chose_seed":false,"campfire_upgraded":7,"win_rate":0,"timestamp":1541858538,"path_taken":["M","?","$","?","?","R","E","R","T","M","E","?","E","M","R","BOSS","M","M","?","?","M","E","?","?","T","M","?","E","?","M","R","BOSS","M","?","?","?","?","E","R","E","T","M","R","M","$","M","R","BOSS","R","$","E","BOSS"],"build_version":"2018-11-08","purchased_purges":2,"victory":false,"max_hp_per_floor":[80,80,80,80,80,80,80,80,80,80,80,80,80,80,80,80,80,80,80,80,80,80,80,80,80,80,80,80,80,80,80,80,80,80,80,80,80,80,80,80,80,80,90,90,90,90,90,90,90,90,90,90,90,90,90],"card_choices":[{"not_picked":["Flex","Clothesline"],"picked":"Metallicize","floor":1},{"not_picked":["Anger","Rupture"],"picked":"Uppercut","floor":5},{"not_picked":["Intimidate","Warcry"],"picked":"Shockwave","floor":7},{"not_picked":["Combust","Heavy Blade","Clothesline"],"picked":"SKIP","floor":10},{"not_picked":["Ghostly Armor","Corruption"],"picked":"Battle Trance","floor":11},{"not_picked":["Sword Boomerang","Body Slam"],"picked":"Reaper","floor":12},{"not_picked":["Flex","Sentinel","Heavy Blade"],"picked":"SKIP","floor":13},{"not_picked":["Twin Strike","Clash"],"picked":"Flame Barrier","floor":14},{"not_picked":["Feed","Barricade"],"picked":"Fiend Fire","floor":16},{"not_picked":["Power Through","Sword Boomerang","Wild Strike"],"picked":"SKIP","floor":18},{"not_picked":["Dual Wield","Second Wind+1","Anger"],"picked":"SKIP","floor":19},{"not_picked":["Fire Breathing","Sword Boomerang"],"picked":"Havoc","floor":22},{"not_picked":["Clash+1","Carnage"],"picked":"Body Slam+1","floor":23},{"not_picked":["Body Slam","True Grit"],"picked":"Pommel Strike+1","floor":27},{"not_picked":["Armaments","Sword Boomerang"],"picked":"Immolate","floor":29},{"not_picked":["Anger+1","Sword Boomerang","Battle Trance+1","Wild Strike+1"],"picked":"SKIP","floor":30},{"not_picked":["Second Wind+1","Armaments","Clash","Cleave"],"picked":"SKIP","floor":31},{"not_picked":["Exhume","Berserk","Juggernaut"],"picked":"Impervious","floor":33},{"not_picked":["Burning Pact","Second Wind+1","Havoc","Searing Blow"],"picked":"SKIP","floor":35},{"not_picked":["Armaments","Rupture","Wild Strike","Clothesline+1"],"picked":"SKIP","floor":37},{"not_picked":["Enlightenment","The Bomb","Metamorphosis"],"picked":"Flash of Steel","floor":38},{"not_picked":["Body Slam","Hemokinesis+1","Armaments","Flex+1"],"picked":"SKIP","floor":40},{"not_picked":["Body Slam","Hemokinesis+1","Armaments","Flex+1"],"picked":"SKIP","floor":40},{"not_picked":["Armaments+1","Iron Wave","Whirlwind+1","Flex+1"],"picked":"SKIP","floor":42},{"not_picked":["Wild Strike+1","Rampage+1","True Grit+1","Twin Strike+1"],"picked":"SKIP","floor":44},{"not_picked":["Combust+1","Clash+1","Barricade","Twin Strike+1"],"picked":"SKIP","floor":46},{"not_picked":["Havoc+1","Whirlwind+1","Sword Boomerang+1","Bludgeon+1"],"picked":"SKIP","floor":48},{"not_picked":["Metallicize","Clash+1","Clothesline+1"],"picked":"Iron Wave+1","floor":54}],"player_experience":881534,"relics_obtained":[{"floor":7,"key":"Centennial Puzzle"},{"floor":9,"key":"Matryoshka"},{"floor":11,"key":"Torii"},{"floor":12,"key":"Odd Mushroom"},{"floor":13,"key":"Ancient Tea Set"},{"floor":23,"key":"PreservedInsect"},{"floor":25,"key":"Enchiridion"},{"floor":26,"key":"Lantern"},{"floor":29,"key":"Question Card"},{"floor":40,"key":"Tiny Chest"},{"floor":42,"key":"Molten Egg 2"},{"floor":43,"key":"Pear"},{"floor":43,"key":"Paper Frog"},{"floor":54,"key":"FossilizedHelix"}],"event_choices":[{"damage_healed":0,"gold_gain":0,"player_choice":"Take Damage","damage_taken":20,"relics_obtained":["Golden Idol"],"max_hp_gain":0,"max_hp_loss":0,"event_name":"Golden Idol","floor":2,"gold_loss":0},{"damage_healed":0,"gold_gain":75,"player_choice":"Gather Gold","damage_taken":11,"max_hp_gain":0,"max_hp_loss":0,"event_name":"World of Goop","floor":4,"gold_loss":0},{"damage_healed":0,"gold_gain":0,"player_choice":"Fought Mushrooms","damage_taken":0,"max_hp_gain":0,"max_hp_loss":0,"event_name":"Mushrooms","floor":12,"gold_loss":0},{"damage_healed":0,"gold_gain":0,"player_choice":"Simplicity","damage_taken":0,"max_hp_gain":0,"max_hp_loss":0,"event_name":"Back to Basics","floor":20,"gold_loss":0,"cards_upgraded":["Strike_R","Strike_R","Strike_R","Strike_R","Strike_R","Defend_R","Defend_R","Defend_R","Defend_R"]},{"damage_healed":0,"gold_gain":0,"player_choice":"Gave Idol","damage_taken":0,"relics_obtained":["Bloody Idol"],"max_hp_gain":0,"max_hp_loss":0,"event_name":"Forgotten Altar","floor":21,"relics_lost":["Golden Idol"],"gold_loss":0},{"damage_healed":0,"gold_gain":99,"player_choice":"Stole From Cult","damage_taken":0,"max_hp_gain":0,"max_hp_loss":0,"event_name":"Nest","floor":24,"gold_loss":0},{"damage_healed":0,"gold_gain":0,"player_choice":"Obtained Book","damage_taken":16,"max_hp_gain":0,"max_hp_loss":0,"event_name":"Cursed Tome","floor":25,"gold_loss":0},{"damage_healed":0,"gold_gain":0,"player_choice":"Ignored","damage_taken":0,"max_hp_gain":0,"max_hp_loss":0,"event_name":"NoteForYourself","floor":36,"gold_loss":0},{"damage_healed":0,"gold_gain":0,"player_choice":"Memory 1","damage_taken":0,"max_hp_gain":0,"max_hp_loss":0,"event_name":"SensoryStone","floor":38,"gold_loss":0},{"damage_healed":0,"gold_gain":0,"player_choice":"Rummage","damage_taken":0,"relics_obtained":["WarpedTongs"],"max_hp_gain":0,"max_hp_loss":0,"event_name":"Accursed Blacksmith","floor":39,"gold_loss":0,"cards_obtained":["Pain"]}],"is_beta":true,"boss_relics":[{"not_picked":["Runic Cube","White Beast Statue"],"picked":"Sozu"},{"not_picked":["Philosopher\u0027s Stone","Mark of Pain"],"picked":"Eternal Feather"}],"items_purged_floors":[28,47],"is_endless":false,"potions_floor_spawned":[1,10,13,18,23,27,29,31,35,40,46,54],"killed_by":"The Heart","ascension_level":0}