{"gold_per_floor":[110,90,108,24,24,24,36,71,124,137,156,156,189,210,210,210],"floor_reached":16,"playtime":438,"items_purged":[],"score":220,"play_id":"9fe3bca4-468d-491e-a4d4-f51166deb038","local_time":"20190409215159","is_ascension_mode":true,"campfire_choices":[{"data":"Bash","floor":6.0,"key":"SMITH"},{"floor":12,"key":"REST"},{"data":"Limit Break","floor":15,"key":"SMITH"}],"neow_cost":"PERCENT_DAMAGE","seed_source_timestamp":0,"circlet_count":0,"master_deck":["AscendersBane","Strike_R","Strike_R","Strike_R","Strike_R","Strike_R","Defend_R","Defend_R","Defend_R","Defend_R","Bash+1","Limit Break+1","Inflame","Heavy Blade","Sword Boomerang","Whirlwind","Twin Strike"],"special_seed":0,"relics":["Burning Blood","Oddly Smooth Stone","Regal Pillow","Bag of Preparation","Odd Mushroom"],"potions_floor_usage":[11,13,14,16],"damage_taken":[{"damage":13.0,"enemies":"Cultist","floor":1.0,"turns":5.0},{"damage":9.0,"enemies":"Jaw Worm","floor":3.0,"turns":4.0},{"damage":5.0,"enemies":"2 Louse","floor":7.0,"turns":3.0},{"damage":50.0,"enemies":"3 Sentries","floor":8.0,"turns":7.0},{"damage":11.0,"enemies":"Blue Slaver","floor":10.0,"turns":6.0},{"damage":0,"enemies":"3 Louse","floor":11,"turns":1},{"damage":32,"enemies":"Gremlin Nob","floor":13,"turns":4},{"damage":18,"enemies":"The Mushroom Lair","floor":14,"turns":4},{"damage":12,"enemies":"Hexaghost","floor":16,"turns":7}],"seed_played":"-2568889227153574500","potions_obtained":[{"floor":2.0,"key":"Swift Potion"},{"floor":7.0,"key":"Strength Potion"},{"floor":8.0,"key":"Explosive Potion"},{"floor":11,"key":"Poison Potion"},{"floor":13,"key":"Fire Potion"}],"is_trial":false,"path_per_floor":["M","?","M","$","?","R","M","E","T","M","M","R","E","?","R","B"],"character_chosen":"IRONCLAD","items_purchased":["Inflame"],"campfire_rested":1,"item_purchase_floors":[4],"current_hp_per_floor":[43,43,40,40,65,65,66,22,22,17,23,60,34,22,22,10],"gold":210,"neow_bonus":"THREE_RARE_CARDS","is_prod":false,"is_daily":false,"chose_seed":false,"campfire_upgraded":2,"win_rate":0,"timestamp":1554839519,"path_taken":["M","?","?","?","?","R","M","E","T","M","M","R","E","?","R","BOSS"],"build_version":"2019-04-04","purchased_purges":0,"victory":false,"max_hp_per_floor":[75,75,75,75,75,75,75,75,75,75,75,75,75,75,75,75],"card_choices":[{"not_picked":["Reaper","Fiend Fire"],"picked":"Limit Break","floor":0.0},{"not_picked":["Flex","Iron Wave","Armaments"],"picked":"SKIP","floor":1.0},{"not_picked":["Thunderclap","Evolve","Shockwave"],"picked":"SKIP","floor":3.0},{"not_picked":["Body Slam","Reaper"],"picked":"Heavy Blade","floor":7.0},{"not_picked":["Iron Wave","Body Slam","Thunderclap"],"picked":"SKIP","floor":8.0},{"not_picked":["Clash","Dual Wield"],"picked":"Sword Boomerang","floor":10.0},{"not_picked":["Ghostly Armor","Cleave","Sentinel"],"picked":"SKIP","floor":11},{"not_picked":["Searing Blow","Pummel"],"picked":"Whirlwind","floor":13},{"not_picked":["Perfected Strike","Anger"],"picked":"Twin Strike","floor":14}],"player_experience":1351738,"relics_obtained":[{"floor":8.0,"key":"Oddly Smooth Stone"},{"floor":9.0,"key":"Regal Pillow"},{"floor":13,"key":"Bag of Preparation"},{"floor":14,"key":"Odd Mushroom"}],"event_choices":[{"damage_healed":0.0,"max_hp_gain":0.0,"max_hp_loss":0.0,"gold_gain":0.0,"event_name":"The Woman in Blue","player_choice":"Bought 1 Potion","floor":2.0,"gold_loss":0.0,"damage_taken":0.0},{"damage_healed":25.0,"max_hp_gain":0.0,"max_hp_loss":0.0,"gold_gain":0.0,"event_name":"Big Fish","player_choice":"Banana","floor":5.0,"gold_loss":0.0,"damage_taken":0.0},{"damage_healed":0,"gold_gain":0,"player_choice":"Fought Mushrooms","damage_taken":0,"max_hp_gain":0,"max_hp_loss":0,"event_name":"Mushrooms","floor":14,"gold_loss":0}],"is_beta":true,"boss_relics":[],"items_purged_floors":[],"is_endless":false,"potions_floor_spawned":[7,8,11,13],"killed_by":"Hexaghost","ascension_level":20}