{"gold_per_floor":[115,40,40,52,52,79,79,79,129,154,154,185,201,212,212,290,290,309,320,320,166,91,91,91,91,114,174,174,188,198,210,210,286,336,355,355,189,189,189,189,0,0,0,19,19,49,49],"floor_reached":47,"playtime":1396,"items_purged":["Defend_R","Writhe"],"score":1077,"play_id":"acf83ba9-1013-46c6-ab3d-e18372ce35ed","local_time":"20190402235546","is_ascension_mode":true,"campfire_choices":[{"data":"Bash","floor":8,"key":"SMITH"},{"floor":11,"key":"REST"},{"data":"Inflame","floor":15,"key":"SMITH"},{"data":"Heavy Blade","floor":23,"key":"SMITH"},{"floor":25,"key":"REST"},{"floor":32,"key":"REST"},{"data":"Flame Barrier","floor":40,"key":"SMITH"},{"data":"Double Tap","floor":42,"key":"SMITH"}],"neow_cost":"NONE","seed_source_timestamp":1117488235459800,"circlet_count":0,"master_deck":["AscendersBane","Strike_R+1","Strike_R+1","Strike_R+1","Strike_R+1","Defend_R+1","Defend_R+1","Bash+1","Sword Boomerang","Blood for Blood","Heavy Blade+1","Shrug It Off+1","Inflame+1","Double Tap+1","Flame Barrier+1","Pummel"],"relics":["Burning Blood","NeowsBlessing","Singing Bowl","Bird Faced Urn","Spirit Poop","Happy Flower","Centennial Puzzle","Potion Belt","Busted Crown","Oddly Smooth Stone","Regal Pillow","Tiny Chest","Tiny House","StoneCalendar","Red Mask","Orichalcum","Mummified Hand"],"potions_floor_usage":[10,12,27,27,31,33,33,33,38,46],"damage_taken":[{"damage":0,"enemies":"Small Slimes","floor":1,"turns":1},{"damage":0,"enemies":"Cultist","floor":4,"turns":1},{"damage":0,"enemies":"Lagavulin","floor":6,"turns":1},{"damage":30,"enemies":"3 Sentries","floor":10,"turns":6},{"damage":8,"enemies":"Gremlin Nob","floor":12,"turns":3},{"damage":7,"enemies":"Jaw Worm","floor":13,"turns":3},{"damage":11,"enemies":"Blue Slaver","floor":14,"turns":4},{"damage":69,"enemies":"The Guardian","floor":16,"turns":10},{"damage":26,"enemies":"2 Thieves","floor":18,"turns":4},{"damage":11,"enemies":"Spheric Guardian","floor":19,"turns":3},{"damage":24,"enemies":"Gremlin Leader","floor":27,"turns":6},{"damage":15,"enemies":"Snake Plant","floor":29,"turns":2},{"damage":5,"enemies":"Centurion and Healer","floor":30,"turns":3},{"damage":26,"enemies":"Shelled Parasite and Fungi","floor":31,"turns":5},{"damage":72,"enemies":"Collector","floor":33,"turns":8},{"damage":28,"enemies":"3 Shapes","floor":35,"turns":6},{"damage":0,"enemies":"3 Darklings","floor":38,"turns":1},{"damage":25,"enemies":"Spire Growth","floor":44,"turns":3},{"damage":51,"enemies":"Reptomancer","floor":46,"turns":7},{"damage":30,"enemies":"Transient","floor":47,"turns":6}],"seed_played":"4301012013669561458","potions_obtained":[{"floor":1,"key":"AttackPotion"},{"floor":4,"key":"Poison Potion"},{"floor":16,"key":"Weak Potion"},{"floor":19,"key":"SkillPotion"},{"floor":28,"key":"SkillPotion"},{"floor":28,"key":"Poison Potion"},{"floor":29,"key":"Fire Potion"},{"floor":33,"key":"SneckoOil"},{"floor":34,"key":"SmokeBomb"},{"floor":44,"key":"Poison Potion"}],"is_trial":false,"path_per_floor":["M","$","?","M","?","E","?","R","T","E","R","E","M","M","R","B",null,"M","M","?","$","?","R","?","R","T","E","?","M","M","M","R","B",null,"M","T","$","M","?","R","?","R","T","M","T","E","M"],"character_chosen":"IRONCLAD","items_purchased":["PowerPotion","Flame Barrier","Pummel"],"campfire_rested":3,"item_purchase_floors":[21,37,37],"current_hp_per_floor":[74,74,74,75,75,75,75,75,75,53,76,76,77,72,72,11,64,48,47,47,47,47,47,47,72,72,60,60,55,60,44,86,24,84,66,66,66,72,74,74,74,74,74,59,59,18,0],"gold":49,"neow_bonus":"THREE_ENEMY_KILL","is_prod":false,"is_daily":false,"chose_seed":false,"campfire_upgraded":5,"win_rate":0,"timestamp":1554242146,"path_taken":["M","$","?","?","?","E","?","R","T","E","R","E","M","M","R","BOSS","M","?","?","$","?","R","?","R","T","E","?","M","M","M","R","BOSS","M","?","$","?","?","R","?","R","T","M","?","E","M"],"build_version":"2019-03-15","purchased_purges":2,"victory":false,"max_hp_per_floor":[75,75,75,75,75,75,75,75,75,77,77,79,81,81,81,81,81,83,85,85,85,85,85,85,85,85,87,87,89,91,93,93,95,102,104,104,104,104,106,106,106,106,106,108,108,110,110],"card_choices":[{"not_picked":["Pommel Strike","Seeing Red"],"picked":"Sword Boomerang","floor":1},{"not_picked":["Thunderclap","Whirlwind"],"picked":"Heavy Blade","floor":4},{"not_picked":["Dual Wield","Thunderclap"],"picked":"Shrug It Off","floor":6},{"not_picked":["True Grit","Carnage","Power Through"],"picked":"Singing Bowl","floor":10},{"not_picked":["Clothesline","Searing Blow","Blood for Blood"],"picked":"Singing Bowl","floor":12},{"not_picked":["Whirlwind","Anger","Body Slam"],"picked":"Singing Bowl","floor":13},{"not_picked":["Warcry","Sentinel"],"picked":"Inflame","floor":14},{"not_picked":["Reaper","Bludgeon"],"picked":"Double Tap","floor":16},{"not_picked":["Perfected Strike"],"picked":"Singing Bowl","floor":18},{"not_picked":["Power Through"],"picked":"Singing Bowl","floor":19},{"not_picked":["Headbutt"],"picked":"Singing Bowl","floor":27},{"not_picked":["Havoc"],"picked":"Singing Bowl","floor":29},{"not_picked":["True Grit"],"picked":"Singing Bowl","floor":30},{"not_picked":["Cleave"],"picked":"Singing Bowl","floor":31},{"not_picked":["Barricade"],"picked":"Singing Bowl","floor":33},{"not_picked":["Havoc"],"picked":"Singing Bowl","floor":34},{"not_picked":["Sword Boomerang"],"picked":"Singing Bowl","floor":35},{"not_picked":["Sadistic Nature"],"picked":"Singing Bowl","floor":39},{"not_picked":["Sentinel+1"],"picked":"Singing Bowl","floor":44},{"not_picked":["Sever Soul"],"picked":"Singing Bowl","floor":46}],"player_experience":1324897,"relics_obtained":[{"floor":6,"key":"Bird Faced Urn"},{"floor":9,"key":"Happy Flower"},{"floor":10,"key":"Centennial Puzzle"},{"floor":12,"key":"Potion Belt"},{"floor":26,"key":"Regal Pillow"},{"floor":27,"key":"Tiny Chest"},{"floor":36,"key":"StoneCalendar"},{"floor":45,"key":"Orichalcum"},{"floor":46,"key":"Mummified Hand"}],"event_choices":[{"damage_healed":0,"gold_gain":0,"cards_transformed":["Defend_R"],"player_choice":"Transformed","damage_taken":0,"max_hp_gain":0,"max_hp_loss":0,"event_name":"Transmorgrifier","floor":3,"gold_loss":0,"cards_obtained":["Blood for Blood"]},{"damage_healed":0,"gold_gain":0,"player_choice":"Box","damage_taken":0,"relics_obtained":["Singing Bowl"],"max_hp_gain":0,"max_hp_loss":0,"event_name":"Big Fish","floor":5,"gold_loss":0,"cards_obtained":["Regret"]},{"cards_removed":["Regret"],"damage_healed":0,"gold_gain":0,"player_choice":"Offered Curse","damage_taken":0,"relics_obtained":["Spirit Poop"],"max_hp_gain":0,"max_hp_loss":0,"event_name":"Bonfire Elementals","floor":7,"gold_loss":0},{"damage_healed":0,"gold_gain":0,"player_choice":"Opened","damage_taken":0,"relics_obtained":["Oddly Smooth Stone"],"max_hp_gain":0,"max_hp_loss":0,"event_name":"The Mausoleum","floor":20,"gold_loss":0,"cards_obtained":["Writhe"]},{"cards_removed":["Strike_R"],"damage_healed":0,"gold_gain":0,"player_choice":"Gave Gold","damage_taken":0,"max_hp_gain":0,"max_hp_loss":0,"event_name":"Beggar","floor":22,"gold_loss":75},{"damage_healed":0,"gold_gain":0,"player_choice":"Simplicity","damage_taken":0,"max_hp_gain":0,"max_hp_loss":0,"event_name":"Back to Basics","floor":24,"gold_loss":0,"cards_upgraded":["Strike_R","Strike_R","Strike_R","Strike_R","Defend_R","Defend_R"]},{"damage_healed":0,"gold_gain":0,"player_choice":"Got Potions","damage_taken":0,"max_hp_gain":0,"max_hp_loss":0,"event_name":"Lab","floor":28,"gold_loss":0},{"damage_healed":0,"gold_gain":0,"player_choice":"Memory 1","damage_taken":0,"max_hp_gain":0,"max_hp_loss":0,"event_name":"SensoryStone","floor":39,"gold_loss":0},{"damage_healed":0,"gold_gain":0,"player_choice":"Paid","damage_taken":0,"relics_obtained":["Red Mask"],"max_hp_gain":0,"max_hp_loss":0,"event_name":"Tomb of Lord Red Mask","floor":41,"gold_loss":189}],"is_beta":true,"boss_relics":[{"not_picked":["Black Blood","Coffee Dripper"],"picked":"Busted Crown"},{"not_picked":["Mark of Pain","Pandora\u0027s Box"],"picked":"Tiny House"}],"items_purged_floors":[2,21],"is_endless":false,"potions_floor_spawned":[1,4,16,19,29,33,38,44],"killed_by":"Transient","ascension_level":20}