{"gold_per_floor":[111,127,52,52,52,52,87,87,87,107,150,170,189,232,232,330,330,345,220,220,198,198,232,232,28,28,45,59,76,108,108,108,108],"floor_reached":33,"playtime":929,"items_purged":["Defend_R","Defend_R"],"score":735,"play_id":"386a4595-70d2-4549-b30f-b34abbcb01f2","local_time":"20190430002503","is_ascension_mode":true,"campfire_choices":[{"data":"Bash","floor":6,"key":"SMITH"},{"data":"Inflame","floor":15,"key":"SMITH"},{"data":"Bludgeon","floor":24,"key":"SMITH"},{"data":"Heavy Blade","floor":32,"key":"SMITH"}],"neow_cost":"NONE","seed_source_timestamp":1681188795293900,"circlet_count":0,"master_deck":["AscendersBane","Strike_R","Strike_R","Strike_R","Strike_R","Strike_R","Bash+1","Shrug It Off","Twin Strike","Inflame+1","Shrug It Off","Feed","Shrug It Off","Shrug It Off","Bludgeon+1","Shrug It Off","Heavy Blade+1","Shrug It Off","Pummel","Sword Boomerang"],"relics":["Burning Blood","NeowsBlessing","Bloody Idol","Bag of Marbles","Sundial","FossilizedHelix","Ancient Tea Set","Orichalcum","Velvet Choker","PreservedInsect","Ornamental Fan"],"potions_floor_usage":[11,12,16,23,30,33],"damage_taken":[{"damage":0,"enemies":"Jaw Worm","floor":1,"turns":1},{"damage":0,"enemies":"Small Slimes","floor":2,"turns":1},{"damage":0,"enemies":"Lagavulin","floor":7,"turns":1},{"damage":0,"enemies":"2 Louse","floor":10,"turns":3},{"damage":24,"enemies":"Gremlin Nob","floor":11,"turns":4},{"damage":8,"enemies":"Lots of Slimes","floor":12,"turns":9},{"damage":0,"enemies":"2 Fungi Beasts","floor":13,"turns":3},{"damage":15,"enemies":"Lagavulin","floor":14,"turns":7},{"damage":18,"enemies":"Slime Boss","floor":16,"turns":9},{"damage":10,"enemies":"Chosen","floor":18,"turns":4},{"damage":11,"enemies":"2 Thieves","floor":21,"turns":4},{"damage":16,"enemies":"Book of Stabbing","floor":23,"turns":4},{"damage":0,"enemies":"3 Cultists","floor":27,"turns":4},{"damage":14,"enemies":"Sentry and Sphere","floor":28,"turns":6},{"damage":9,"enemies":"Cultist and Chosen","floor":29,"turns":7},{"damage":0,"enemies":"Gremlin Leader","floor":30,"turns":5},{"damage":95,"enemies":"Collector","floor":33,"turns":8}],"seed_played":"301527483145877895","potions_obtained":[{"floor":2,"key":"Swift Potion"},{"floor":10,"key":"EssenceOfSteel"},{"floor":13,"key":"LiquidBronze"},{"floor":14,"key":"Energy Potion"},{"floor":21,"key":"EssenceOfSteel"},{"floor":27,"key":"Fire Potion"},{"floor":29,"key":"Energy Potion"}],"is_trial":false,"path_per_floor":["M","M","?","$","?","R","E","?","T","M","E","M","M","E","R","B",null,"M","$","?","M","?","E","R","$","T","M","M","M","E","$","R","B"],"character_chosen":"IRONCLAD","items_purchased":["Shrug It Off","Shrug It Off","Heavy Blade"],"campfire_rested":0,"item_purchase_floors":[19,25,25],"current_hp_per_floor":[74,75,75,75,49,49,55,55,55,61,43,41,47,38,38,26,63,59,59,59,67,67,62,62,62,62,76,73,78,84,84,84,0],"gold":108,"neow_bonus":"THREE_ENEMY_KILL","is_prod":false,"is_daily":false,"chose_seed":false,"campfire_upgraded":4,"win_rate":0,"timestamp":1556576703,"path_taken":["M","M","?","$","?","R","E","?","T","M","E","M","M","E","R","BOSS","M","?","?","M","?","E","R","$","T","?","M","M","E","?","R","BOSS"],"build_version":"2019-04-23","purchased_purges":2,"victory":false,"max_hp_per_floor":[75,75,75,75,75,75,75,75,75,75,75,75,75,75,75,75,75,75,75,75,78,78,78,78,78,78,81,81,84,84,84,84,84],"card_choices":[{"not_picked":["Twin Strike","Combust"],"picked":"Shrug It Off","floor":1},{"not_picked":["Sever Soul","Burning Pact","Second Wind"],"picked":"SKIP","floor":2},{"not_picked":["Clash","Seeing Red","Rupture"],"picked":"SKIP","floor":7},{"not_picked":["Infernal Blade","Entrench","Disarm"],"picked":"SKIP","floor":10},{"not_picked":["Body Slam","Headbutt","Fire Breathing"],"picked":"SKIP","floor":11},{"not_picked":["Body Slam","Shockwave"],"picked":"Twin Strike","floor":12},{"not_picked":["Wild Strike","Corruption"],"picked":"Inflame","floor":13},{"not_picked":["Havoc","Wild Strike"],"picked":"Shrug It Off","floor":14},{"not_picked":["Offering","Fiend Fire"],"picked":"Feed","floor":16},{"not_picked":["Clothesline","Infernal Blade","Havoc"],"picked":"SKIP","floor":18},{"not_picked":["Anger","Armaments"],"picked":"Shrug It Off","floor":21},{"not_picked":["Cleave","Corruption","Anger"],"picked":"SKIP","floor":23},{"not_picked":["Ghostly Armor","Wild Strike+1"],"picked":"Shrug It Off","floor":27},{"not_picked":["Sword Boomerang","Armaments"],"picked":"Pummel","floor":28},{"not_picked":["Iron Wave","Corruption","Pommel Strike"],"picked":"SKIP","floor":29},{"not_picked":["Clash","Carnage"],"picked":"Sword Boomerang","floor":30}],"player_experience":1426093,"relics_obtained":[{"floor":7,"key":"Bag of Marbles"},{"floor":8,"key":"Sundial"},{"floor":9,"key":"FossilizedHelix"},{"floor":11,"key":"Ancient Tea Set"},{"floor":14,"key":"Orichalcum"},{"floor":23,"key":"PreservedInsect"},{"floor":30,"key":"Ornamental Fan"}],"event_choices":[{"cards_removed":["Defend_R"],"damage_healed":0,"gold_gain":0,"player_choice":"Card Removal","damage_taken":0,"max_hp_gain":0,"max_hp_loss":0,"event_name":"The Cleric","floor":3,"gold_loss":75},{"damage_healed":0,"gold_gain":0,"player_choice":"Take Damage","damage_taken":26,"relics_obtained":["Golden Idol"],"max_hp_gain":0,"max_hp_loss":0,"event_name":"Golden Idol","floor":5,"gold_loss":0},{"damage_healed":0,"gold_gain":0,"player_choice":"Relic","damage_taken":0,"max_hp_gain":0,"max_hp_loss":0,"event_name":"Wheel of Change","floor":8,"gold_loss":0},{"damage_healed":0,"gold_gain":0,"player_choice":"Gave Idol","damage_taken":0,"relics_obtained":["Bloody Idol"],"max_hp_gain":0,"max_hp_loss":0,"event_name":"Forgotten Altar","floor":20,"relics_lost":["Golden Idol"],"gold_loss":0},{"damage_healed":0,"gold_gain":0,"cards_transformed":["Defend_R"],"player_choice":"Transformed","damage_taken":0,"max_hp_gain":0,"max_hp_loss":0,"event_name":"Transmorgrifier","floor":22,"gold_loss":0,"cards_obtained":["Bludgeon"]}],"is_beta":true,"boss_relics":[{"not_picked":["Coffee Dripper","Busted Crown"],"picked":"Velvet Choker"}],"items_purged_floors":[19,25],"is_endless":false,"potions_floor_spawned":[2,10,13,14,21,27,29],"killed_by":"Collector","ascension_level":20}