{"gold_per_floor":[114,264,264,264,284,311,324,344,425,425,267,292,292,308,308,381,381,401,401,401,19,19],"floor_reached":22,"playtime":496,"items_purged":["Defend_R","Strike_R"],"score":434,"play_id":"a140b45b-006b-480e-b631-90f2d70eee84","local_time":"20190412164941","is_ascension_mode":true,"campfire_choices":[{"data":"Cleave","floor":10,"key":"SMITH"},{"floor":13,"key":"REST"},{"data":"Limit Break","floor":15,"key":"SMITH"}],"neow_cost":"NONE","seed_source_timestamp":185402639471800,"circlet_count":0,"master_deck":["AscendersBane","Strike_R+1","Strike_R","Strike_R+1","Defend_R","Defend_R","Defend_R","Bash+1","Cleave+1","Pummel+1","Limit Break+1","Spot Weakness","Demon Form","Double Tap"],"relics":["Burning Blood","NeowsBlessing","Bird Faced Urn","Pear","Whetstone","Velvet Choker","Toxic Egg 2"],"potions_floor_usage":[16,16],"damage_taken":[{"damage":0,"enemies":"Cultist","floor":1,"turns":1},{"damage":0,"enemies":"2 Louse","floor":5,"turns":1},{"damage":0,"enemies":"Lagavulin","floor":6,"turns":1},{"damage":4,"enemies":"Jaw Worm","floor":7,"turns":4},{"damage":9,"enemies":"Blue Slaver","floor":8,"turns":7},{"damage":36,"enemies":"Gremlin Nob","floor":12,"turns":4},{"damage":13,"enemies":"3 Louse","floor":14,"turns":4},{"damage":57,"enemies":"Hexaghost","floor":16,"turns":7},{"damage":39,"enemies":"3 Byrds","floor":18,"turns":6},{"damage":31,"enemies":"Colosseum Slavers","floor":19,"turns":3},{"damage":21,"enemies":"Shell Parasite","floor":22,"turns":1}],"seed_played":"-2519876025861024168","potions_obtained":[{"floor":12,"key":"SteroidPotion"},{"floor":14,"key":"BloodPotion"}],"is_trial":false,"path_per_floor":["M","?","?","?","M","E","M","M","T","R","$","E","R","M","R","B",null,"M","?","?","$","M"],"character_chosen":"IRONCLAD","items_purchased":["Pummel","Toxic Egg 2"],"campfire_rested":1,"item_purchase_floors":[11,21],"current_hp_per_floor":[74,74,74,51,57,63,65,62,72,72,72,42,67,60,60,17,68,37,12,12,12,0],"gold":19,"neow_bonus":"THREE_ENEMY_KILL","is_prod":false,"is_daily":false,"chose_seed":false,"campfire_upgraded":2,"win_rate":0,"timestamp":1555080581,"path_taken":["M","?","?","?","M","E","M","?","T","R","$","E","R","M","R","BOSS","M","?","?","$","M"],"build_version":"2019-04-04","purchased_purges":2,"victory":false,"max_hp_per_floor":[75,75,75,75,75,75,75,75,85,85,85,85,85,85,85,85,85,85,85,85,85,85],"card_choices":[{"not_picked":["Armaments","Flex"],"picked":"Cleave","floor":1},{"not_picked":["Wild Strike","Uppercut","True Grit"],"picked":"SKIP","floor":5},{"not_picked":["Thunderclap","True Grit","Seeing Red"],"picked":"SKIP","floor":6},{"not_picked":["Havoc","Thunderclap","Combust"],"picked":"SKIP","floor":7},{"not_picked":["Headbutt","Rupture","Thunderclap"],"picked":"SKIP","floor":8},{"not_picked":["Thunderclap","Blood for Blood"],"picked":"Limit Break","floor":12},{"not_picked":["Perfected Strike","Sword Boomerang"],"picked":"Spot Weakness","floor":14},{"not_picked":["Exhume","Fiend Fire"],"picked":"Demon Form","floor":16},{"not_picked":["Clothesline","Disarm","Metallicize"],"picked":"SKIP","floor":18}],"player_experience":1368567,"relics_obtained":[{"floor":6,"key":"Bird Faced Urn"},{"floor":9,"key":"Pear"},{"floor":12,"key":"Whetstone"}],"event_choices":[{"damage_healed":0,"gold_gain":150,"player_choice":"AGREE","damage_taken":0,"max_hp_gain":0,"max_hp_loss":0,"event_name":"Liars Game","floor":2,"gold_loss":0,"cards_obtained":["Doubt"]},{"cards_removed":["Doubt"],"damage_healed":0,"gold_gain":0,"player_choice":"Forget","damage_taken":0,"max_hp_gain":0,"max_hp_loss":0,"event_name":"Living Wall","floor":3,"gold_loss":0},{"damage_healed":0,"gold_gain":0,"player_choice":"Entered Light","damage_taken":23,"max_hp_gain":0,"max_hp_loss":0,"event_name":"Shining Light","floor":4,"gold_loss":0,"cards_upgraded":["Strike_R","Bash"]},{"damage_healed":0,"gold_gain":0,"player_choice":"Fight","damage_taken":0,"max_hp_gain":0,"max_hp_loss":0,"event_name":"Colosseum","floor":19,"gold_loss":0},{"damage_healed":0,"gold_gain":0,"player_choice":"Fled From Nobs","damage_taken":0,"max_hp_gain":0,"max_hp_loss":0,"event_name":"Colosseum","floor":19,"gold_loss":0},{"damage_healed":0,"gold_gain":0,"cards_transformed":["Strike_R"],"player_choice":"Transformed","damage_taken":0,"max_hp_gain":0,"max_hp_loss":0,"event_name":"Transmorgrifier","floor":20,"gold_loss":0,"cards_obtained":["Double Tap"]}],"is_beta":true,"boss_relics":[{"not_picked":["Pandora\u0027s Box","Orrery"],"picked":"Velvet Choker"}],"items_purged_floors":[11,21],"is_endless":false,"potions_floor_spawned":[12,14,19],"killed_by":"Shell Parasite","ascension_level":20}