{"gold_per_floor":[115,190,210,240,257,257,283,9,33,33],"floor_reached":10,"playtime":361,"items_purged":["Strike_B"],"score":132,"play_id":"4eb981d2-511e-43fd-9194-1ac477c48c9c","local_time":"20190430225619","is_ascension_mode":true,"campfire_choices":[{"floor":6.0,"key":"REST"}],"neow_cost":"NONE","seed_source_timestamp":1048388272581495,"circlet_count":0,"master_deck":["AscendersBane","Strike_B","Strike_B","Strike_B","Defend_B","Defend_B","Defend_B","Defend_B","Zap","Dualcast","Darkness","Recycle","Redo","Darkness","Capacitor"],"special_seed":0,"relics":["Cracked Core","Tiny Chest","Boot","Lantern","Ancient Tea Set"],"potions_floor_usage":[],"damage_taken":[{"damage":10.0,"enemies":"Small Slimes","floor":1.0,"turns":3.0},{"damage":9.0,"enemies":"Jaw Worm","floor":3.0,"turns":4.0},{"damage":1.0,"enemies":"Cultist","floor":5.0,"turns":3.0},{"damage":35.0,"enemies":"Lagavulin","floor":7.0,"turns":8.0},{"damage":45,"enemies":"Gremlin Nob","floor":10,"turns":3}],"seed_played":"8761930595184928269","potions_obtained":[{"floor":3.0,"key":"Ancient Potion"},{"floor":5.0,"key":"SkillPotion"}],"is_trial":false,"path_per_floor":["M","?","M","?","M","R","E","$","T","E"],"character_chosen":"DEFECT","items_purchased":["Lantern","Capacitor"],"campfire_rested":1,"item_purchase_floors":[8,8],"current_hp_per_floor":[61,50,41,30,29,52,17,17,17,0],"gold":33,"neow_bonus":"TEN_PERCENT_HP_BONUS","is_prod":false,"is_daily":false,"chose_seed":false,"campfire_upgraded":0,"win_rate":0,"timestamp":1556686579,"path_taken":["M","?","M","?","M","R","E","$","T","E"],"build_version":"2019-04-23","purchased_purges":1,"victory":false,"max_hp_per_floor":[78,78,78,78,78,78,78,78,78,78],"card_choices":[{"not_picked":["Stack","Conserve Battery"],"picked":"Darkness","floor":1.0},{"not_picked":["Force Field","Compile Driver"],"picked":"Recycle","floor":3.0},{"not_picked":["Barrage","Melter"],"picked":"Redo","floor":5.0},{"not_picked":["Rebound","Double Energy"],"picked":"Darkness","floor":7.0}],"player_experience":3094280,"relics_obtained":[{"floor":7.0,"key":"Boot"},{"floor":9,"key":"Ancient Tea Set"}],"event_choices":[{"damage_healed":0.0,"max_hp_gain":0.0,"max_hp_loss":0.0,"gold_gain":75.0,"event_name":"World of Goop","player_choice":"Gather Gold","floor":2.0,"gold_loss":0.0,"damage_taken":11.0},{"damage_healed":0.0,"max_hp_gain":0.0,"max_hp_loss":0.0,"gold_gain":0.0,"event_name":"Scrap Ooze","player_choice":"Success","floor":4.0,"gold_loss":0.0,"damage_taken":11.0,"relics_obtained":["Tiny Chest"]}],"is_beta":true,"boss_relics":[],"items_purged_floors":[8],"is_endless":false,"potions_floor_spawned":[3,5],"killed_by":"Gremlin Nob","ascension_level":20}