{"gold_per_floor":[116,116,129,141,66,93,93,118,166,184,197,197,214,242,242,242],"floor_reached":16,"playtime":788,"items_purged":["Writhe"],"score":184,"play_id":"04fbcd34-6d12-4992-9e8c-0df723af20f0","local_time":"20180806200738","is_ascension_mode":true,"campfire_choices":[{"data":"Survivor","floor":7,"key":"SMITH"},{"floor":12,"key":"REST"},{"data":"Blur","floor":15,"key":"SMITH"}],"neow_cost":"NONE","seed_source_timestamp":326418935557900,"circlet_count":0,"master_deck":["Defend_G","Defend_G+1","Defend_G+1","Defend_G","Defend_G","Strike_G","Strike_G+1","Strike_G","Strike_G","Strike_G+1","Survivor+1","Neutralize","Injury","Parasite","Blur+1","Dagger Spray+1","Cloak And Dagger+1","Unload","Quick Slash","Prepared","Blade Dance"],"relics":["Calling Bell","Happy Flower","Ornamental Fan","Tough Bandages","Matryoshka","Juzu Bracelet","War Paint","Whetstone","Pear"],"potions_floor_usage":[6,8,14],"damage_taken":[{"damage":1,"enemies":"2 Louse","floor":1,"turns":4},{"damage":0,"enemies":"Small Slimes","floor":3,"turns":5},{"damage":0,"enemies":"Jaw Worm","floor":4,"turns":4},{"damage":27,"enemies":"Gremlin Nob","floor":6,"turns":6},{"damage":0,"enemies":"3 Sentries","floor":8,"turns":7},{"damage":0,"enemies":"2 Fungi Beasts","floor":10,"turns":3},{"damage":16,"enemies":"Large Slime","floor":11,"turns":5},{"damage":0,"enemies":"Looter","floor":13,"turns":3},{"damage":2,"enemies":"Gremlin Nob","floor":14,"turns":4},{"damage":41,"enemies":"Hexaghost","floor":16,"turns":14}],"seed_played":"8286385574481595006","potions_obtained":[{"floor":4,"key":"EssenceOfSteel"},{"floor":6,"key":"Explosive Potion"},{"floor":11,"key":"EssenceOfSteel"}],"is_trial":false,"path_per_floor":["M","?","M","M","$","E","R","E","T","M","M","R","M","E","R"],"character_chosen":"THE_SILENT","items_purchased":[],"campfire_rested":1,"item_purchase_floors":[],"current_hp_per_floor":[69,55,55,55,55,28,28,28,28,28,12,33,33,41,41,0],"gold":242,"neow_bonus":"BOSS_RELIC","is_prod":false,"is_daily":false,"chose_seed":false,"campfire_upgraded":2,"win_rate":0,"timestamp":1533611258,"path_taken":["M","?","M","M","$","E","R","E","T","M","M","R","M","E","R","BOSS"],"build_version":"2018-08-01","purchased_purges":1,"victory":false,"max_hp_per_floor":[70,70,70,70,70,70,70,70,70,70,70,70,70,80,80,80],"card_choices":[{"not_picked":["Bane","Bouncing Flask"],"picked":"Blur","floor":1},{"not_picked":["Flying Knee","Underhanded Strike"],"picked":"Dagger Spray","floor":3},{"not_picked":["Blade Dance","Deadly Poison"],"picked":"Cloak And Dagger","floor":4},{"not_picked":["Well Laid Plans","Skewer"],"picked":"Unload","floor":6},{"not_picked":["Flying Knee","Bane"],"picked":"Quick Slash","floor":8},{"not_picked":["Quick Slash","Underhanded Strike","Flying Knee"],"picked":"SKIP","floor":10},{"not_picked":["Catalyst","Reflex"],"picked":"Prepared","floor":11},{"not_picked":["Riddle With Holes","Underhanded Strike"],"picked":"Blade Dance","floor":13},{"not_picked":["Predator","Outmaneuver","Poisoned Stab"],"picked":"SKIP","floor":14}],"player_experience":211109,"relics_obtained":[{"floor":0,"key":"Happy Flower"},{"floor":0,"key":"Ornamental Fan"},{"floor":0,"key":"Tough Bandages"},{"floor":6,"key":"Matryoshka"},{"floor":8,"key":"Juzu Bracelet"},{"floor":9,"key":"War Paint"},{"floor":9,"key":"Whetstone"},{"floor":14,"key":"Pear"}],"event_choices":[{"event_name":"Shining Light","player_choice":"Entered Light","floor":2,"damage_taken":0}],"is_beta":true,"boss_relics":[],"items_purged_floors":[5],"is_endless":false,"potions_floor_spawned":[4,6,11],"killed_by":"Hexaghost","ascension_level":5}