{"gold_per_floor":[209,209,221,221,231,264,264,274,326,326,344,356,85,104,104,183,183,198,198,198,198,50,50,50,67,94,137,149,161,191,230,242,325,337,362,474,486,510,522,567,579],"floor_reached":41,"playtime":3509,"items_purged":["Strike_R","Writhe"],"score":811,"play_id":"3458c512-0b46-4eef-a848-2816f06fbec1","local_time":"20190416172037","is_ascension_mode":true,"campfire_choices":[{"data":"Bash","floor":7.0,"key":"SMITH"},{"floor":10.0,"key":"REST"},{"data":"Immolate","floor":15.0,"key":"SMITH"},{"floor":24.0,"key":"REST"},{"data":"Armaments","floor":29.0,"key":"SMITH"},{"floor":32,"key":"REST"}],"neow_cost":"NONE","seed_source_timestamp":1318594542773055,"circlet_count":0,"master_deck":["AscendersBane","Strike_R","Strike_R","Strike_R","Strike_R","Defend_R","Defend_R","Defend_R","Defend_R","Bash+1","Iron Wave","Feed","Warcry","Twin Strike","Evolve+1","Shrug It Off","Immolate+1","Pommel Strike","Double Tap+1","Pommel Strike","Shrug It Off","Wild Strike","Armaments+1","Impervious","Exhume","Flex","Fire Breathing+1"],"special_seed":0,"relics":["Burning Blood","Frozen Egg 2","Blood Vial","Oddly Smooth Stone","Sozu","Red Skull","Enchiridion","MawBank","Orichalcum","Kunai","Mark of Pain","Magic Flower","Meat on the Bone"],"potions_floor_usage":[],"damage_taken":[{"damage":13.0,"enemies":"Jaw Worm","floor":1.0,"turns":5.0},{"damage":7.0,"enemies":"Small Slimes","floor":3.0,"turns":3.0},{"damage":24.0,"enemies":"Cultist","floor":5.0,"turns":6.0},{"damage":32.0,"enemies":"Gremlin Nob","floor":6.0,"turns":5.0},{"damage":15.0,"enemies":"Large Slime","floor":8.0,"turns":5.0},{"damage":15.0,"enemies":"3 Louse","floor":11.0,"turns":3.0},{"damage":5.0,"enemies":"Looter","floor":12.0,"turns":3.0},{"damage":18.0,"enemies":"Large Slime","floor":14.0,"turns":4.0},{"damage":53.0,"enemies":"Slime Boss","floor":16.0,"turns":9.0},{"damage":20.0,"enemies":"3 Byrds","floor":18.0,"turns":6.0},{"damage":37.0,"enemies":"Book of Stabbing","floor":23.0,"turns":5.0},{"damage":22.0,"enemies":"Spheric Guardian","floor":25.0,"turns":4.0},{"damage":19.0,"enemies":"Gremlin Leader","floor":27.0,"turns":6.0},{"damage":0.0,"enemies":"Centurion and Healer","floor":30.0,"turns":5.0},{"damage":19.0,"enemies":"Shelled Parasite and Fungi","floor":31.0,"turns":6.0},{"damage":26,"enemies":"Champ","floor":33,"turns":13},{"damage":14,"enemies":"3 Shapes","floor":35,"turns":4},{"damage":0,"enemies":"Mind Bloom Boss Battle","floor":36,"turns":4},{"damage":3,"enemies":"3 Darklings","floor":38,"turns":5},{"damage":102,"enemies":"Reptomancer","floor":40,"turns":7},{"damage":25,"enemies":"4 Shapes","floor":41,"turns":1}],"seed_played":"-3605330518682463546","potions_obtained":[{"floor":3.0,"key":"LiquidBronze"},{"floor":8.0,"key":"Regen Potion"},{"floor":12.0,"key":"SpeedPotion"},{"floor":16.0,"key":"SmokeBomb"}],"is_trial":false,"path_per_floor":["M","?","M","?","M","E","R","M","T","R","M","M","$","M","R","B",null,"M","?","?","?","$","E","R","M","T","E","T","R","M","M","R","B",null,"M","?","?","M","?","E","M"],"character_chosen":"IRONCLAD","items_purchased":["Evolve+1","Shrug It Off","Immolate","Shrug It Off"],"campfire_rested":3,"item_purchase_floors":[13,13,13,22],"current_hp_per_floor":[65,62,61,61,46,23,23,19,19,45,41,47,47,40,40,7,75,66,66,50,50,50,21,51,37,37,29,29,29,37,26,57,39,88,88,96,96,105,105,15,0],"gold":579,"neow_bonus":"HUNDRED_GOLD","is_prod":false,"is_daily":false,"chose_seed":false,"campfire_upgraded":3,"win_rate":0,"timestamp":1555413637,"path_taken":["M","?","M","?","M","E","R","M","T","R","M","M","$","?","R","BOSS","M","?","?","?","$","E","R","M","T","E","?","R","M","M","R","BOSS","M","?","?","?","?","E","M"],"build_version":"2019-01-23","purchased_purges":2,"victory":false,"max_hp_per_floor":[80,80,80,80,83,86,86,89,89,89,92,95,95,98,98,98,98,101,101,101,101,101,101,101,101,101,104,104,104,104,104,104,104,104,110,110,110,110,110,110,110],"card_choices":[{"not_picked":["Clash","Body Slam"],"picked":"Iron Wave","floor":1.0},{"not_picked":["Clothesline","Shrug It Off"],"picked":"Feed","floor":3.0},{"not_picked":["Havoc","Intimidate"],"picked":"Warcry","floor":5.0},{"not_picked":["Dropkick","Heavy Blade"],"picked":"Twin Strike","floor":6.0},{"not_picked":["Twin Strike","Headbutt","Rupture+1"],"picked":"SKIP","floor":8.0},{"not_picked":["Anger","Hemokinesis","Blood for Blood"],"picked":"SKIP","floor":11.0},{"not_picked":["Thunderclap","Entrench","Reckless Charge"],"picked":"SKIP","floor":12.0},{"not_picked":["Reckless Charge","Exhume"],"picked":"Pommel Strike","floor":14.0},{"not_picked":["Fiend Fire","Brutality+1"],"picked":"Double Tap","floor":16.0},{"not_picked":["Shrug It Off","Rage"],"picked":"Pommel Strike","floor":18.0},{"not_picked":["Heavy Blade","Body Slam"],"picked":"Wild Strike","floor":25.0},{"not_picked":["Reckless Charge","Disarm"],"picked":"Armaments","floor":27.0},{"not_picked":["Fire Breathing+1","Twin Strike","Anger"],"picked":"SKIP","floor":30.0},{"not_picked":["Clash","Twin Strike"],"picked":"Impervious","floor":31},{"not_picked":["Double Tap","Demon Form+1"],"picked":"Exhume","floor":33},{"not_picked":["Twin Strike","Clash","Clothesline+1"],"picked":"SKIP","floor":35},{"not_picked":["Armaments","Corruption+1","Twin Strike+1"],"picked":"SKIP","floor":38},{"not_picked":["Armaments","Demon Form+1"],"picked":"Fire Breathing+1","floor":40}],"player_experience":1165283,"relics_obtained":[{"floor":6.0,"key":"Blood Vial"},{"floor":9.0,"key":"Oddly Smooth Stone"},{"floor":20.0,"key":"Enchiridion"},{"floor":26.0,"key":"MawBank"},{"floor":27.0,"key":"Orichalcum"},{"floor":28.0,"key":"Kunai"},{"floor":36,"key":"Magic Flower"},{"floor":40,"key":"Meat on the Bone"}],"event_choices":[{"damage_healed":0.0,"max_hp_gain":0.0,"max_hp_loss":0.0,"gold_gain":0.0,"event_name":"Scrap Ooze","player_choice":"Success","floor":2.0,"gold_loss":0.0,"damage_taken":3.0,"relics_obtained":["Frozen Egg 2"]},{"damage_healed":0.0,"max_hp_gain":0.0,"max_hp_loss":0.0,"gold_gain":0.0,"event_name":"Match and Keep!","player_choice":"0 cards matched","floor":4.0,"gold_loss":0.0,"damage_taken":0.0,"cards_obtained":[]},{"damage_healed":0.0,"max_hp_gain":0.0,"max_hp_loss":0.0,"gold_gain":0.0,"event_name":"The Mausoleum","player_choice":"Opened","floor":19.0,"gold_loss":0.0,"damage_taken":0.0,"relics_obtained":["Red Skull"],"cards_obtained":["Writhe"]},{"damage_healed":0.0,"max_hp_gain":0.0,"max_hp_loss":0.0,"gold_gain":0.0,"event_name":"Cursed Tome","player_choice":"Obtained Book","floor":20.0,"gold_loss":0.0,"damage_taken":16.0},{"damage_healed":0.0,"max_hp_gain":0.0,"max_hp_loss":0.0,"gold_gain":0.0,"event_name":"Ghosts","player_choice":"Ignored","floor":21.0,"gold_loss":0.0,"damage_taken":0.0},{"damage_healed":0,"gold_gain":0,"player_choice":"Fight","damage_taken":0,"max_hp_gain":0,"max_hp_loss":0,"event_name":"MindBloom","floor":36,"gold_loss":0},{"damage_healed":0,"gold_gain":0,"player_choice":"Upgraded","damage_taken":0,"max_hp_gain":0,"max_hp_loss":0,"event_name":"Upgrade Shrine","floor":37,"gold_loss":0,"cards_upgraded":["Double Tap"]},{"damage_healed":0,"gold_gain":0,"player_choice":"1 cards matched","damage_taken":0,"max_hp_gain":0,"max_hp_loss":0,"event_name":"Match and Keep!","floor":39,"gold_loss":0,"cards_obtained":["Flex"]}],"is_beta":false,"boss_relics":[{"not_picked":["Fusion Hammer","Philosopher\u0027s Stone"],"picked":"Sozu"},{"not_picked":["Tiny House","Orrery"],"picked":"Mark of Pain"}],"items_purged_floors":[13,22],"is_endless":false,"potions_floor_spawned":[3,8,12,16,18,25,30,35,38],"killed_by":"4 Shapes","ascension_level":13}