{"gold_per_floor":[116,116,31,181,181,181,204,204,204,223,233,158,158,178,178,252,252,263,263],"floor_reached":19,"playtime":418,"items_purged":["Doubt"],"score":310,"play_id":"5449496b-b0d3-4db1-98c5-693634627511","local_time":"20190410221439","is_ascension_mode":true,"campfire_choices":[{"data":"Immolate","floor":6.0,"key":"SMITH"},{"floor":8.0,"key":"REST"},{"data":"Strike_R","floor":13.0,"key":"SMITH"},{"floor":15.0,"key":"RECALL"}],"neow_cost":"NONE","seed_source_timestamp":0,"circlet_count":0,"master_deck":["AscendersBane","Strike_R","Strike_R","Strike_R","Strike_R","Strike_R+1","Defend_R","Defend_R","Defend_R","Defend_R","Bash+1","Immolate+1","Offering","Demon Form+1","Injury","Regret","Parasite","Sword Boomerang"],"special_seed":0,"relics":["Burning Blood","Boot","Frozen Egg 2","Odd Mushroom","Calling Bell","Dream Catcher","Question Card","Ginger"],"potions_floor_usage":[16,16,19],"damage_taken":[{"damage":4.0,"enemies":"2 Louse","floor":1.0,"turns":4.0},{"damage":17.0,"enemies":"The Mushroom Lair","floor":7.0,"turns":3.0},{"damage":9.0,"enemies":"Jaw Worm","floor":10.0,"turns":4.0},{"damage":1.0,"enemies":"Cultist","floor":11.0,"turns":3.0},{"damage":20.0,"enemies":"Gremlin Gang","floor":14.0,"turns":2.0},{"damage":54,"enemies":"Slime Boss","floor":16,"turns":7},{"damage":58,"enemies":"Shell Parasite","floor":18,"turns":5},{"damage":0,"enemies":"Masked Bandits","floor":19,"turns":2}],"seed_played":"-306086018008202835","potions_obtained":[{"floor":1.0,"key":"Ancient Potion"},{"floor":7.0,"key":"EssenceOfSteel"},{"floor":14.0,"key":"Regen Potion"},{"floor":18,"key":"Block Potion"}],"is_trial":false,"path_per_floor":["M","?","$","?","?","R","?","R","T","M","M","$","R","M","R","B",null,"M","?"],"character_chosen":"IRONCLAD","items_purchased":["Immolate"],"campfire_rested":1,"item_purchase_floors":[3],"current_hp_per_floor":[70,70,70,70,52,52,41,63,63,60,65,65,65,51,51,18,61,9,9],"gold":263,"neow_bonus":"RANDOM_COMMON_RELIC","is_prod":false,"is_daily":false,"chose_seed":false,"campfire_upgraded":2,"win_rate":0,"timestamp":1554927279,"path_taken":["M","?","$","?","?","R","?","R","T","?","?","$","R","?","R","BOSS","M","?"],"build_version":"2019-04-04","purchased_purges":1,"victory":false,"max_hp_per_floor":[75,75,75,75,75,75,75,75,75,75,75,75,75,75,75,75,75,75,75],"card_choices":[{"not_picked":["Sever Soul","Body Slam","Pommel Strike"],"picked":"SKIP","floor":1.0},{"not_picked":["Clash","Thunderclap","Sever Soul"],"picked":"SKIP","floor":10.0},{"not_picked":["Warcry","Sever Soul","Iron Wave"],"picked":"SKIP","floor":11.0},{"not_picked":["Seeing Red","Burning Pact"],"picked":"Offering","floor":14.0},{"not_picked":["Juggernaut+1","Berserk+1"],"picked":"Demon Form+1","floor":16},{"not_picked":["Flex","Body Slam","Hemokinesis"],"picked":"Sword Boomerang","floor":18}],"player_experience":1355150,"relics_obtained":[{"floor":7.0,"key":"Odd Mushroom"},{"floor":17,"key":"Dream Catcher"},{"floor":17,"key":"Question Card"},{"floor":17,"key":"Ginger"}],"event_choices":[{"damage_healed":0.0,"max_hp_gain":0.0,"max_hp_loss":0.0,"gold_gain":0.0,"event_name":"Living Wall","player_choice":"Grow","floor":2.0,"gold_loss":0.0,"damage_taken":0.0,"cards_upgraded":["Bash"]},{"damage_healed":0.0,"max_hp_gain":0.0,"max_hp_loss":0.0,"gold_gain":150.0,"event_name":"Liars Game","player_choice":"AGREE","floor":4.0,"gold_loss":0.0,"damage_taken":0.0,"cards_obtained":["Doubt"]},{"damage_healed":0.0,"max_hp_gain":0.0,"max_hp_loss":0.0,"gold_gain":0.0,"event_name":"Scrap Ooze","player_choice":"Success","floor":5.0,"gold_loss":0.0,"damage_taken":18.0,"relics_obtained":["Frozen Egg 2"]},{"damage_healed":0.0,"max_hp_gain":0.0,"max_hp_loss":0.0,"gold_gain":0.0,"event_name":"Mushrooms","player_choice":"Fought Mushrooms","floor":7.0,"gold_loss":0.0,"damage_taken":0.0},{"damage_healed":0,"gold_gain":0,"player_choice":"Fought Bandits","damage_taken":0,"max_hp_gain":0,"max_hp_loss":0,"event_name":"Masked Bandits","floor":19,"gold_loss":0}],"is_beta":true,"boss_relics":[{"not_picked":["Runic Cube","White Beast Statue"],"picked":"Calling Bell"}],"items_purged_floors":[12],"is_endless":false,"potions_floor_spawned":[1,7,11,14,18],"killed_by":"Masked Bandits","ascension_level":20}