{"gold_per_floor":[115,115,33,33,51,92,267,267,315,315,340,340,384,409,409,539,539,554,554,85,100,100,100,141,240,267,267,111,36,76,97,97,225,225,240,240,240,240,35,35,58,58,105,81,99,99,124,144,144,144],"floor_reached":51,"playtime":3209,"items_purged":["Strike_G+1","Blade Dance"],"score":1046,"play_id":"3dadaff8-dc7d-4591-b780-07930c5207b1","local_time":"20190430133842","is_ascension_mode":true,"campfire_choices":[{"floor":10,"key":"REST"},{"data":"Crippling Poison","floor":12,"key":"SMITH"},{"data":"Noxious Fumes","floor":15,"key":"SMITH"},{"data":"After Image","floor":23,"key":"SMITH"},{"floor":27,"key":"REST"},{"data":"Footwork","floor":32,"key":"SMITH"},{"floor":40,"key":"REST"},{"floor":46,"key":"REST"},{"data":"Footwork","floor":49,"key":"SMITH"}],"neow_cost":"NONE","seed_source_timestamp":2515250479064458,"circlet_count":0,"master_deck":["AscendersBane","Defend_G+1","Defend_G","Defend_G","Defend_G","Defend_G","Survivor","Neutralize","Crippling Poison+1","Noxious Fumes+1","Cloak And Dagger","Cloak And Dagger","Escape Plan","After Image+1","Endless Agony","Doppelganger+1","Infinite Blades","Deflect+1","Endless Agony+1","Blur","Footwork+1","Crippling Poison","Slice","Corpse Explosion","Deflect","Cloak And Dagger","Noxious Fumes","Dodge and Roll+1","Acrobatics","Calculated Gamble+1","Deflect+1","Footwork+1"],"relics":["Ring of the Snake","NeowsBlessing","Golden Idol","Whetstone","Snake Skull","Regal Pillow","Empty Cage","Oddly Smooth Stone","StoneCalendar","War Paint","Pen Nib","Blood Vial","Runic Pyramid","Orichalcum"],"potions_floor_usage":[16,16,16,24,30,30,35,45,50],"damage_taken":[{"damage":0,"enemies":"Jaw Worm","floor":1,"turns":1},{"damage":0,"enemies":"Small Slimes","floor":5,"turns":1},{"damage":0,"enemies":"Gremlin Nob","floor":6,"turns":1},{"damage":0,"enemies":"2 Louse","floor":11,"turns":3},{"damage":10,"enemies":"Lagavulin","floor":13,"turns":6},{"damage":0,"enemies":"Large Slime","floor":14,"turns":4},{"damage":31,"enemies":"Slime Boss","floor":16,"turns":10},{"damage":8,"enemies":"Chosen","floor":18,"turns":5},{"damage":0,"enemies":"3 Byrds","floor":21,"turns":3},{"damage":9,"enemies":"Book of Stabbing","floor":24,"turns":7},{"damage":18,"enemies":"Slavers","floor":30,"turns":6},{"damage":2,"enemies":"3 Cultists","floor":31,"turns":5},{"damage":46,"enemies":"Champ","floor":33,"turns":15},{"damage":10,"enemies":"3 Darklings","floor":35,"turns":5},{"damage":0,"enemies":"3 Shapes","floor":41,"turns":5},{"damage":39,"enemies":"Transient","floor":45,"turns":5},{"damage":0,"enemies":"Maw","floor":47,"turns":9},{"damage":7,"enemies":"Jaw Worm Horde","floor":48,"turns":4},{"damage":40,"enemies":"Time Eater","floor":50,"turns":17}],"seed_played":"-3300902080534345051","potions_obtained":[{"floor":5,"key":"Explosive Potion"},{"floor":6,"key":"PowerPotion"},{"floor":11,"key":"Block Potion"},{"floor":16,"key":"Ancient Potion"},{"floor":24,"key":"Weak Potion"},{"floor":33,"key":"Explosive Potion"},{"floor":35,"key":"GhostInAJar"}],"is_trial":false,"path_per_floor":["M","?","$","?","M","E","?","?","T","R","M","R","E","M","R","B",null,"M","?","$","M","T","R","E","?","T","R","$","?","E","M","R","B",null,"M","?","?","?","$","R","M","?","T","$","M","R","M","M","R","B",null],"character_chosen":"THE_SILENT","items_purchased":["Noxious Fumes","Infinite Blades","Deflect","Oddly Smooth Stone","Blade Dance","EssenceOfSteel","Footwork","Crippling Poison","Block Potion","Cloak And Dagger","Noxious Fumes","Acrobatics"],"campfire_rested":4,"item_purchase_floors":[3,20,20,20,20,20,28,28,28,39,39,44],"current_hp_per_floor":[63,63,63,50,50,50,50,43,43,62,62,62,52,52,52,21,54,46,46,46,46,46,46,37,37,37,65,65,65,47,47,47,3,50,42,42,42,42,42,62,62,62,62,62,23,56,58,53,53,15],"gold":144,"neow_bonus":"THREE_ENEMY_KILL","is_prod":false,"is_daily":false,"chose_seed":false,"campfire_upgraded":5,"win_rate":0,"timestamp":1556609922,"path_taken":["M","?","$","?","M","E","?","?","T","R","M","R","E","M","R","BOSS","M","?","$","M","?","R","E","?","T","R","$","?","E","?","R","BOSS","M","?","?","?","$","R","M","?","T","$","M","R","M","?","R","BOSS"],"build_version":"2019-01-23","purchased_purges":2,"victory":true,"max_hp_per_floor":[70,65,65,65,65,65,65,65,65,65,65,65,65,65,65,65,65,65,65,65,65,65,65,65,65,65,65,65,65,65,65,65,65,65,65,65,65,62,62,62,62,62,62,62,62,62,62,62,62,62],"card_choices":[{"not_picked":["Dagger Throw","Choke"],"picked":"Crippling Poison","floor":1},{"not_picked":["Cloak And Dagger","Underhanded Strike"],"picked":"Bane","floor":5},{"not_picked":["Unload","Outmaneuver","Concentrate"],"picked":"SKIP","floor":6},{"not_picked":["Expertise","Poisoned Stab"],"picked":"Cloak And Dagger","floor":11},{"not_picked":["Backstab","Distraction"],"picked":"Cloak And Dagger","floor":13},{"not_picked":["Sucker Punch","Setup"],"picked":"Escape Plan","floor":14},{"not_picked":["Wraith Form v2","Venomology"],"picked":"After Image","floor":16},{"not_picked":["Flying Knee","Riddle With Holes"],"picked":"Endless Agony","floor":18},{"not_picked":["Outmaneuver","Well Laid Plans"],"picked":"Endless Agony+1","floor":21},{"not_picked":["Infinite Blades","Dodge and Roll"],"picked":"Blur","floor":24},{"not_picked":["Cloak And Dagger","Dagger Spray","Infinite Blades+1"],"picked":"SKIP","floor":30},{"not_picked":["Catalyst","Dash"],"picked":"Slice","floor":31},{"not_picked":["Storm of Steel","Die Die Die"],"picked":"Corpse Explosion","floor":33},{"not_picked":["Bane+1","Terror"],"picked":"Deflect","floor":35},{"not_picked":["Dagger Throw+1","Quick Slash+1"],"picked":"Dodge and Roll+1","floor":41},{"not_picked":["Phantasmal Killer","Accuracy"],"picked":"Calculated Gamble+1","floor":45},{"not_picked":["Flying Knee","Crippling Poison"],"picked":"Deflect+1","floor":47},{"not_picked":["Quick Slash","Flechettes+1"],"picked":"Footwork","floor":48}],"player_experience":1263232,"relics_obtained":[{"floor":6,"key":"Whetstone"},{"floor":9,"key":"Snake Skull"},{"floor":13,"key":"Regal Pillow"},{"floor":22,"key":"StoneCalendar"},{"floor":24,"key":"War Paint"},{"floor":26,"key":"Pen Nib"},{"floor":30,"key":"Blood Vial"},{"floor":43,"key":"Orichalcum"}],"event_choices":[{"damage_healed":0,"gold_gain":0,"player_choice":"Lose Max HP","damage_taken":0,"relics_obtained":["Golden Idol"],"max_hp_gain":0,"max_hp_loss":5,"event_name":"Golden Idol","floor":2,"gold_loss":0},{"damage_healed":0,"gold_gain":0,"player_choice":"Entered Light","damage_taken":13,"max_hp_gain":0,"max_hp_loss":0,"event_name":"Shining Light","floor":4,"gold_loss":0,"cards_upgraded":["Defend_G","Strike_G"]},{"damage_healed":0,"gold_gain":175,"player_choice":"AGREE","damage_taken":0,"max_hp_gain":0,"max_hp_loss":0,"event_name":"Liars Game","floor":7,"gold_loss":0,"cards_obtained":["Doubt"]},{"cards_removed":["Doubt"],"damage_healed":0,"gold_gain":0,"player_choice":"Card Removal","damage_taken":7,"max_hp_gain":0,"max_hp_loss":0,"event_name":"Golden Wing","floor":8,"gold_loss":0},{"damage_healed":0,"gold_gain":0,"cards_transformed":["Strike_G","Strike_G"],"player_choice":"Became Test Subject","damage_taken":0,"max_hp_gain":0,"max_hp_loss":0,"event_name":"Drug Dealer","floor":19,"gold_loss":0,"cards_obtained":["Quick Slash","Doppelganger"]},{"damage_healed":0,"gold_gain":99,"player_choice":"Stole From Cult","damage_taken":0,"max_hp_gain":0,"max_hp_loss":0,"event_name":"Nest","floor":25,"gold_loss":0},{"cards_removed":["Quick Slash"],"damage_healed":0,"gold_gain":0,"player_choice":"Gave Gold","damage_taken":0,"max_hp_gain":0,"max_hp_loss":0,"event_name":"Beggar","floor":29,"gold_loss":75},{"damage_healed":0,"gold_gain":0,"player_choice":"Ignored","damage_taken":0,"max_hp_gain":0,"max_hp_loss":0,"event_name":"Mysterious Sphere","floor":36,"gold_loss":0},{"cards_removed":["Bane"],"damage_healed":0,"gold_gain":0,"player_choice":"Removed Attack","damage_taken":0,"max_hp_gain":0,"max_hp_loss":0,"event_name":"Falling","floor":37,"gold_loss":0},{"damage_healed":0,"gold_gain":0,"player_choice":"Max HP","damage_taken":0,"max_hp_gain":0,"max_hp_loss":3,"event_name":"Winding Halls","floor":38,"gold_loss":0},{"damage_healed":0,"gold_gain":0,"player_choice":"Leave","damage_taken":0,"max_hp_gain":0,"max_hp_loss":0,"event_name":"FaceTrader","floor":42,"gold_loss":0}],"is_beta":false,"boss_relics":[{"not_picked":["Orrery","Philosopher\u0027s Stone"],"picked":"Empty Cage"},{"not_picked":["HoveringKite","Calling Bell"],"picked":"Runic Pyramid"}],"items_purged_floors":[20,39],"is_endless":false,"potions_floor_spawned":[5,6,11,16,24,33,35],"ascension_level":10}