{"gold_per_floor":[115,130,130,146,296,296,43,118,143,143,171,171,198,211,211,211],"floor_reached":16,"playtime":526,"items_purged":["Doubt"],"score":216,"play_id":"3e8dbd25-dbbb-4cd4-944e-fa361656de31","local_time":"20190325225013","is_ascension_mode":true,"campfire_choices":[{"data":"Shrug It Off","floor":6,"key":"SMITH"},{"data":"Double Tap","floor":10,"key":"SMITH"},{"floor":12,"key":"RECALL"},{"floor":15,"key":"REST"}],"neow_cost":"NONE","seed_source_timestamp":426782549442300,"circlet_count":0,"master_deck":["AscendersBane","Strike_R","Strike_R","Strike_R","Strike_R","Strike_R","Defend_R","Defend_R","Defend_R","Defend_R","Bash+1","Flame Barrier+1","Shrug It Off+1","Double Tap+1","Dropkick","Heavy Blade"],"relics":["Burning Blood","PreservedInsect","Omamori","Strawberry"],"potions_floor_usage":[4,16],"damage_taken":[{"damage":7,"enemies":"Cultist","floor":1,"turns":4},{"damage":4,"enemies":"Jaw Worm","floor":2,"turns":6},{"damage":0,"enemies":"Small Slimes","floor":4,"turns":4},{"damage":9,"enemies":"Lagavulin","floor":11,"turns":6},{"damage":25,"enemies":"Gremlin Nob","floor":13,"turns":4},{"damage":7,"enemies":"2 Fungi Beasts","floor":14,"turns":5},{"damage":72,"enemies":"Hexaghost","floor":16,"turns":10}],"seed_played":"-7277889789938273289","potions_obtained":[{"floor":1,"key":"Strength Potion"},{"floor":2,"key":"SkillPotion"}],"is_trial":false,"path_per_floor":["M","M","?","M","?","R","$","?","T","R","E","R","E","M","R","B"],"character_chosen":"IRONCLAD","items_purchased":["Double Tap"],"campfire_rested":1,"item_purchase_floors":[7],"current_hp_per_floor":[67,69,69,75,75,75,75,64,64,64,61,61,49,48,72,0],"gold":211,"neow_bonus":"UPGRADE_CARD","is_prod":false,"is_daily":false,"chose_seed":false,"campfire_upgraded":2,"win_rate":0,"timestamp":1553550613,"path_taken":["M","?","?","M","?","R","$","?","T","R","E","R","E","M","R","BOSS"],"build_version":"2019-03-15","purchased_purges":1,"victory":false,"max_hp_per_floor":[75,75,75,75,75,75,75,75,75,75,75,75,82,82,82,82],"card_choices":[{"not_picked":["Hemokinesis","Entrench"],"picked":"Flame Barrier","floor":1},{"not_picked":["Perfected Strike","Corruption","Infernal Blade"],"picked":"SKIP","floor":2},{"not_picked":["Clothesline","Armaments"],"picked":"Shrug It Off","floor":4},{"not_picked":["Dual Wield","Armaments","Brutality"],"picked":"SKIP","floor":11},{"not_picked":["Cleave","Bloodletting"],"picked":"Dropkick","floor":13},{"not_picked":["Wild Strike","Body Slam"],"picked":"Heavy Blade","floor":14}],"player_experience":1279244,"relics_obtained":[{"floor":9,"key":"PreservedInsect"},{"floor":11,"key":"Omamori"},{"floor":13,"key":"Strawberry"}],"event_choices":[{"damage_healed":0,"gold_gain":0,"player_choice":"Grow","damage_taken":0,"max_hp_gain":0,"max_hp_loss":0,"event_name":"Living Wall","floor":3,"gold_loss":0,"cards_upgraded":["Flame Barrier"]},{"damage_healed":0,"gold_gain":150,"player_choice":"AGREE","damage_taken":0,"max_hp_gain":0,"max_hp_loss":0,"event_name":"Liars Game","floor":5,"gold_loss":0,"cards_obtained":["Doubt"]},{"damage_healed":0,"gold_gain":75,"player_choice":"Gather Gold","damage_taken":11,"max_hp_gain":0,"max_hp_loss":0,"event_name":"World of Goop","floor":8,"gold_loss":0}],"is_beta":true,"boss_relics":[],"items_purged_floors":[7],"is_endless":false,"potions_floor_spawned":[1,2],"killed_by":"Hexaghost","ascension_level":20}