{"gold_per_floor":[113,38,38,38,50,85,102,102,174,207,222,222,252,263,263,337,337,352,80,99,14,33,33],"floor_reached":23,"playtime":1408,"items_purged":["Strike_B"],"score":496,"play_id":"ed7e4160-2fb8-4148-b639-512a49ed2750","local_time":"20190423162633","is_ascension_mode":true,"campfire_choices":[{"data":"Chill","floor":8,"key":"SMITH"},{"data":"Streamline","floor":12,"key":"SMITH"},{"data":"Machine Learning","floor":15,"key":"SMITH"}],"neow_cost":"NONE","seed_source_timestamp":1922323543444434,"circlet_count":0,"master_deck":["AscendersBane","Strike_B","Defend_B","Defend_B","Defend_B","Defend_B","Zap","Dualcast","Sweeping Beam","Auto Shields","Electrodynamics","Chill+1","Streamline+1","Conserve Battery","Machine Learning+1","Biased Cognition","Genetic Algorithm","FTL","Stack","Bandage Up","FTL"],"relics":["Cracked Core","NeowsBlessing","Oddly Smooth Stone","Ornamental Fan","Lantern","Vajra","Runic Pyramid","Potion Belt"],"potions_floor_usage":[23,23],"damage_taken":[{"damage":0,"enemies":"2 Louse","floor":1,"turns":1},{"damage":0,"enemies":"Small Slimes","floor":5,"turns":1},{"damage":0,"enemies":"Lagavulin","floor":6,"turns":1},{"damage":0,"enemies":"Cultist","floor":7,"turns":3},{"damage":0,"enemies":"3 Sentries","floor":10,"turns":3},{"damage":0,"enemies":"2 Fungi Beasts","floor":11,"turns":3},{"damage":4,"enemies":"Lagavulin","floor":13,"turns":6},{"damage":0,"enemies":"Exordium Wildlife","floor":14,"turns":2},{"damage":35,"enemies":"Hexaghost","floor":16,"turns":13},{"damage":9,"enemies":"3 Byrds","floor":18,"turns":3},{"damage":0,"enemies":"Spheric Guardian","floor":20,"turns":4},{"damage":0,"enemies":"3 Cultists","floor":22,"turns":3},{"damage":65,"enemies":"Gremlin Leader","floor":23,"turns":6}],"seed_played":"-652283413227051510","potions_obtained":[{"floor":5,"key":"AttackPotion"},{"floor":6,"key":"Fire Potion"},{"floor":14,"key":"Block Potion"},{"floor":22,"key":"Strength Potion"}],"is_trial":false,"path_per_floor":["M","?","?","$","M","E","M","R","T","E","M","R","E","M","R","B",null,"M","$","M","?","M","E"],"character_chosen":"DEFECT","items_purchased":["FTL","Stack","Bandage Up"],"campfire_rested":0,"item_purchase_floors":[19,19,19],"current_hp_per_floor":[64,64,57,57,57,57,57,57,57,57,57,57,53,53,53,18,58,49,49,53,53,57,0],"gold":33,"neow_bonus":"THREE_ENEMY_KILL","is_prod":false,"is_daily":false,"chose_seed":false,"campfire_upgraded":3,"win_rate":0,"timestamp":1556015193,"path_taken":["M","?","?","$","M","E","M","R","T","E","M","R","E","M","R","BOSS","M","$","M","?","M","E"],"build_version":"2019-01-23","purchased_purges":1,"victory":false,"max_hp_per_floor":[71,71,71,71,71,71,71,71,71,71,71,71,71,71,71,71,71,71,71,71,71,71,71],"card_choices":[{"not_picked":["Rip and Tear","Coolheaded"],"picked":"Sweeping Beam","floor":1},{"not_picked":["Steam","Stack"],"picked":"Auto Shields","floor":5},{"not_picked":["Reprogram","Chaos"],"picked":"Electrodynamics","floor":6},{"not_picked":["Beam Cell","Redo"],"picked":"Chill","floor":7},{"not_picked":["Storm","Coolheaded"],"picked":"Streamline","floor":10},{"not_picked":["Barrage","Skim"],"picked":"Conserve Battery","floor":11},{"not_picked":["Conserve Battery","Chaos","Gash"],"picked":"SKIP","floor":13},{"not_picked":["Ball Lightning","Cold Snap"],"picked":"Machine Learning","floor":14},{"not_picked":["Meteor Strike","Buffer"],"picked":"Biased Cognition","floor":16},{"not_picked":["Redo","Lockon"],"picked":"Genetic Algorithm","floor":18},{"not_picked":["Redo","Leap","Rebound"],"picked":"SKIP","floor":20},{"not_picked":["Auto Shields","Scrape"],"picked":"FTL","floor":22}],"player_experience":1191256,"relics_obtained":[{"floor":6,"key":"Oddly Smooth Stone"},{"floor":9,"key":"Ornamental Fan"},{"floor":10,"key":"Lantern"},{"floor":13,"key":"Vajra"}],"event_choices":[{"cards_removed":["Strike_B"],"damage_healed":0,"gold_gain":0,"player_choice":"Card Removal","damage_taken":0,"max_hp_gain":0,"max_hp_loss":0,"event_name":"The Cleric","floor":2,"gold_loss":75},{"cards_removed":["Strike_B"],"damage_healed":0,"gold_gain":0,"player_choice":"Card Removal","damage_taken":7,"max_hp_gain":0,"max_hp_loss":0,"event_name":"Golden Wing","floor":3,"gold_loss":0},{"damage_healed":0,"gold_gain":0,"player_choice":"Obtained Relic","damage_taken":0,"relics_obtained":["Potion Belt"],"max_hp_gain":0,"max_hp_loss":0,"event_name":"Addict","floor":21,"gold_loss":85}],"is_beta":false,"boss_relics":[{"not_picked":["Fusion Hammer","Runic Dome"],"picked":"Runic Pyramid"}],"items_purged_floors":[19],"is_endless":false,"potions_floor_spawned":[5,6,11,13,14,16,18,22],"killed_by":"Gremlin Leader","ascension_level":18}