{"gold_per_floor":[210,224,299,73,90,123,123,153,153,172,202,202,220,236,236,340,340,358,273,290,316,316,316,349,96,96,109,119,119],"floor_reached":29,"playtime":1168,"items_purged":["Defend_R","Writhe"],"score":265,"play_id":"07d3224b-9306-4123-9d68-f9cc833efca9","local_time":"20190309215526","is_ascension_mode":false,"campfire_choices":[{"data":"Bash","floor":7,"key":"SMITH"},{"data":"Headbutt","floor":15,"key":"SMITH"},{"floor":23,"key":"REST"}],"neow_cost":"NONE","seed_source_timestamp":632050943536400,"circlet_count":0,"master_deck":["Strike_R","Strike_R","Strike_R","Strike_R","Strike_R","Defend_R","Defend_R","Bash+1","Shrug It Off","Shrug It Off","Headbutt+1","Shrug It Off","Demon Form","Heavy Blade","Sword Boomerang","Sword Boomerang+1"],"relics":["Burning Blood","Blood Vial","Art of War","Pantograph","Orichalcum","Bottled Flame","Orrery","Pen Nib","Red Mask","Omamori","Unceasing Top","Lantern"],"potions_floor_usage":[6,11,14,16,24,28,29],"damage_taken":[{"damage":2,"enemies":"2 Louse","floor":1,"turns":4},{"damage":6,"enemies":"Cultist","floor":2,"turns":3},{"damage":5,"enemies":"Jaw Worm","floor":5,"turns":4},{"damage":45,"enemies":"3 Sentries","floor":6,"turns":8},{"damage":22,"enemies":"Gremlin Nob","floor":8,"turns":4},{"damage":7,"enemies":"Blue Slaver","floor":10,"turns":4},{"damage":18,"enemies":"3 Sentries","floor":11,"turns":12},{"damage":1,"enemies":"2 Fungi Beasts","floor":13,"turns":4},{"damage":0,"enemies":"Gremlin Gang","floor":14,"turns":3},{"damage":42,"enemies":"Hexaghost","floor":16,"turns":11},{"damage":8,"enemies":"Chosen","floor":18,"turns":4},{"damage":22,"enemies":"Spheric Guardian","floor":20,"turns":5},{"damage":53,"enemies":"Masked Bandits","floor":21,"turns":6},{"damage":19,"enemies":"Gremlin Leader","floor":24,"turns":5},{"damage":0,"enemies":"Centurion and Healer","floor":27,"turns":6},{"damage":33,"enemies":"Shelled Parasite and Fungi","floor":28,"turns":6},{"damage":29,"enemies":"3 Cultists","floor":29,"turns":4}],"seed_played":"7074553074161071325","potions_obtained":[{"floor":1,"key":"Block Potion"},{"floor":2,"key":"PowerPotion"},{"floor":8,"key":"SpeedPotion"},{"floor":11,"key":"Explosive Potion"},{"floor":16,"key":"SpeedPotion"},{"floor":21,"key":"Explosive Potion"},{"floor":24,"key":"Explosive Potion"},{"floor":27,"key":"FairyPotion"}],"is_trial":false,"path_per_floor":["M","M","?","$","M","E","R","E","T","M","E","?","M","M","R","B",null,"M","?","M","?","?","R","E","$","T","M","M","M"],"character_chosen":"IRONCLAD","items_purchased":["Blood Vial","Lantern"],"campfire_rested":1,"item_purchase_floors":[4,25],"current_hp_per_floor":[80,80,69,69,72,35,35,21,21,22,12,12,19,27,27,18,80,78,78,64,19,19,43,32,32,32,40,15,0],"gold":119,"neow_bonus":"HUNDRED_GOLD","is_prod":false,"is_daily":false,"chose_seed":false,"campfire_upgraded":2,"win_rate":0,"timestamp":1552164926,"path_taken":["M","M","?","$","M","E","R","E","T","M","E","?","?","M","R","BOSS","M","?","M","?","?","R","E","$","T","M","M","M"],"build_version":"2019-02-06","purchased_purges":2,"victory":false,"max_hp_per_floor":[80,80,80,80,80,80,80,80,80,80,80,80,80,80,80,80,80,80,80,80,80,80,80,80,80,80,80,80,80],"card_choices":[{"not_picked":["Iron Wave","Perfected Strike","Body Slam"],"picked":"SKIP","floor":1},{"not_picked":["Second Wind","Sword Boomerang"],"picked":"Shrug It Off","floor":2},{"not_picked":["Pommel Strike","Flex","Metallicize"],"picked":"SKIP","floor":5},{"not_picked":["Carnage","Disarm","Combust"],"picked":"SKIP","floor":6},{"not_picked":["Pommel Strike","Clothesline","Battle Trance"],"picked":"SKIP","floor":8},{"not_picked":["Pommel Strike","True Grit"],"picked":"Shrug It Off","floor":10},{"not_picked":["Dark Embrace","Seeing Red","Wild Strike"],"picked":"SKIP","floor":11},{"not_picked":["Anger","Flex"],"picked":"Shrug It Off","floor":13},{"not_picked":["Clash","Evolve","Infernal Blade"],"picked":"SKIP","floor":14},{"not_picked":["Barricade","Reaper"],"picked":"Demon Form","floor":16},{"not_picked":["Clothesline","Wild Strike"],"picked":"Heavy Blade","floor":17},{"not_picked":["Bludgeon","Clothesline"],"picked":"Sword Boomerang","floor":17},{"not_picked":["Sentinel","Cleave","Pommel Strike"],"picked":"SKIP","floor":18},{"not_picked":["Clash","Iron Wave+1"],"picked":"Sword Boomerang+1","floor":20},{"not_picked":["Dark Embrace","Sword Boomerang","Wild Strike"],"picked":"SKIP","floor":24},{"not_picked":["Havoc","True Grit","Cleave"],"picked":"SKIP","floor":27},{"not_picked":["Pommel Strike+1","Battle Trance","Uppercut"],"picked":"SKIP","floor":28}],"player_experience":1238500,"relics_obtained":[{"floor":6,"key":"Art of War"},{"floor":8,"key":"Pantograph"},{"floor":9,"key":"Orichalcum"},{"floor":11,"key":"Bottled Flame"},{"floor":21,"key":"Red Mask"},{"floor":24,"key":"Unceasing Top"}],"event_choices":[{"damage_healed":0,"gold_gain":75,"player_choice":"Gather Gold","damage_taken":11,"max_hp_gain":0,"max_hp_loss":0,"event_name":"World of Goop","floor":3,"gold_loss":0},{"damage_healed":0,"gold_gain":0,"cards_transformed":["Defend_R"],"player_choice":"Transformed","damage_taken":0,"max_hp_gain":0,"max_hp_loss":0,"event_name":"Transmorgrifier","floor":12,"gold_loss":0,"cards_obtained":["Headbutt"]},{"damage_healed":0,"gold_gain":0,"player_choice":"Obtained Relic","damage_taken":0,"relics_obtained":["Pen Nib"],"max_hp_gain":0,"max_hp_loss":0,"event_name":"Addict","floor":19,"gold_loss":85},{"damage_healed":0,"gold_gain":0,"player_choice":"Fought Bandits","damage_taken":0,"max_hp_gain":0,"max_hp_loss":0,"event_name":"Masked Bandits","floor":21,"gold_loss":0},{"damage_healed":0,"gold_gain":0,"player_choice":"Opened","damage_taken":0,"relics_obtained":["Omamori"],"max_hp_gain":0,"max_hp_loss":0,"event_name":"The Mausoleum","floor":22,"gold_loss":0,"cards_obtained":["Writhe"]}],"is_beta":true,"boss_relics":[{"not_picked":["Mark of Pain","Fusion Hammer"],"picked":"Orrery"}],"items_purged_floors":[4,25],"is_endless":false,"potions_floor_spawned":[1,2,8,11,16,21,24,27],"killed_by":"3 Cultists","ascension_level":0}