{"gold_per_floor":[109,109,109,109,129,129,129,29,29,29,29,60,60,74,74,152,152,178,202,261,60,60,60,71,71,71,86,31,31,45,45,45,45],"floor_reached":33,"playtime":739,"items_purged":["Pain","Regret"],"score":502,"play_id":"5a8bda18-bd8a-4895-90f7-779c016fdd19","local_time":"20190326200823","is_ascension_mode":true,"campfire_choices":[{"data":"Bash","floor":6,"key":"SMITH"},{"floor":11,"key":"REST"},{"floor":13,"key":"REST"},{"data":"Demon Form","floor":15,"key":"SMITH"},{"floor":23,"key":"REST"},{"floor":25,"key":"REST"},{"floor":29,"key":"REST"},{"floor":32,"key":"REST"}],"neow_cost":"NONE","seed_source_timestamp":503268357245000,"circlet_count":0,"master_deck":["AscendersBane","Strike_R","Strike_R+1","Strike_R","Strike_R","Strike_R+1","Defend_R","Defend_R","Defend_R","Defend_R","Bash+1","Rampage+1","Shrug It Off","Shrug It Off","Demon Form+1","Offering","Parasite","Pummel","Sword Boomerang","Decay"],"relics":["Burning Blood","Nunchaku","WarpedTongs","Centennial Puzzle","Omamori","Calling Bell","MawBank","Mercury Hourglass","Champion Belt","WingedGreaves"],"potions_floor_usage":[5,7,16,24,27,33],"damage_taken":[{"damage":15,"enemies":"2 Louse","floor":1,"turns":3},{"damage":6,"enemies":"Jaw Worm","floor":5,"turns":4},{"damage":0,"enemies":"Gremlin Nob","floor":7,"turns":2},{"damage":39,"enemies":"Lagavulin","floor":12,"turns":7},{"damage":9,"enemies":"Small Slimes","floor":14,"turns":4},{"damage":25,"enemies":"Slime Boss","floor":16,"turns":7},{"damage":30,"enemies":"Spheric Guardian","floor":18,"turns":5},{"damage":36,"enemies":"2 Thieves","floor":19,"turns":4},{"damage":15,"enemies":"3 Cultists","floor":24,"turns":5},{"damage":19,"enemies":"Centurion and Healer","floor":27,"turns":5},{"damage":46,"enemies":"Shelled Parasite and Fungi","floor":30,"turns":5},{"damage":43,"enemies":"Collector","floor":33,"turns":3}],"seed_played":"-8295146334246182380","potions_obtained":[{"floor":0,"key":"SkillPotion"},{"floor":0,"key":"SmokeBomb"},{"floor":12,"key":"PowerPotion"},{"floor":19,"key":"Energy Potion"},{"floor":24,"key":"BloodPotion"}],"is_trial":false,"path_per_floor":["M","?","?","?","M","R","E","$","T","?","R","E","R","M","R","B",null,"M","M","T","$","?","R","M","R","T","M","$","R","M","?","R","B"],"character_chosen":"IRONCLAD","items_purchased":["Shrug It Off","Sword Boomerang","SteroidPotion","PowerPotion"],"campfire_rested":6,"item_purchase_floors":[8,21,21,28],"current_hp_per_floor":[59,36,36,36,36,36,42,42,42,42,64,31,53,50,50,31,64,40,10,10,10,10,32,23,45,45,39,39,61,21,21,43,0],"gold":45,"neow_bonus":"THREE_SMALL_POTIONS","is_prod":false,"is_daily":false,"chose_seed":false,"campfire_upgraded":2,"win_rate":0,"timestamp":1553627303,"path_taken":["M","?","?","?","?","R","E","$","T","?","R","E","R","M","R","BOSS","M","?","?","$","?","R","M","R","T","M","$","R","M","?","R","BOSS"],"build_version":"2019-03-15","purchased_purges":2,"victory":false,"max_hp_per_floor":[75,75,75,75,75,75,75,75,75,75,75,75,75,75,75,75,75,75,75,75,75,75,75,75,75,75,75,75,75,75,75,75,75],"card_choices":[{"not_picked":["Iron Wave","Warcry","Havoc"],"picked":"SKIP","floor":1},{"not_picked":["Rupture","Sever Soul"],"picked":"Rampage","floor":5},{"not_picked":["Anger","Infernal Blade"],"picked":"Shrug It Off","floor":12},{"not_picked":["Carnage","Fire Breathing"],"picked":"Demon Form","floor":14},{"not_picked":["Demon Form","Bludgeon"],"picked":"Offering","floor":16},{"not_picked":["Searing Blow","Wild Strike"],"picked":"Pummel","floor":18},{"not_picked":["Clothesline","Flex","Blood for Blood"],"picked":"SKIP","floor":19},{"not_picked":["Headbutt","Berserk","Clothesline"],"picked":"SKIP","floor":24},{"not_picked":["Sword Boomerang","Clash","Second Wind"],"picked":"SKIP","floor":27},{"not_picked":["Blood for Blood","Burning Pact","Infernal Blade"],"picked":"SKIP","floor":30}],"player_experience":1289386,"relics_obtained":[{"floor":9,"key":"Centennial Puzzle"},{"floor":12,"key":"Omamori"},{"floor":17,"key":"MawBank"},{"floor":17,"key":"Mercury Hourglass"},{"floor":17,"key":"Champion Belt"},{"floor":26,"key":"WingedGreaves"}],"event_choices":[{"damage_healed":0,"gold_gain":0,"player_choice":"Entered Light","damage_taken":23,"max_hp_gain":0,"max_hp_loss":0,"event_name":"Shining Light","floor":2,"gold_loss":0,"cards_upgraded":["Strike_R","Strike_R"]},{"damage_healed":0,"gold_gain":0,"player_choice":"Box","damage_taken":0,"relics_obtained":["Nunchaku"],"max_hp_gain":0,"max_hp_loss":0,"event_name":"Big Fish","floor":3,"gold_loss":0,"cards_obtained":["Regret"]},{"damage_healed":0,"gold_gain":0,"player_choice":"Rummage","damage_taken":0,"relics_obtained":["WarpedTongs"],"max_hp_gain":0,"max_hp_loss":0,"event_name":"Accursed Blacksmith","floor":4,"gold_loss":0,"cards_obtained":["Pain"]},{"damage_healed":0,"gold_gain":0,"player_choice":"Upgraded","damage_taken":0,"max_hp_gain":0,"max_hp_loss":0,"event_name":"Upgrade Shrine","floor":10,"gold_loss":0,"cards_upgraded":["Rampage"]},{"damage_healed":0,"gold_gain":0,"player_choice":"Smashed Altar","damage_taken":0,"max_hp_gain":0,"max_hp_loss":0,"event_name":"Forgotten Altar","floor":22,"gold_loss":0,"cards_obtained":["Decay"]},{"damage_healed":0,"gold_gain":0,"player_choice":"Ignored","damage_taken":0,"max_hp_gain":0,"max_hp_loss":0,"event_name":"Cursed Tome","floor":31,"gold_loss":0}],"is_beta":true,"boss_relics":[{"not_picked":["Empty Cage","Runic Pyramid"],"picked":"Calling Bell"}],"items_purged_floors":[8,21],"is_endless":false,"potions_floor_spawned":[1,7,12,19,24],"killed_by":"Collector","ascension_level":20}