{"gold_per_floor":[118,29,29,40,40,40,74,91,91,91,102,102,102,51,51,129,129,148,166,81,101,117,117],"floor_reached":23,"playtime":538,"items_purged":[],"score":482,"play_id":"43b78aa1-a3ec-407f-b4b5-aacdc51bf159","local_time":"20190331191353","is_ascension_mode":true,"campfire_choices":[{"data":"Uppercut","floor":6,"key":"SMITH"},{"data":"Demon Form","floor":10,"key":"SMITH"},{"data":"Heavy Blade","floor":15,"key":"SMITH"}],"neow_cost":"NONE","seed_source_timestamp":928620028580700,"circlet_count":0,"master_deck":["AscendersBane","Strike_R","Strike_R","Strike_R","Strike_R","Strike_R","Defend_R","Defend_R","Defend_R","Defend_R","Bash","Demon Form+1","Uppercut+1","Pummel","Heavy Blade+1","Feed","Reaper","Pummel+1"],"relics":["Burning Blood","NeowsBlessing","Paper Frog","Orichalcum","Toxic Egg 2","Lizard Tail","Vajra"],"potions_floor_usage":[16,21],"damage_taken":[{"damage":0,"enemies":"2 Louse","floor":1,"turns":1},{"damage":0,"enemies":"Cultist","floor":4,"turns":1},{"damage":0,"enemies":"3 Sentries","floor":7,"turns":2},{"damage":3,"enemies":"Jaw Worm","floor":8,"turns":2},{"damage":17,"enemies":"Large Slime","floor":11,"turns":3},{"damage":39,"enemies":"The Guardian","floor":16,"turns":5},{"damage":24,"enemies":"3 Byrds","floor":18,"turns":7},{"damage":12,"enemies":"Chosen","floor":19,"turns":5},{"damage":33,"enemies":"Shelled Parasite and Fungi","floor":21,"turns":4},{"damage":36,"enemies":"Sentry and Sphere","floor":22,"turns":5},{"damage":44,"enemies":"3 Cultists","floor":23,"turns":4}],"seed_played":"-4991406764096536265","potions_obtained":[{"floor":3,"key":"Strength Potion"},{"floor":3,"key":"Weak Potion"},{"floor":7,"key":"Dexterity Potion"},{"floor":19,"key":"AttackPotion"},{"floor":22,"key":"LiquidBronze"}],"is_trial":false,"path_per_floor":["M","$","?","M","?","R","E","M","T","R","M","?","?","$","R","B",null,"M","M","?","M","M","M"],"character_chosen":"IRONCLAD","items_purchased":["Demon Form","Heavy Blade"],"campfire_rested":0,"item_purchase_floors":[2,14],"current_hp_per_floor":[74,74,74,75,75,75,75,75,75,75,64,53,53,53,53,20,61,43,37,37,10,40,0],"gold":117,"neow_bonus":"THREE_ENEMY_KILL","is_prod":false,"is_daily":false,"chose_seed":false,"campfire_upgraded":3,"win_rate":0,"timestamp":1554052433,"path_taken":["M","$","?","?","?","R","E","M","T","R","M","?","?","$","R","BOSS","M","M","?","M","M","M"],"build_version":"2019-03-15","purchased_purges":0,"victory":false,"max_hp_per_floor":[75,75,75,75,75,75,75,75,75,75,75,75,75,75,75,75,75,75,75,75,75,78,78],"card_choices":[{"not_picked":["Clash","Wild Strike","Hemokinesis"],"picked":"SKIP","floor":1},{"not_picked":["Twin Strike","Rage"],"picked":"Uppercut","floor":4},{"not_picked":["Shockwave","Thunderclap","Feel No Pain"],"picked":"SKIP","floor":7},{"not_picked":["Whirlwind","Sentinel"],"picked":"Pummel","floor":8},{"not_picked":["Havoc","Hemokinesis","Rupture"],"picked":"SKIP","floor":11},{"not_picked":["Bludgeon","Dark Embrace"],"picked":"Feed","floor":16},{"not_picked":["Anger","Fire Breathing","Warcry+1"],"picked":"SKIP","floor":18},{"not_picked":["Perfected Strike","Rage+1","Body Slam"],"picked":"SKIP","floor":19},{"not_picked":["Disarm+1","Body Slam+1"],"picked":"Reaper","floor":21},{"not_picked":["Clothesline+1","Rampage"],"picked":"Pummel+1","floor":22}],"player_experience":1311912,"relics_obtained":[{"floor":7,"key":"Orichalcum"}],"event_choices":[{"damage_healed":0,"gold_gain":0,"player_choice":"Got Potions","damage_taken":0,"max_hp_gain":0,"max_hp_loss":0,"event_name":"Lab","floor":3,"gold_loss":0},{"damage_healed":0,"gold_gain":0,"player_choice":"Box","damage_taken":0,"relics_obtained":["Paper Frog"],"max_hp_gain":0,"max_hp_loss":0,"event_name":"Big Fish","floor":5,"gold_loss":0,"cards_obtained":["Regret"]},{"damage_healed":0,"gold_gain":0,"player_choice":"Success","damage_taken":11,"relics_obtained":["Toxic Egg 2"],"max_hp_gain":0,"max_hp_loss":0,"event_name":"Scrap Ooze","floor":12,"gold_loss":0},{"cards_removed":["Regret"],"damage_healed":0,"gold_gain":0,"player_choice":"Forget","damage_taken":0,"max_hp_gain":0,"max_hp_loss":0,"event_name":"Living Wall","floor":13,"gold_loss":0},{"damage_healed":0,"gold_gain":0,"player_choice":"Obtained Relic","damage_taken":0,"relics_obtained":["Vajra"],"max_hp_gain":0,"max_hp_loss":0,"event_name":"Addict","floor":20,"gold_loss":85}],"is_beta":true,"boss_relics":[{"not_picked":["Philosopher\u0027s Stone","Tiny House"],"picked":"Lizard Tail"}],"items_purged_floors":[],"is_endless":false,"potions_floor_spawned":[7,8,11,19,22],"killed_by":"3 Cultists","ascension_level":20}