{"gold_per_floor":[118,118,118,118,128,128,456,456,479,479,495,538,214,228,228,354,354,367,386,404,404,404,404,440,440,510,510,549,570,591,36,36,164,164],"floor_reached":34,"playtime":1205,"items_purged":["Defend_R","Defend_R+1"],"score":398,"play_id":"20ee448a-5104-467a-a275-31b80e1e819f","local_time":"20190303204409","is_ascension_mode":false,"campfire_choices":[{"data":"Bash","floor":6,"key":"SMITH"},{"floor":8,"key":"REST"},{"floor":15,"key":"REST"},{"data":"Inflame","floor":23,"key":"SMITH"},{"floor":27,"key":"REST"},{"data":"Heavy Blade","floor":32,"key":"SMITH"}],"neow_cost":"PERCENT_DAMAGE","seed_source_timestamp":109310505838100,"circlet_count":0,"master_deck":["Strike_R+1","Strike_R+1","Strike_R+1","Strike_R+1","Strike_R+1","Defend_R+1","Defend_R+1","Bash+1","Fiend Fire","Shrug It Off","Berserk","Inflame+1","Heavy Blade+1","Shrug It Off","Impervious"],"relics":["Burning Blood","Torii","Old Coin","Boot","Golden Idol","Vajra","Self Forming Clay","Philosopher\u0027s Stone","Potion Belt","Pantograph","Darkstone Periapt","Incense Burner","Strawberry","White Beast Statue"],"potions_floor_usage":[16,24,29,33],"damage_taken":[{"damage":8,"enemies":"2 Louse","floor":1,"turns":3},{"damage":1,"enemies":"Small Slimes","floor":5,"turns":3},{"damage":36,"enemies":"Lagavulin","floor":7,"turns":5},{"damage":0,"enemies":"Jaw Worm","floor":11,"turns":3},{"damage":21,"enemies":"Gremlin Nob","floor":12,"turns":5},{"damage":1,"enemies":"Lots of Slimes","floor":14,"turns":6},{"damage":25,"enemies":"Hexaghost","floor":16,"turns":12},{"damage":13,"enemies":"Spheric Guardian","floor":18,"turns":5},{"damage":10,"enemies":"3 Byrds","floor":19,"turns":5},{"damage":16,"enemies":"Snake Plant","floor":20,"turns":3},{"damage":25,"enemies":"Slavers","floor":24,"turns":6},{"damage":34,"enemies":"Gremlin Leader","floor":28,"turns":6},{"damage":8,"enemies":"Snecko","floor":29,"turns":3},{"damage":15,"enemies":"Centurion and Healer","floor":30,"turns":4},{"damage":16,"enemies":"Collector","floor":33,"turns":8}],"seed_played":"5011881676046381235","potions_obtained":[{"floor":7,"key":"Dexterity Potion"},{"floor":14,"key":"GamblersBrew"},{"floor":16,"key":"Strength Potion"},{"floor":18,"key":"BloodPotion"},{"floor":28,"key":"Weak Potion"},{"floor":29,"key":"SpeedPotion"}],"is_trial":false,"path_per_floor":["M","?","?","?","M","R","E","R","T","?","M","E","$","M","R","B",null,"M","M","M","?","?","R","E","T","T","R","E","M","M","$","R","B",null],"character_chosen":"IRONCLAD","items_purchased":["Self Forming Clay","Incense Burner","Strawberry"],"campfire_rested":3,"item_purchase_floors":[13,31,31],"current_hp_per_floor":[54,54,54,38,43,43,13,37,37,17,23,8,8,13,37,18,80,73,69,59,59,59,59,48,48,48,72,44,42,33,40,40,55,87],"gold":164,"neow_bonus":"THREE_RARE_CARDS","is_prod":false,"is_daily":false,"chose_seed":false,"campfire_upgraded":3,"win_rate":0,"timestamp":1551642249,"path_taken":["M","?","?","?","M","R","E","R","T","?","?","E","$","?","R","BOSS","M","?","?","?","?","R","E","?","T","R","E","M","M","$","R","BOSS"],"build_version":"2019-02-06","purchased_purges":2,"victory":false,"max_hp_per_floor":[80,80,80,80,80,80,80,80,80,80,80,80,80,80,80,80,80,80,80,80,80,80,80,80,80,80,80,80,80,80,87,87,87,87],"card_choices":[{"not_picked":["Juggernaut","Reaper"],"picked":"Fiend Fire","floor":0},{"not_picked":["Thunderclap","Body Slam","True Grit"],"picked":"SKIP","floor":1},{"not_picked":["True Grit","Berserk"],"picked":"Shrug It Off","floor":5},{"not_picked":["Pummel","Iron Wave","Sentinel"],"picked":"SKIP","floor":7},{"not_picked":["Clothesline","Metallicize","Havoc"],"picked":"SKIP","floor":11},{"not_picked":["Flex","Corruption","Iron Wave"],"picked":"SKIP","floor":12},{"not_picked":["Flex","Corruption","Iron Wave"],"picked":"SKIP","floor":12},{"not_picked":["Anger","Flex","Metallicize"],"picked":"SKIP","floor":14},{"not_picked":["Fiend Fire","Barricade"],"picked":"Berserk","floor":16},{"not_picked":["Fire Breathing","Anger"],"picked":"Inflame","floor":18},{"not_picked":["Corruption+1","Armaments","Thunderclap"],"picked":"SKIP","floor":19},{"not_picked":["Sword Boomerang","Havoc","Wild Strike"],"picked":"SKIP","floor":20},{"not_picked":["Berserk","Headbutt"],"picked":"Heavy Blade","floor":24},{"not_picked":["Blood for Blood","Reckless Charge+1","Shockwave"],"picked":"SKIP","floor":28},{"not_picked":["Sentinel","Disarm+1"],"picked":"Shrug It Off","floor":29},{"not_picked":["Carnage+1","Shrug It Off","Flex"],"picked":"SKIP","floor":30},{"not_picked":["Barricade","Berserk"],"picked":"Impervious","floor":33}],"player_experience":1211282,"relics_obtained":[{"floor":7,"key":"Old Coin"},{"floor":9,"key":"Boot"},{"floor":12,"key":"Vajra"},{"floor":24,"key":"Potion Belt"},{"floor":26,"key":"Pantograph"},{"floor":28,"key":"Darkstone Periapt"}],"event_choices":[{"damage_healed":0,"gold_gain":0,"player_choice":"Box","damage_taken":0,"relics_obtained":["Torii"],"max_hp_gain":0,"max_hp_loss":0,"event_name":"Big Fish","floor":2,"gold_loss":0,"cards_obtained":["Regret"]},{"cards_removed":["Regret"],"damage_healed":0,"gold_gain":0,"player_choice":"Forget","damage_taken":0,"max_hp_gain":0,"max_hp_loss":0,"event_name":"Living Wall","floor":3,"gold_loss":0},{"damage_healed":0,"gold_gain":0,"player_choice":"Entered Light","damage_taken":16,"max_hp_gain":0,"max_hp_loss":0,"event_name":"Shining Light","floor":4,"gold_loss":0,"cards_upgraded":["Strike_R","Defend_R"]},{"damage_healed":0,"gold_gain":0,"player_choice":"Take Damage","damage_taken":20,"relics_obtained":["Golden Idol"],"max_hp_gain":0,"max_hp_loss":0,"event_name":"Golden Idol","floor":10,"gold_loss":0},{"damage_healed":0,"gold_gain":0,"player_choice":"Simplicity","damage_taken":0,"max_hp_gain":0,"max_hp_loss":0,"event_name":"Back to Basics","floor":21,"gold_loss":0,"cards_upgraded":["Strike_R","Strike_R","Strike_R","Strike_R","Defend_R","Defend_R"]},{"damage_healed":0,"gold_gain":0,"player_choice":"Ignored","damage_taken":0,"max_hp_gain":0,"max_hp_loss":0,"event_name":"Ghosts","floor":22,"gold_loss":0}],"is_beta":true,"boss_relics":[{"not_picked":["Mark of Pain","Sozu"],"picked":"Philosopher\u0027s Stone"},{"not_picked":["Runic Pyramid","Snecko Eye"],"picked":"White Beast Statue"}],"items_purged_floors":[13,31],"is_endless":false,"potions_floor_spawned":[7,14,16,18,28,29],"ascension_level":0}