{"gold_per_floor":[113,123,135,135,60,86,61,136,136,146,146,166,93,106,106,206,206],"floor_reached":17,"playtime":980,"items_purged":["Writhe"],"score":243,"play_id":"d1377d07-3121-456e-af37-dfea138d28c5","local_time":"20181125163628","is_ascension_mode":true,"campfire_choices":[{"floor":11,"key":"RECALL"},{"floor":15,"key":"REST"}],"neow_cost":"CURSE","seed_source_timestamp":57371332599700,"circlet_count":0,"master_deck":["AscendersBane","Strike_R","Strike_R","Strike_R","Strike_R","Strike_R","Defend_R","Defend_R","Defend_R","Defend_R","Bash","Secret Weapon","The Bomb","Disarm","Inflame","Cleave","Shrug It Off","Twin Strike","Whirlwind","Offering","Bludgeon","Impervious"],"relics":["Burning Blood","Champion Belt"],"potions_floor_usage":[6,6],"damage_taken":[{"damage":10,"enemies":"Cultist","floor":1,"turns":4},{"damage":5,"enemies":"Jaw Worm","floor":2,"turns":4},{"damage":12,"enemies":"2 Louse","floor":3,"turns":5},{"damage":44,"enemies":"Gremlin Nob","floor":6,"turns":5},{"damage":14,"enemies":"Red Slaver","floor":10,"turns":5},{"damage":8,"enemies":"Looter","floor":12,"turns":2},{"damage":15,"enemies":"2 Fungi Beasts","floor":14,"turns":3},{"damage":13,"enemies":"Slime Boss","floor":16,"turns":10}],"seed_played":"2529127004118461463","potions_obtained":[{"floor":1,"key":"FearPotion"},{"floor":3,"key":"Regen Potion"},{"floor":16,"key":"Dexterity Potion"}],"is_trial":false,"path_per_floor":["M","M","M","?","$","E","$","?","T","M","R","M","$","M","R","B",null],"character_chosen":"IRONCLAD","items_purchased":["Shrug It Off","Offering"],"campfire_rested":1,"item_purchase_floors":[7,13],"current_hp_per_floor":[68,69,63,63,63,37,37,29,29,21,21,19,19,10,34,27,27],"gold":206,"neow_bonus":"RANDOM_COLORLESS_2","is_prod":false,"is_daily":false,"chose_seed":false,"campfire_upgraded":0,"win_rate":0,"timestamp":1543192588,"path_taken":["M","?","M","?","$","E","?","?","T","M","R","M","$","M","R","BOSS"],"build_version":"2018-11-15","purchased_purges":1,"victory":false,"max_hp_per_floor":[80,80,80,80,80,80,80,80,80,80,80,80,80,80,80,80,80],"card_choices":[{"not_picked":["Iron Wave","Clash"],"picked":"Disarm","floor":1},{"not_picked":["Sword Boomerang","Heavy Blade","Wild Strike"],"picked":"SKIP","floor":2},{"not_picked":["Cleave","Dual Wield"],"picked":"Inflame","floor":3},{"not_picked":["Heavy Blade","Anger"],"picked":"Cleave","floor":6},{"not_picked":["Wild Strike","Anger"],"picked":"Twin Strike","floor":10},{"not_picked":["Feel No Pain","Corruption"],"picked":"Whirlwind","floor":12},{"not_picked":["Sword Boomerang","Iron Wave"],"picked":"Bludgeon","floor":14},{"not_picked":["Brutality","Reaper"],"picked":"Impervious","floor":16}],"player_experience":418471,"relics_obtained":[{"floor":6,"key":"Champion Belt"}],"event_choices":[{"damage_healed":0,"gold_gain":0,"player_choice":"Bought 0 Potions","damage_taken":0,"max_hp_gain":0,"max_hp_loss":0,"event_name":"The Woman in Blue","floor":4,"gold_loss":0},{"damage_healed":0,"gold_gain":75,"player_choice":"Touch","damage_taken":8,"max_hp_gain":0,"max_hp_loss":0,"event_name":"FaceTrader","floor":8,"gold_loss":0}],"is_beta":true,"boss_relics":[],"items_purged_floors":[5],"is_endless":false,"potions_floor_spawned":[1,3,16],"ascension_level":11}