{"gold_per_floor":[142,142,159,159,174,174,185,198,222,70,88,88],"floor_reached":12,"playtime":355,"items_purged":["Defend_B"],"score":144,"play_id":"065fa014-2a9e-4b09-b0ce-404a62ddbda0","local_time":"20190101175701","is_ascension_mode":true,"campfire_choices":[{"data":"Zap","floor":6,"key":"SMITH"}],"neow_cost":"NONE","seed_source_timestamp":70986121167600,"circlet_count":0,"master_deck":["AscendersBane","Strike_B","Strike_B","Strike_B","Strike_B","Defend_B","Defend_B","Zap+1","Dualcast+1","Coolheaded","Leap","Glacier","White Noise"],"relics":["Cracked Core","Tiny Chest","Bag of Preparation"],"potions_floor_usage":[12],"damage_taken":[{"damage":4,"enemies":"Small Slimes","floor":1,"turns":3},{"damage":5,"enemies":"Jaw Worm","floor":3,"turns":5},{"damage":6,"enemies":"Cultist","floor":5,"turns":3},{"damage":0,"enemies":"2 Fungi Beasts","floor":7,"turns":5},{"damage":6,"enemies":"Looter","floor":8,"turns":3},{"damage":11,"enemies":"Exordium Wildlife","floor":11,"turns":6},{"damage":26,"enemies":"Gremlin Nob","floor":12,"turns":3}],"seed_played":"-8726976630655585391","potions_obtained":[{"floor":1,"key":"Dexterity Potion"},{"floor":5,"key":"SkillPotion"}],"is_trial":false,"path_per_floor":["M","?","M","?","M","R","M","M","T","$","M","E"],"character_chosen":"DEFECT","items_purchased":["White Noise"],"campfire_rested":0,"item_purchase_floors":[10],"current_hp_per_floor":[60,53,48,48,42,42,42,36,36,36,25,0],"gold":88,"neow_bonus":"RANDOM_COMMON_RELIC","is_prod":false,"is_daily":false,"chose_seed":false,"campfire_upgraded":1,"win_rate":0,"timestamp":1546361821,"path_taken":["M","?","M","?","M","R","M","M","T","?","?","E"],"build_version":"2018-12-25","purchased_purges":1,"victory":false,"max_hp_per_floor":[71,71,71,71,71,71,71,71,71,71,71,71],"card_choices":[{"not_picked":["Sunder","Double Energy"],"picked":"Coolheaded","floor":1},{"not_picked":["Steam","Compile Driver"],"picked":"Leap","floor":3},{"not_picked":["Aggregate","White Noise"],"picked":"Glacier","floor":5},{"not_picked":["Coolheaded","Steam","Turbo"],"picked":"SKIP","floor":7},{"not_picked":["Blizzard","Coolheaded","Sunder"],"picked":"SKIP","floor":8},{"not_picked":["Sweeping Beam","Scrape","Coolheaded"],"picked":"SKIP","floor":11}],"player_experience":999482,"relics_obtained":[{"floor":9,"key":"Bag of Preparation"}],"event_choices":[{"cards_removed":["Defend_B"],"damage_healed":0,"gold_gain":0,"player_choice":"Card Removal","damage_taken":7,"max_hp_gain":0,"max_hp_loss":0,"event_name":"Golden Wing","floor":2,"gold_loss":0},{"damage_healed":0,"gold_gain":0,"player_choice":"Grow","damage_taken":0,"max_hp_gain":0,"max_hp_loss":0,"event_name":"Living Wall","floor":4,"gold_loss":0,"cards_upgraded":["Dualcast"]}],"is_beta":true,"boss_relics":[],"items_purged_floors":[10],"is_endless":false,"potions_floor_spawned":[1,5],"killed_by":"Gremlin Nob","ascension_level":20}