{"gold_per_floor":[115,126,96,96,96,96,96,96,121,156,156,187,199,242,254,266],"floor_reached":16,"playtime":256,"items_purged":[],"score":278,"play_id":"70d4ba6f-6569-40c7-9c47-79b6942df68e","local_time":"20190330003904","is_ascension_mode":true,"campfire_choices":[{"data":"Bash","floor":6,"key":"SMITH"},{"data":"Shrug It Off","floor":8,"key":"SMITH"},{"data":"Bludgeon","floor":13,"key":"SMITH"},{"floor":15,"key":"RECALL"}],"neow_cost":"NONE","seed_source_timestamp":779203435081500,"circlet_count":0,"master_deck":["AscendersBane","Strike_R","Strike_R","Strike_R","Strike_R","Strike_R","Defend_R","Defend_R","Defend_R","Bash+1","Shrug It Off+1","Shrug It Off","Bludgeon+1","Double Tap+1"],"relics":["Burning Blood","NeowsBlessing","Regal Pillow","Toxic Egg 2","PreservedInsect","MawBank","Meat on the Bone"],"potions_floor_usage":[],"damage_taken":[{"damage":0,"enemies":"Cultist","floor":1,"turns":1},{"damage":0,"enemies":"2 Louse","floor":2,"turns":1},{"damage":0,"enemies":"Gremlin Nob","floor":10,"turns":1},{"damage":10,"enemies":"3 Sentries","floor":12,"turns":7},{"damage":20,"enemies":"Lagavulin","floor":14,"turns":3},{"damage":61,"enemies":"Hexaghost","floor":16,"turns":9}],"seed_played":"3665349787132115790","potions_obtained":[],"is_trial":false,"path_per_floor":["M","M","$","?","$","R","?","R","T","E","T","E","R","E","R","B"],"character_chosen":"IRONCLAD","items_purchased":["Shrug It Off"],"campfire_rested":0,"item_purchase_floors":[3],"current_hp_per_floor":[74,75,75,68,68,68,73,73,73,79,79,75,75,61,61,0],"gold":266,"neow_bonus":"THREE_ENEMY_KILL","is_prod":false,"is_daily":false,"chose_seed":false,"campfire_upgraded":3,"win_rate":0,"timestamp":1553902744,"path_taken":["M","?","?","?","$","R","?","R","T","E","?","E","R","E","R","BOSS"],"build_version":"2019-03-15","purchased_purges":0,"victory":false,"max_hp_per_floor":[75,75,75,75,75,75,80,80,80,80,80,80,80,80,80,80],"card_choices":[{"not_picked":["Armaments","Pommel Strike"],"picked":"Shrug It Off","floor":1},{"not_picked":["Corruption","Clothesline","Ghostly Armor"],"picked":"SKIP","floor":2},{"not_picked":["Seeing Red","Blood for Blood"],"picked":"Bludgeon","floor":10},{"not_picked":["Pommel Strike","Rampage","Iron Wave"],"picked":"SKIP","floor":12},{"not_picked":["Intimidate+1","Warcry+1"],"picked":"Double Tap+1","floor":14}],"player_experience":1303736,"relics_obtained":[{"floor":9,"key":"Regal Pillow"},{"floor":10,"key":"Toxic Egg 2"},{"floor":11,"key":"PreservedInsect"},{"floor":12,"key":"MawBank"},{"floor":14,"key":"Meat on the Bone"}],"event_choices":[{"cards_removed":["Defend_R"],"damage_healed":0,"gold_gain":0,"player_choice":"Card Removal","damage_taken":7,"max_hp_gain":0,"max_hp_loss":0,"event_name":"Golden Wing","floor":4,"gold_loss":0},{"damage_healed":0,"gold_gain":0,"player_choice":"Donut","damage_taken":0,"max_hp_gain":5,"max_hp_loss":0,"event_name":"Big Fish","floor":7,"gold_loss":0}],"is_beta":true,"boss_relics":[],"items_purged_floors":[],"is_endless":false,"potions_floor_spawned":[],"killed_by":"Hexaghost","ascension_level":20}