{"gold_per_floor":[110,110,110,35,53,84,84,84,84,84,103,103,103,124,124,217,280,301,301,325,325,348,348,368,388,388,388,404,422,44,58,58,153,153,174,198,73,73,73,73,92,92,141,166,0,14,14],"floor_reached":47,"playtime":1730,"items_purged":["Defend_G","Strike_G","Strike_G"],"score":1058,"play_id":"e47b9153-d0f8-4ce6-a1ec-06104fe44c2c","local_time":"20190128212756","is_ascension_mode":true,"campfire_choices":[{"data":"Crippling Poison","floor":7,"key":"SMITH"},{"data":"Neutralize","floor":10,"key":"SMITH"},{"data":"Poisoned Stab","floor":12,"key":"SMITH"},{"floor":15,"key":"REST"},{"data":"Leg Sweep","floor":23,"key":"SMITH"},{"floor":27,"key":"REST"},{"floor":32,"key":"REST"},{"floor":40,"key":"REST"},{"floor":42,"key":"REST"}],"neow_cost":"NONE","seed_source_timestamp":808263911873800,"circlet_count":0,"master_deck":["AscendersBane","Defend_G","Defend_G+1","Defend_G","Defend_G+1","Strike_G","Strike_G","Survivor","Neutralize+1","Blade Dance+1","Crippling Poison+1","Poisoned Stab+1","Corpse Explosion+1","Leg Sweep+1","Noxious Fumes+1","Adrenaline","Heel Hook","Envenom","Backflip+1"],"relics":["Ring of the Snake","NeowsBlessing","Golden Idol","War Paint","Thread and Needle","Tiny House","Nloth\u0027s Gift","Bag of Marbles","ClockworkSouvenir","White Beast Statue","Omamori","Red Mask"],"potions_floor_usage":[16,20,22,25,28,33,33,41,44,44],"damage_taken":[{"damage":0,"enemies":"Small Slimes","floor":1,"turns":1},{"damage":0,"enemies":"Cultist","floor":5,"turns":1},{"damage":0,"enemies":"Gremlin Nob","floor":6,"turns":1},{"damage":0,"enemies":"Jaw Worm","floor":11,"turns":3},{"damage":0,"enemies":"Looter","floor":14,"turns":3},{"damage":0,"enemies":"The Guardian","floor":16,"turns":10},{"damage":3,"enemies":"Chosen","floor":18,"turns":5},{"damage":5,"enemies":"2 Thieves","floor":20,"turns":3},{"damage":0,"enemies":"Centurion and Healer","floor":22,"turns":7},{"damage":26,"enemies":"Shelled Parasite and Fungi","floor":24,"turns":7},{"damage":0,"enemies":"3 Cultists","floor":25,"turns":2},{"damage":0,"enemies":"Chosen and Byrds","floor":28,"turns":5},{"damage":0,"enemies":"Snecko","floor":29,"turns":5},{"damage":1,"enemies":"Centurion and Healer","floor":31,"turns":7},{"damage":17,"enemies":"Collector","floor":33,"turns":7},{"damage":21,"enemies":"Orb Walker","floor":35,"turns":4},{"damage":19,"enemies":"3 Darklings","floor":36,"turns":3},{"damage":4,"enemies":"Sphere and 2 Shapes","floor":41,"turns":6},{"damage":58,"enemies":"Transient","floor":44,"turns":6},{"damage":5,"enemies":"3 Darklings","floor":46,"turns":4},{"damage":3,"enemies":"Writhing Mass","floor":47,"turns":2}],"seed_played":"-5899229168497827467","potions_obtained":[{"floor":1,"key":"Poison Potion"},{"floor":14,"key":"Block Potion"},{"floor":16,"key":"Explosive Potion"},{"floor":20,"key":"SpeedPotion"},{"floor":24,"key":"GhostInAJar"},{"floor":25,"key":"Dexterity Potion"},{"floor":35,"key":"Weak Potion"},{"floor":36,"key":"Explosive Potion"},{"floor":41,"key":"SpeedPotion"},{"floor":44,"key":"Weak Potion"},{"floor":46,"key":"Energy Potion"}],"is_trial":false,"path_per_floor":["M","?","?","$","M","E","R","$","T","R","M","R","?","M","R","B",null,"M","?","M","?","M","R","M","M","T","R","M","M","$","M","R","B",null,"M","M","$","?","?","R","M","R","T","M","?","M","M"],"character_chosen":"THE_SILENT","items_purchased":["ClockworkSouvenir","SkillPotion"],"campfire_rested":5,"item_purchase_floors":[30,30],"current_hp_per_floor":[59,36,36,36,36,36,36,36,36,36,36,36,29,29,48,48,67,64,64,59,59,59,59,33,33,33,54,54,54,54,53,71,54,67,46,27,27,27,27,48,44,65,65,7,7,2,0],"gold":14,"neow_bonus":"THREE_ENEMY_KILL","is_prod":false,"is_daily":false,"chose_seed":false,"campfire_upgraded":4,"win_rate":0,"timestamp":1548707276,"path_taken":["M","?","?","$","?","E","R","$","T","R","M","R","?","M","R","BOSS","M","?","?","?","M","R","M","M","T","R","?","M","?","?","R","BOSS","M","?","$","?","?","R","M","R","T","M","?","M","M"],"build_version":"2019-01-23","purchased_purges":3,"victory":false,"max_hp_per_floor":[66,66,66,66,66,66,66,66,66,66,66,66,66,66,66,66,71,71,71,71,71,71,71,71,71,71,71,71,71,71,71,71,71,71,71,71,71,71,71,71,71,71,71,71,71,71,71],"card_choices":[{"not_picked":["Expertise","Heel Hook"],"picked":"Blade Dance","floor":1},{"not_picked":["Deflect","Well Laid Plans"],"picked":"Crippling Poison","floor":5},{"not_picked":["Crippling Poison","Deflect","Flying Knee"],"picked":"SKIP","floor":6},{"not_picked":["Acrobatics","Catalyst"],"picked":"Poisoned Stab","floor":11},{"not_picked":["Dagger Throw","Underhanded Strike","Outmaneuver"],"picked":"SKIP","floor":14},{"not_picked":["Phantasmal Killer","Tools of the Trade"],"picked":"Corpse Explosion","floor":16},{"not_picked":["Slice","Cloak And Dagger"],"picked":"Leg Sweep","floor":17},{"not_picked":["Deflect","Acrobatics+1","Infinite Blades"],"picked":"SKIP","floor":18},{"not_picked":["Underhanded Strike","Bane","Cloak And Dagger"],"picked":"SKIP","floor":20},{"not_picked":["Setup","PiercingWail"],"picked":"Noxious Fumes+1","floor":22},{"not_picked":["Reflex+1","Sucker Punch"],"picked":"Backflip","floor":24},{"not_picked":["Expertise","Underhanded Strike","Quick Slash"],"picked":"SKIP","floor":25},{"not_picked":["Acrobatics","Poisoned Stab+1"],"picked":"Adrenaline","floor":28},{"not_picked":["Dagger Throw","Acrobatics","Calculated Gamble"],"picked":"SKIP","floor":29},{"not_picked":["Backflip","Quick Slash"],"picked":"Heel Hook","floor":31},{"not_picked":["Flying Knee","Finisher+1","Quick Slash+1"],"picked":"SKIP","floor":35},{"not_picked":["Flying Knee","Deadly Poison+1"],"picked":"Envenom","floor":36},{"not_picked":["Skewer","Choke"],"picked":"Backflip+1","floor":41},{"not_picked":["Crippling Poison","Dodge and Roll","Leg Sweep"],"picked":"SKIP","floor":44},{"not_picked":["Accuracy","Calculated Gamble","Cloak And Dagger"],"picked":"SKIP","floor":46}],"player_experience":1099807,"relics_obtained":[{"floor":6,"key":"War Paint"},{"floor":9,"key":"Thread and Needle"},{"floor":26,"key":"Bag of Marbles"},{"floor":43,"key":"Omamori"}],"event_choices":[{"damage_healed":0,"gold_gain":0,"player_choice":"Take Damage","damage_taken":23,"relics_obtained":["Golden Idol"],"max_hp_gain":0,"max_hp_loss":0,"event_name":"Golden Idol","floor":2,"gold_loss":0},{"damage_healed":0,"gold_gain":0,"player_choice":"Trade","damage_taken":0,"relics_obtained":["CultistMask"],"max_hp_gain":0,"max_hp_loss":0,"event_name":"FaceTrader","floor":3,"gold_loss":0},{"cards_removed":["Strike_G"],"damage_healed":0,"gold_gain":0,"player_choice":"Card Removal","damage_taken":7,"max_hp_gain":0,"max_hp_loss":0,"event_name":"Golden Wing","floor":13,"gold_loss":0},{"damage_healed":0,"gold_gain":0,"player_choice":"Upgraded","damage_taken":0,"max_hp_gain":0,"max_hp_loss":0,"event_name":"Upgrade Shrine","floor":19,"gold_loss":0,"cards_upgraded":["Corpse Explosion"]},{"damage_healed":0,"gold_gain":0,"player_choice":"Traded Relic","damage_taken":0,"relics_obtained":["Nloth\u0027s Gift"],"max_hp_gain":0,"max_hp_loss":0,"event_name":"N\u0027loth","floor":21,"relics_lost":["CultistMask"],"gold_loss":0},{"damage_healed":0,"gold_gain":0,"player_choice":"Memory 1","damage_taken":0,"max_hp_gain":0,"max_hp_loss":0,"event_name":"SensoryStone","floor":38,"gold_loss":0},{"cards_removed":["Backflip"],"damage_healed":0,"gold_gain":0,"player_choice":"Removed Skill","damage_taken":0,"max_hp_gain":0,"max_hp_loss":0,"event_name":"Falling","floor":39,"gold_loss":0},{"damage_healed":0,"gold_gain":0,"player_choice":"Paid","damage_taken":0,"relics_obtained":["Red Mask"],"max_hp_gain":0,"max_hp_loss":0,"event_name":"Tomb of Lord Red Mask","floor":45,"gold_loss":166}],"is_beta":true,"boss_relics":[{"not_picked":["Runic Dome","Black Star"],"picked":"Tiny House"},{"not_picked":["Coffee Dripper","Runic Pyramid"],"picked":"White Beast Statue"}],"items_purged_floors":[4,30,37],"is_endless":false,"potions_floor_spawned":[1,14,16,20,24,25,35,36,41,44,46],"killed_by":"Writhing Mass","ascension_level":20}