{"gold_per_floor":[115,15,90,102,102,136,136,146,195,195,195,215,232,245,245,316,316,335,260,275,275],"floor_reached":21,"playtime":609,"items_purged":[],"score":412,"play_id":"ee92cbb1-53e2-44d1-b97f-33e99e7e0234","local_time":"20190109213629","is_ascension_mode":true,"campfire_choices":[{"data":"Caltrops","floor":7.0,"key":"SMITH"},{"data":"Dagger Spray","floor":10.0,"key":"SMITH"},{"floor":15,"key":"REST"}],"neow_cost":"NONE","seed_source_timestamp":0,"circlet_count":0,"master_deck":["AscendersBane","Defend_G","Defend_G","Defend_G","Defend_G","Defend_G","Strike_G","Strike_G","Strike_G","Strike_G","Strike_G","Survivor","Neutralize","Dagger Spray+1","Caltrops+1","Sucker Punch","Backflip","Cloak And Dagger","Dash","Accuracy+1","Burst","Blade Dance"],"special_seed":0,"relics":["Ring of the Snake","NeowsBlessing","Smiling Mask","Frozen Egg 2","Bag of Preparation","WarpedTongs","Eternal Feather"],"potions_floor_usage":[12,16,21],"damage_taken":[{"damage":0.0,"enemies":"Jaw Worm","floor":1.0,"turns":1.0},{"damage":0.0,"enemies":"Cultist","floor":4.0,"turns":1.0},{"damage":0.0,"enemies":"3 Sentries","floor":6.0,"turns":1.0},{"damage":0.0,"enemies":"Small Slimes","floor":8.0,"turns":3.0},{"damage":0,"enemies":"Gremlin Gang","floor":12,"turns":2},{"damage":9,"enemies":"Exordium Wildlife","floor":13,"turns":4},{"damage":5,"enemies":"Blue Slaver","floor":14,"turns":4},{"damage":32,"enemies":"Hexaghost","floor":16,"turns":11},{"damage":21,"enemies":"Chosen","floor":18,"turns":8},{"damage":7,"enemies":"Shell Parasite","floor":20,"turns":7},{"damage":31,"enemies":"Snecko","floor":21,"turns":4}],"seed_played":"-564449950385405708","potions_obtained":[{"floor":4.0,"key":"FearPotion"},{"floor":8.0,"key":"Explosive Potion"},{"floor":14,"key":"AttackPotion"},{"floor":20,"key":"Swift Potion"}],"is_trial":false,"path_per_floor":["M","$","?","M","?","E","R","M","T","R","?","M","M","M","R","B",null,"M","?","M","M"],"character_chosen":"THE_SILENT","items_purchased":["Caltrops","Sucker Punch"],"campfire_rested":1,"item_purchase_floors":[2,2],"current_hp_per_floor":[59,59,48,48,48,48,48,48,48,48,48,48,39,34,53,21,55,34,34,27,0],"gold":275,"neow_bonus":"THREE_ENEMY_KILL","is_prod":false,"is_daily":false,"chose_seed":false,"campfire_upgraded":2,"win_rate":0,"timestamp":1547066189,"path_taken":["M","$","?","M","?","E","R","?","T","R","?","M","?","M","R","BOSS","M","?","M","M"],"build_version":"2019-01-08","purchased_purges":0,"victory":false,"max_hp_per_floor":[66,66,66,66,66,66,66,66,66,66,66,66,66,66,66,66,66,66,66,66,66],"card_choices":[{"not_picked":["Flying Knee","Deflect"],"picked":"Dagger Spray","floor":1.0},{"not_picked":["Masterful Stab","Acrobatics"],"picked":"Backflip","floor":4.0},{"not_picked":["Acrobatics","Tactician"],"picked":"Cloak And Dagger","floor":6.0},{"not_picked":["Dagger Spray","Eviscerate"],"picked":"Dash","floor":8.0},{"not_picked":["Prepared","Outmaneuver","Deflect"],"picked":"SKIP","floor":12},{"not_picked":["Quick Slash","Reflex","Deadly Poison"],"picked":"SKIP","floor":13},{"not_picked":["Dodge and Roll","Bouncing Flask"],"picked":"Accuracy+1","floor":14},{"not_picked":["Bullet Time","Wraith Form v2+1"],"picked":"Burst","floor":16},{"not_picked":["Backflip","Blur"],"picked":"Blade Dance","floor":18},{"not_picked":["Expertise","Flying Knee","Deadly Poison"],"picked":"SKIP","floor":20}],"player_experience":1024702,"relics_obtained":[{"floor":6.0,"key":"Frozen Egg 2"},{"floor":9.0,"key":"Bag of Preparation"}],"event_choices":[{"damage_healed":0.0,"max_hp_gain":0.0,"max_hp_loss":0.0,"gold_gain":75.0,"event_name":"World of Goop","player_choice":"Gather Gold","floor":3.0,"gold_loss":0.0,"damage_taken":11.0},{"damage_healed":0.0,"max_hp_gain":0.0,"max_hp_loss":0.0,"gold_gain":0.0,"event_name":"WeMeetAgain","player_choice":"Gave Potion","floor":5.0,"gold_loss":0.0,"damage_taken":0.0,"relics_obtained":["Smiling Mask"]},{"damage_healed":0.0,"max_hp_gain":0.0,"max_hp_loss":0.0,"gold_gain":0.0,"event_name":"Accursed Blacksmith","player_choice":"Rummage","floor":11.0,"gold_loss":0.0,"damage_taken":0.0,"relics_obtained":["WarpedTongs"],"cards_obtained":["Pain"]},{"cards_removed":["Pain"],"damage_healed":0,"gold_gain":0,"player_choice":"Gave Gold","damage_taken":0,"max_hp_gain":0,"max_hp_loss":0,"event_name":"Beggar","floor":19,"gold_loss":75}],"is_beta":true,"boss_relics":[{"not_picked":["Black Star","HoveringKite"],"picked":"Eternal Feather"}],"items_purged_floors":[],"is_endless":false,"potions_floor_spawned":[4,8,14,20],"killed_by":"Snecko","ascension_level":20}