{"gold_per_floor":[114,264,339,339,352,383,383,398,398,416,436,455,455,455,455,455],"floor_reached":16,"playtime":267,"items_purged":[],"score":204,"play_id":"1987bb33-53a2-45e9-9c5f-0a7f064f7cbf","local_time":"20190328004752","is_ascension_mode":true,"campfire_choices":[{"floor":7,"key":"REST"},{"data":"Fiend Fire","floor":13,"key":"SMITH"},{"floor":15,"key":"REST"}],"neow_cost":"CURSE","seed_source_timestamp":606913549846500,"circlet_count":0,"master_deck":["AscendersBane","Strike_R","Strike_R","Strike_R","Strike_R","Defend_R","Defend_R","Defend_R","Bash","Shame","Headbutt","Dual Wield","Doubt","Twin Strike","Heavy Blade","Fiend Fire+1"],"relics":["Burning Blood","CultistMask","Bottled Lightning","Boot","Champion Belt"],"potions_floor_usage":[6,11],"damage_taken":[{"damage":12,"enemies":"Jaw Worm","floor":1,"turns":2},{"damage":10,"enemies":"Small Slimes","floor":5,"turns":3},{"damage":35,"enemies":"Lagavulin","floor":6,"turns":5},{"damage":8,"enemies":"2 Louse","floor":8,"turns":3},{"damage":20,"enemies":"Red Slaver","floor":10,"turns":4},{"damage":20,"enemies":"Large Slime","floor":11,"turns":5},{"damage":16,"enemies":"2 Fungi Beasts","floor":12,"turns":4},{"damage":0,"enemies":"The Guardian","floor":16,"turns":1}],"seed_played":"-836115545187555282","potions_obtained":[{"floor":1,"key":"Strength Potion"},{"floor":6,"key":"Explosive Potion"},{"floor":8,"key":"Strength Potion"},{"floor":11,"key":"FairyPotion"}],"is_trial":false,"path_per_floor":["M","?","?","?","M","E","R","M","T","M","M","M","R","?","R","B"],"character_chosen":"IRONCLAD","items_purchased":[],"campfire_rested":2,"item_purchase_floors":[],"current_hp_per_floor":[62,62,51,51,47,18,40,38,38,24,10,13,13,8,30,30],"gold":455,"neow_bonus":"TRANSFORM_TWO_CARDS","is_prod":false,"is_daily":false,"chose_seed":false,"campfire_upgraded":1,"win_rate":0,"timestamp":1553730472,"path_taken":["M","?","?","?","M","E","R","M","T","M","M","?","R","?","R","BOSS"],"build_version":"2019-03-15","purchased_purges":0,"victory":false,"max_hp_per_floor":[75,75,75,75,75,75,75,75,75,75,75,75,75,75,75,75],"card_choices":[{"not_picked":["Pommel Strike","Warcry","Wild Strike"],"picked":"SKIP","floor":1},{"not_picked":["Clash","Iron Wave"],"picked":"Twin Strike","floor":5},{"not_picked":["Evolve","Seeing Red"],"picked":"Heavy Blade","floor":6},{"not_picked":["Clash","Havoc","Heavy Blade"],"picked":"SKIP","floor":8},{"not_picked":["Headbutt","Bloodletting","Armaments"],"picked":"SKIP","floor":10},{"not_picked":["Wild Strike","Perfected Strike","Shockwave"],"picked":"SKIP","floor":11},{"not_picked":["Entrench","Clash"],"picked":"Fiend Fire","floor":12}],"player_experience":1293125,"relics_obtained":[{"floor":6,"key":"Bottled Lightning"},{"floor":9,"key":"Boot"}],"event_choices":[{"damage_healed":0,"gold_gain":150,"player_choice":"AGREE","damage_taken":0,"max_hp_gain":0,"max_hp_loss":0,"event_name":"Liars Game","floor":2,"gold_loss":0,"cards_obtained":["Doubt"]},{"damage_healed":0,"gold_gain":75,"player_choice":"Gather Gold","damage_taken":11,"max_hp_gain":0,"max_hp_loss":0,"event_name":"World of Goop","floor":3,"gold_loss":0},{"damage_healed":0,"gold_gain":0,"player_choice":"Trade","damage_taken":0,"relics_obtained":["CultistMask"],"max_hp_gain":0,"max_hp_loss":0,"event_name":"FaceTrader","floor":4,"gold_loss":0},{"damage_healed":0,"gold_gain":0,"player_choice":"Success","damage_taken":5,"relics_obtained":["Champion Belt"],"max_hp_gain":0,"max_hp_loss":0,"event_name":"Scrap Ooze","floor":14,"gold_loss":0}],"is_beta":true,"boss_relics":[],"items_purged_floors":[],"is_endless":false,"potions_floor_spawned":[1,6,8,11],"killed_by":"The Guardian","ascension_level":20}