{"gold_per_floor":[113,128,128,140,140,140,140,140,140,153,168,181,191,207,207,207],"floor_reached":16,"playtime":500,"items_purged":[],"score":192,"play_id":"8abf1d05-0741-4684-94da-b361e471a3b6","local_time":"20190128002840","is_ascension_mode":true,"campfire_choices":[{"floor":6,"key":"REST"},{"data":"After Image","floor":8,"key":"SMITH"},{"floor":15,"key":"REST"}],"neow_cost":"TEN_PERCENT_HP_LOSS","seed_source_timestamp":733934723730100,"circlet_count":0,"master_deck":["AscendersBane","Defend_G","Defend_G","Defend_G","Defend_G","Defend_G","Strike_G","Strike_G","Strike_G","Strike_G","Strike_G","Survivor","Neutralize+1","After Image+1","Backflip","Blade Dance"],"relics":["Ring of the Snake","Vajra","Ginger"],"potions_floor_usage":[14,16,16],"damage_taken":[{"damage":4,"enemies":"Cultist","floor":1,"turns":4},{"damage":1,"enemies":"Jaw Worm","floor":2,"turns":5},{"damage":1,"enemies":"2 Louse","floor":4,"turns":4},{"damage":0,"enemies":"Looter","floor":10,"turns":4},{"damage":23,"enemies":"Large Slime","floor":11,"turns":7},{"damage":0,"enemies":"Blue Slaver","floor":12,"turns":4},{"damage":11,"enemies":"Gremlin Gang","floor":13,"turns":5},{"damage":6,"enemies":"3 Louse","floor":14,"turns":4},{"damage":32,"enemies":"The Guardian","floor":16,"turns":8}],"seed_played":"4136338186591384660","potions_obtained":[{"floor":2,"key":"Poison Potion"},{"floor":11,"key":"Swift Potion"},{"floor":14,"key":"Dexterity Potion"}],"is_trial":false,"path_per_floor":["M","M","?","M","?","R","$","R","T","M","M","M","M","M","R","B"],"character_chosen":"THE_SILENT","items_purchased":[],"campfire_rested":2,"item_purchase_floors":[],"current_hp_per_floor":[55,54,36,35,35,53,53,53,53,53,30,30,19,13,31,0],"gold":207,"neow_bonus":"THREE_RARE_CARDS","is_prod":false,"is_daily":false,"chose_seed":false,"campfire_upgraded":1,"win_rate":0,"timestamp":1548631720,"path_taken":["M","M","?","M","?","R","$","R","T","M","?","M","M","M","R","BOSS"],"build_version":"2019-01-23","purchased_purges":0,"victory":false,"max_hp_per_floor":[60,60,60,60,60,60,60,60,60,60,60,60,60,60,60,60],"card_choices":[{"not_picked":["Phantasmal Killer","Unload"],"picked":"After Image","floor":0},{"not_picked":["Outmaneuver","Acrobatics","Prepared"],"picked":"SKIP","floor":1},{"not_picked":["Deflect","Wraith Form v2","Acrobatics"],"picked":"SKIP","floor":2},{"not_picked":["Dodge and Roll","Prepared"],"picked":"Backflip","floor":4},{"not_picked":["Flying Knee","Bane"],"picked":"Blade Dance","floor":10},{"not_picked":["Dagger Throw","Crippling Poison","PiercingWail"],"picked":"SKIP","floor":11},{"not_picked":["Infinite Blades","Grand Finale","Deadly Poison"],"picked":"SKIP","floor":12},{"not_picked":["Infinite Blades","Grand Finale","Deadly Poison"],"picked":"SKIP","floor":12},{"not_picked":["Masterful Stab","Sucker Punch","Outmaneuver"],"picked":"SKIP","floor":13},{"not_picked":["Dagger Throw","Prepared","PiercingWail"],"picked":"SKIP","floor":14}],"player_experience":1096306,"relics_obtained":[{"floor":9,"key":"Ginger"}],"event_choices":[{"damage_healed":0,"gold_gain":0,"player_choice":"Success","damage_taken":18,"relics_obtained":["Vajra"],"max_hp_gain":0,"max_hp_loss":0,"event_name":"Scrap Ooze","floor":3,"gold_loss":0},{"damage_healed":0,"gold_gain":0,"player_choice":"Grow","damage_taken":0,"max_hp_gain":0,"max_hp_loss":0,"event_name":"Living Wall","floor":5,"gold_loss":0,"cards_upgraded":["Neutralize"]}],"is_beta":true,"boss_relics":[],"items_purged_floors":[],"is_endless":false,"potions_floor_spawned":[2,11,12,14],"killed_by":"The Guardian","ascension_level":20}