{"gold_per_floor":[14,14,14,14,32,32,61,61,86,86,111,127,143,157,157,228,228,245,258,20,20,0,0,0,0,0,11,30,30,46,56,56,56],"floor_reached":33,"playtime":1275,"items_purged":["Strike_B"],"score":539,"play_id":"13d77425-ee2e-43e3-bdd9-b69eecee4642","local_time":"20190101182942","is_ascension_mode":true,"campfire_choices":[{"data":"Dualcast","floor":6,"key":"SMITH"},{"data":"Zap","floor":8,"key":"SMITH"},{"floor":10,"key":"REST"},{"data":"Coolheaded","floor":15,"key":"SMITH"},{"data":"Self Repair","floor":23,"key":"SMITH"},{"data":"FTL","floor":25,"key":"SMITH"},{"data":"White Noise","floor":29,"key":"SMITH"},{"floor":32,"key":"REST"}],"neow_cost":"NO_GOLD","seed_source_timestamp":72027835180900,"circlet_count":0,"master_deck":["AscendersBane","Strike_B+1","Defend_B+1","Zap+1","Dualcast+1","Core Surge","FTL+1","Self Repair+1","Cold Snap","Conserve Battery","Coolheaded+1","Ball Lightning","Echo Form","Echo Form+1","Capacitor+1","Ball Lightning+1","Heatsinks","BootSequence","White Noise+1"],"relics":["Cracked Core","Pear","Omamori","Bottled Tornado","Astrolabe","Strawberry","Dead Branch"],"potions_floor_usage":[7,7,7,16,19,28,31,31,33],"damage_taken":[{"damage":3,"enemies":"2 Louse","floor":1,"turns":2},{"damage":0,"enemies":"Cultist","floor":5,"turns":3},{"damage":2,"enemies":"Lagavulin","floor":7,"turns":6},{"damage":36,"enemies":"Gremlin Nob","floor":11,"turns":4},{"damage":10,"enemies":"Small Slimes","floor":12,"turns":3},{"damage":1,"enemies":"Blue Slaver","floor":13,"turns":3},{"damage":9,"enemies":"Looter","floor":14,"turns":2},{"damage":11,"enemies":"Slime Boss","floor":16,"turns":7},{"damage":4,"enemies":"Spheric Guardian","floor":18,"turns":5},{"damage":24,"enemies":"2 Thieves","floor":19,"turns":4},{"damage":29,"enemies":"Shelled Parasite and Fungi","floor":27,"turns":6},{"damage":38,"enemies":"Snake Plant","floor":28,"turns":4},{"damage":41,"enemies":"3 Cultists","floor":30,"turns":5},{"damage":18,"enemies":"Chosen and Byrds","floor":31,"turns":4},{"damage":65,"enemies":"Collector","floor":33,"turns":7}],"seed_played":"-1803996506551170127","potions_obtained":[{"floor":4,"key":"EntropicBrew"},{"floor":4,"key":"EssenceOfSteel"},{"floor":7,"key":"Dexterity Potion"},{"floor":11,"key":"Fire Potion"},{"floor":14,"key":"SteroidPotion"},{"floor":16,"key":"SteroidPotion"},{"floor":19,"key":"Ancient Potion"},{"floor":30,"key":"Ancient Potion"},{"floor":31,"key":"Energy Potion"}],"is_trial":false,"path_per_floor":["M","?","$","?","M","R","E","R","T","R","E","M","M","M","R","B",null,"M","M","$","?","?","R","?","R","T","M","M","R","M","M","R","B"],"character_chosen":"DEFECT","items_purchased":["Strawberry"],"campfire_rested":2,"item_purchase_floors":[20],"current_hp_per_floor":[61,40,40,40,40,40,55,55,55,79,43,40,46,44,44,40,71,81,57,64,64,64,64,98,98,98,89,61,61,40,32,61,0],"gold":56,"neow_bonus":"THREE_RARE_CARDS","is_prod":false,"is_daily":false,"chose_seed":false,"campfire_upgraded":6,"win_rate":0,"timestamp":1546363782,"path_taken":["M","?","$","?","M","R","E","R","T","R","E","?","M","M","R","BOSS","M","M","?","?","?","R","?","R","T","M","M","R","M","M","R","BOSS"],"build_version":"2018-12-25","purchased_purges":1,"victory":false,"max_hp_per_floor":[71,71,71,71,71,71,81,81,81,81,81,81,81,81,81,81,81,81,81,88,88,88,88,98,98,98,98,98,98,98,98,98,98],"card_choices":[{"not_picked":["Reboot","All For One"],"picked":"Core Surge","floor":0},{"not_picked":["Streamline","Beam Cell"],"picked":"FTL","floor":1},{"not_picked":["Hologram","Streamline"],"picked":"Self Repair","floor":5},{"not_picked":["Gash","Redo"],"picked":"Cold Snap","floor":7},{"not_picked":["Gash","Barrage","Turbo"],"picked":"SKIP","floor":11},{"not_picked":["Streamline","Compile Driver"],"picked":"Conserve Battery","floor":12},{"not_picked":["Self Repair","Hologram"],"picked":"Coolheaded","floor":13},{"not_picked":["Recycle","Undo"],"picked":"Ball Lightning","floor":14},{"not_picked":["Creative AI","Electrodynamics"],"picked":"Echo Form","floor":16},{"not_picked":["Aggregate","Cold Snap","Scrape"],"picked":"SKIP","floor":18},{"not_picked":["Capacitor","Fusion"],"picked":"Ball Lightning+1","floor":19},{"not_picked":["Static Discharge+1","Sunder","Leap"],"picked":"SKIP","floor":27},{"not_picked":["Ball Lightning","Conserve Battery"],"picked":"White Noise","floor":28},{"not_picked":["Storm","Rebound","Go for the Eyes"],"picked":"SKIP","floor":30},{"not_picked":["Hologram","Coolheaded","Barrage"],"picked":"SKIP","floor":31}],"player_experience":1000502,"relics_obtained":[{"floor":7,"key":"Pear"},{"floor":9,"key":"Omamori"},{"floor":11,"key":"Bottled Tornado"},{"floor":26,"key":"Dead Branch"}],"event_choices":[{"damage_healed":0,"gold_gain":0,"player_choice":"Entered Light","damage_taken":21,"max_hp_gain":0,"max_hp_loss":0,"event_name":"Shining Light","floor":2,"gold_loss":0,"cards_upgraded":["Strike_B","Defend_B"]},{"damage_healed":0,"gold_gain":0,"player_choice":"Got Potions","damage_taken":0,"max_hp_gain":0,"max_hp_loss":0,"event_name":"Lab","floor":4,"gold_loss":0},{"damage_healed":0,"gold_gain":0,"cards_transformed":["Strike_B","Defend_B"],"player_choice":"Became Test Subject","damage_taken":0,"max_hp_gain":0,"max_hp_loss":0,"event_name":"Drug Dealer","floor":21,"gold_loss":0,"cards_obtained":["Heatsinks","BootSequence"]},{"damage_healed":0,"gold_gain":0,"player_choice":"Paid Fearfully","damage_taken":0,"max_hp_gain":0,"max_hp_loss":0,"event_name":"Masked Bandits","floor":22,"gold_loss":20},{"cards_removed":["Meteor Strike"],"damage_healed":24,"gold_gain":0,"player_choice":"Offered Rare","damage_taken":0,"max_hp_gain":10,"max_hp_loss":0,"event_name":"Bonfire Elementals","floor":24,"gold_loss":0}],"is_beta":true,"boss_relics":[{"not_picked":["Busted Crown","Black Star"],"picked":"Astrolabe"}],"items_purged_floors":[20],"is_endless":false,"potions_floor_spawned":[7,11,14,16,19,27,30,31],"killed_by":"Collector","ascension_level":20}