{"gold_per_floor":[10,10,20,20,20,20,51,51,51,82,92,92,118,136,136,136],"floor_reached":16,"playtime":474,"items_purged":[],"score":236,"play_id":"20072e00-96ae-4baf-89ad-8dfd5fedd4c9","local_time":"20190414153125","is_ascension_mode":true,"campfire_choices":[{"data":"Bash","floor":6,"key":"SMITH"},{"data":"Feed","floor":8,"key":"SMITH"},{"floor":12,"key":"REST"},{"data":"Flame Barrier","floor":15,"key":"SMITH"}],"neow_cost":"NO_GOLD","seed_source_timestamp":353533075082200,"circlet_count":0,"master_deck":["AscendersBane","Strike_R","Strike_R","Strike_R","Strike_R","Strike_R","Defend_R","Defend_R","Defend_R","Defend_R","Bash+1","Feed+1","Double Tap","Flame Barrier+1","True Grit"],"relics":["Burning Blood","Red Skull","Darkstone Periapt","Gremlin Horn","Torii","Bag of Marbles"],"potions_floor_usage":[7,16,16],"damage_taken":[{"damage":7,"enemies":"Jaw Worm","floor":1,"turns":3},{"damage":15,"enemies":"2 Louse","floor":3,"turns":4},{"damage":17,"enemies":"3 Sentries","floor":7,"turns":5},{"damage":40,"enemies":"Lagavulin","floor":10,"turns":7},{"damage":0,"enemies":"Small Slimes","floor":11,"turns":2},{"damage":8,"enemies":"Gremlin Nob","floor":13,"turns":3},{"damage":0,"enemies":"3 Louse","floor":14,"turns":2},{"damage":60,"enemies":"Hexaghost","floor":16,"turns":14}],"seed_played":"-2677900174077096917","potions_obtained":[{"floor":1,"key":"AttackPotion"},{"floor":7,"key":"Dexterity Potion"},{"floor":10,"key":"Block Potion"}],"is_trial":false,"path_per_floor":["M","?","M","?","?","R","E","R","T","E","M","R","E","M","R","B"],"character_chosen":"IRONCLAD","items_purchased":[],"campfire_rested":1,"item_purchase_floors":[],"current_hp_per_floor":[70,70,64,64,57,57,46,46,46,12,22,47,49,59,59,0],"gold":136,"neow_bonus":"THREE_RARE_CARDS","is_prod":false,"is_daily":false,"chose_seed":false,"campfire_upgraded":3,"win_rate":0,"timestamp":1555248685,"path_taken":["M","?","M","?","?","R","E","R","T","E","?","R","E","M","R","BOSS"],"build_version":"2019-04-04","purchased_purges":0,"victory":false,"max_hp_per_floor":[78,78,81,81,81,81,81,81,81,81,85,85,89,93,93,93],"card_choices":[{"not_picked":["Barricade","Impervious"],"picked":"Feed","floor":0},{"not_picked":["Reckless Charge","Iron Wave","Thunderclap"],"picked":"SKIP","floor":1},{"not_picked":["Spot Weakness","Anger"],"picked":"Double Tap","floor":3},{"not_picked":["Perfected Strike","Uppercut","True Grit"],"picked":"SKIP","floor":7},{"not_picked":["Thunderclap","Burning Pact"],"picked":"Flame Barrier","floor":10},{"not_picked":["Cleave","Pommel Strike"],"picked":"True Grit","floor":11},{"not_picked":["Havoc","Corruption","True Grit"],"picked":"SKIP","floor":13},{"not_picked":["Carnage","Clothesline","Thunderclap"],"picked":"SKIP","floor":14}],"player_experience":1384622,"relics_obtained":[{"floor":7,"key":"Darkstone Periapt"},{"floor":9,"key":"Gremlin Horn"},{"floor":10,"key":"Torii"},{"floor":13,"key":"Bag of Marbles"}],"event_choices":[{"damage_healed":0,"gold_gain":0,"player_choice":"Box","damage_taken":0,"relics_obtained":["Red Skull"],"max_hp_gain":0,"max_hp_loss":0,"event_name":"Big Fish","floor":2,"gold_loss":0,"cards_obtained":["Regret"]},{"damage_healed":0,"gold_gain":0,"player_choice":"Ignored","damage_taken":0,"max_hp_gain":0,"max_hp_loss":0,"event_name":"Liars Game","floor":4,"gold_loss":0},{"cards_removed":["Regret"],"damage_healed":0,"gold_gain":0,"player_choice":"Card Removal","damage_taken":7,"max_hp_gain":0,"max_hp_loss":0,"event_name":"Golden Wing","floor":5,"gold_loss":0}],"is_beta":true,"boss_relics":[],"items_purged_floors":[],"is_endless":false,"potions_floor_spawned":[1,7,10,13],"killed_by":"Hexaghost","ascension_level":20}