{"gold_per_floor":[16,16,16,31,31,31,63,63,63,83,103,114,114,39,39,39],"floor_reached":16,"playtime":975,"items_purged":["Strike_G"],"score":150,"play_id":"35f47a49-0343-4f9e-8fc3-67bf81395486","local_time":"20190501195843","is_ascension_mode":true,"campfire_choices":[{"data":"Neutralize","floor":6,"key":"SMITH"},{"data":"Setup","floor":13,"key":"SMITH"},{"floor":15,"key":"REST"}],"neow_cost":"NO_GOLD","seed_source_timestamp":301610325708196,"circlet_count":0,"master_deck":["AscendersBane","Defend_G","Defend_G","Defend_G","Defend_G","Defend_G","Strike_G","Strike_G","Strike_G","Survivor","Neutralize+1","Corpse Explosion","Escape Plan","Blur","Setup+1","Footwork","Leg Sweep","Crippling Poison","PiercingWail"],"relics":["Ring of the Snake","Bag of Preparation","Dream Catcher","Ninja Scroll","PreservedInsect"],"potions_floor_usage":[12,16,16],"damage_taken":[{"damage":0,"enemies":"Small Slimes","floor":1,"turns":3},{"damage":3,"enemies":"Jaw Worm","floor":4,"turns":4},{"damage":21,"enemies":"3 Sentries","floor":7,"turns":7},{"damage":0,"enemies":"Cultist","floor":10,"turns":4},{"damage":7,"enemies":"3 Louse","floor":11,"turns":4},{"damage":11,"enemies":"Exordium Wildlife","floor":12,"turns":6},{"damage":18,"enemies":"Slime Boss","floor":16,"turns":13}],"seed_played":"-74388017405615383","potions_obtained":[{"floor":1,"key":"PowerPotion"},{"floor":7,"key":"Poison Potion"},{"floor":11,"key":"Dexterity Potion"}],"is_trial":false,"path_per_floor":["M","?","T","M","?","R","E","$","T","M","M","M","R","$","R","B"],"character_chosen":"THE_SILENT","items_purchased":[],"campfire_rested":1,"item_purchase_floors":[],"current_hp_per_floor":[63,60,60,57,57,57,36,36,36,36,29,18,18,18,39,21],"gold":39,"neow_bonus":"THREE_RARE_CARDS","is_prod":false,"is_daily":false,"chose_seed":false,"campfire_upgraded":2,"win_rate":0,"timestamp":1556776723,"path_taken":["M","?","?","?","?","R","E","?","T","M","M","?","R","$","R","BOSS"],"build_version":"2019-01-23","purchased_purges":1,"victory":false,"max_hp_per_floor":[70,70,70,70,70,70,70,70,70,70,70,70,70,70,70,70],"card_choices":[{"not_picked":["Unload","Venomology"],"picked":"Corpse Explosion","floor":0},{"not_picked":["Eviscerate","Quick Slash"],"picked":"Escape Plan","floor":1},{"not_picked":["Flying Knee","Quick Slash","Distraction"],"picked":"SKIP","floor":4},{"not_picked":["Outmaneuver","Tactician"],"picked":"Setup","floor":7},{"not_picked":["Cloak And Dagger","Flying Knee"],"picked":"Footwork","floor":10},{"not_picked":["Dash","Bane"],"picked":"Leg Sweep","floor":11},{"not_picked":["Heel Hook","Setup"],"picked":"Crippling Poison","floor":12},{"not_picked":["Slice","Blade Dance"],"picked":"PiercingWail","floor":15}],"player_experience":380194,"relics_obtained":[{"floor":3,"key":"Dream Catcher"},{"floor":7,"key":"Ninja Scroll"},{"floor":9,"key":"PreservedInsect"}],"event_choices":[{"damage_healed":0,"gold_gain":0,"player_choice":"Success","damage_taken":3,"relics_obtained":["Bag of Preparation"],"max_hp_gain":0,"max_hp_loss":0,"event_name":"Scrap Ooze","floor":2,"gold_loss":0},{"damage_healed":0,"gold_gain":0,"cards_transformed":["Strike_G"],"player_choice":"Change","damage_taken":0,"max_hp_gain":0,"max_hp_loss":0,"event_name":"Living Wall","floor":5,"gold_loss":0,"cards_obtained":["Blur"]}],"is_beta":false,"boss_relics":[],"items_purged_floors":[14],"is_endless":false,"potions_floor_spawned":[1,7,11],"killed_by":"Slime Boss","ascension_level":10}