{"gold_per_floor":[117,117,135,210,225,236,265,265,265,265,298,62,62,72,72,168,168,183,183,214,201,45,45,75,75,75,75,174,174,22,35,35,140,140,156,209,219,94,108,108,142,142,168,443,468,486,496,189,189,189,189,189,28,55,55],"floor_reached":55,"playtime":3104,"items_purged":["Shame","Defend_G+1","Strike_G+1","Regret"],"score":826,"play_id":"95c7d222-82b4-4655-b0f8-01d7dff3565a","local_time":"20190224191136","is_ascension_mode":false,"campfire_choices":[{"floor":8,"key":"REST"},{"floor":15,"key":"REST"},{"floor":23,"key":"REST"},{"floor":25,"key":"REST"},{"floor":27,"key":"REST"},{"floor":32,"key":"REST"},{"floor":40,"key":"REST"},{"floor":42,"key":"RECALL"},{"floor":49,"key":"REST"},{"floor":52,"key":"REST"}],"neow_cost":"CURSE","seed_source_timestamp":411957154470900,"circlet_count":0,"master_deck":["Defend_G+1","Defend_G+1","Strike_G+1","Strike_G+1","Strike_G+1","Survivor","Neutralize+1","Envenom","Deadly Poison","Prepared","Backstab","Poisoned Stab+1","Caltrops","PiercingWail","Burst","Tools of the Trade","Dash+1","Backflip","Leg Sweep","Corpse Explosion","Backstab","Calculated Gamble+1","Catalyst","Parasite","After Image"],"relics":["Ring of the Snake","Boot","Tough Bandages","Empty Cage","Red Mask","Tiny Chest","Whetstone","Orichalcum","Paper Crane","Fusion Hammer","Thread and Needle","Blue Candle","Ancient Tea Set","Singing Bowl","Bronze Scales","Bird Faced Urn"],"potions_floor_usage":[16,16,20,24,33,33,33,50,55],"damage_taken":[{"damage":6,"enemies":"Cultist","floor":1,"turns":4},{"damage":2,"enemies":"Small Slimes","floor":3,"turns":4},{"damage":0,"enemies":"Jaw Worm","floor":5,"turns":3},{"damage":2,"enemies":"2 Fungi Beasts","floor":6,"turns":5},{"damage":13,"enemies":"Lagavulin","floor":7,"turns":6},{"damage":36,"enemies":"3 Sentries","floor":11,"turns":9},{"damage":0,"enemies":"Exordium Wildlife","floor":14,"turns":5},{"damage":0,"enemies":"Slime Boss","floor":16,"turns":5},{"damage":3,"enemies":"Spheric Guardian","floor":18,"turns":5},{"damage":33,"enemies":"Masked Bandits","floor":20,"turns":7},{"damage":3,"enemies":"2 Thieves","floor":21,"turns":4},{"damage":45,"enemies":"Gremlin Leader","floor":24,"turns":13},{"damage":0,"enemies":"Snake Plant","floor":31,"turns":4},{"damage":28,"enemies":"Automaton","floor":33,"turns":11},{"damage":11,"enemies":"3 Darklings","floor":35,"turns":3},{"damage":20,"enemies":"2 Orb Walkers","floor":36,"turns":4},{"damage":0,"enemies":"3 Shapes","floor":37,"turns":5},{"damage":0,"enemies":"Maw","floor":39,"turns":8},{"damage":0,"enemies":"Giant Head","floor":41,"turns":10},{"damage":16,"enemies":"Reptomancer","floor":45,"turns":9},{"damage":1,"enemies":"3 Darklings","floor":46,"turns":2},{"damage":1,"enemies":"Writhing Mass","floor":47,"turns":8},{"damage":12,"enemies":"Awakened One","floor":50,"turns":18},{"damage":68,"enemies":"Shield and Spear","floor":54,"turns":6},{"damage":73,"enemies":"The Heart","floor":55,"turns":6}],"seed_played":"1820033494630591590","potions_obtained":[{"floor":6,"key":"SteroidPotion"},{"floor":11,"key":"GamblersBrew"},{"floor":14,"key":"AttackPotion"},{"floor":21,"key":"Explosive Potion"},{"floor":24,"key":"SkillPotion"},{"floor":31,"key":"SkillPotion"},{"floor":39,"key":"SpeedPotion"},{"floor":45,"key":"Swift Potion"},{"floor":47,"key":"FairyPotion"}],"is_trial":false,"path_per_floor":["M","?","M","?","M","M","E","R","T","?","E","$","?","M","R","B",null,"M","?","?","M","$","R","E","R","T","R","?","T","$","M","R","B",null,"M","?","M","$","M","R","E","R","T","?","E","M","M","$","R","B",null,"R","$","E","B"],"character_chosen":"THE_SILENT","items_purchased":["Burst","Leg Sweep","Tiny Chest","PowerPotion","Bronze Scales","After Image"],"campfire_rested":9,"item_purchase_floors":[12,22,22,30,48,53],"current_hp_per_floor":[64,64,62,51,51,49,36,57,57,57,21,21,21,21,42,42,70,67,67,34,31,31,52,7,28,28,49,49,49,49,49,70,42,70,59,39,39,39,39,60,60,60,60,60,46,47,48,48,70,58,76,76,76,10,0],"gold":55,"neow_bonus":"THREE_RARE_CARDS","is_prod":false,"is_daily":false,"chose_seed":false,"campfire_upgraded":0,"win_rate":0,"timestamp":1551031896,"path_taken":["M","?","?","?","M","M","E","R","T","?","E","$","?","M","R","BOSS","M","?","?","M","?","R","E","R","T","R","?","?","$","?","R","BOSS","M","?","M","$","M","R","E","R","T","?","E","?","M","$","R","BOSS","R","$","E","BOSS"],"build_version":"2019-02-06","purchased_purges":4,"victory":false,"max_hp_per_floor":[70,70,70,70,70,70,70,70,70,70,70,70,70,70,70,70,70,70,70,70,70,70,70,70,70,70,70,70,70,70,70,70,70,70,70,70,70,70,70,70,70,70,70,70,72,74,76,76,76,76,76,76,76,78,78],"card_choices":[{"not_picked":["Tools of the Trade","A Thousand Cuts"],"picked":"Envenom","floor":0},{"not_picked":["Expertise","Choke"],"picked":"Deadly Poison","floor":1},{"not_picked":["Flying Knee","Poisoned Stab"],"picked":"Backstab","floor":3},{"not_picked":["Blade Dance","Expertise"],"picked":"Poisoned Stab","floor":5},{"not_picked":["Slice","Deadly Poison"],"picked":"Caltrops","floor":6},{"not_picked":["Terror","Flying Knee","Deflect"],"picked":"SKIP","floor":7},{"not_picked":["Deadly Poison","Storm of Steel"],"picked":"PiercingWail","floor":11},{"not_picked":["Endless Agony","Blade Dance","Sucker Punch"],"picked":"SKIP","floor":14},{"not_picked":["Venomology","Phantasmal Killer"],"picked":"Tools of the Trade","floor":16},{"not_picked":["Cloak And Dagger","Quick Slash"],"picked":"Dash","floor":18},{"not_picked":["Sucker Punch","Slice"],"picked":"Backflip","floor":21},{"not_picked":["All Out Attack","Doppelganger","Accuracy"],"picked":"SKIP","floor":24},{"not_picked":["Dodge and Roll","Infinite Blades","Accuracy+1"],"picked":"SKIP","floor":31},{"not_picked":["Glass Knife","Die Die Die"],"picked":"Corpse Explosion","floor":33},{"not_picked":["Deadly Poison","Sucker Punch+1","Acrobatics+1"],"picked":"SKIP","floor":35},{"not_picked":["Riddle With Holes+1","Dagger Spray+1"],"picked":"Backstab","floor":37},{"not_picked":["Slice","Masterful Stab","Calculated Gamble+1"],"picked":"SKIP","floor":39},{"not_picked":["Slice","Masterful Stab"],"picked":"Calculated Gamble+1","floor":39},{"not_picked":["Bouncing Flask","Flying Knee+1"],"picked":"Catalyst","floor":41},{"not_picked":["Acrobatics+1","Poisoned Stab+1","Expertise"],"picked":"Singing Bowl","floor":45},{"not_picked":["Dagger Spray+1","Dash","Prepared"],"picked":"Singing Bowl","floor":46},{"not_picked":["Cloak And Dagger+1","Backflip","Leg Sweep+1"],"picked":"Singing Bowl","floor":47},{"not_picked":["Deadly Poison","Acrobatics","Tools of the Trade"],"picked":"Singing Bowl","floor":54}],"player_experience":1184695,"relics_obtained":[{"floor":7,"key":"Boot"},{"floor":11,"key":"Tough Bandages"},{"floor":20,"key":"Red Mask"},{"floor":24,"key":"Whetstone"},{"floor":26,"key":"Orichalcum"},{"floor":29,"key":"Paper Crane"},{"floor":36,"key":"Thread and Needle"},{"floor":41,"key":"Blue Candle"},{"floor":43,"key":"Ancient Tea Set"},{"floor":45,"key":"Singing Bowl"},{"floor":54,"key":"Bird Faced Urn"}],"event_choices":[{"damage_healed":0,"gold_gain":0,"cards_transformed":["Defend_G"],"player_choice":"Transformed","damage_taken":0,"max_hp_gain":0,"max_hp_loss":0,"event_name":"Transmorgrifier","floor":2,"gold_loss":0,"cards_obtained":["Prepared"]},{"damage_healed":0,"gold_gain":75,"player_choice":"Gather Gold","damage_taken":11,"max_hp_gain":0,"max_hp_loss":0,"event_name":"World of Goop","floor":4,"gold_loss":0},{"damage_healed":0,"gold_gain":0,"player_choice":"Searched \u00270\u0027 times","damage_taken":0,"max_hp_gain":0,"max_hp_loss":0,"event_name":"Dead Adventurer","floor":10,"gold_loss":0},{"damage_healed":0,"gold_gain":0,"player_choice":"Grow","damage_taken":0,"max_hp_gain":0,"max_hp_loss":0,"event_name":"Living Wall","floor":13,"gold_loss":0,"cards_upgraded":["Poisoned Stab"]},{"damage_healed":0,"gold_gain":0,"player_choice":"Simplicity","damage_taken":0,"max_hp_gain":0,"max_hp_loss":0,"event_name":"Back to Basics","floor":19,"gold_loss":0,"cards_upgraded":["Defend_G","Defend_G","Defend_G","Strike_G","Strike_G","Strike_G","Strike_G"]},{"damage_healed":0,"gold_gain":0,"player_choice":"Fought Bandits","damage_taken":0,"max_hp_gain":0,"max_hp_loss":0,"event_name":"Masked Bandits","floor":20,"gold_loss":0},{"damage_healed":0,"gold_gain":99,"player_choice":"Stole From Cult","damage_taken":0,"max_hp_gain":0,"max_hp_loss":0,"event_name":"Nest","floor":28,"gold_loss":0},{"damage_healed":0,"gold_gain":0,"player_choice":"Fight","damage_taken":0,"max_hp_gain":0,"max_hp_loss":0,"event_name":"Mysterious Sphere","floor":36,"gold_loss":0},{"damage_healed":0,"gold_gain":275,"player_choice":"Desecrate","damage_taken":0,"max_hp_gain":0,"max_hp_loss":0,"event_name":"Golden Shrine","floor":44,"gold_loss":0,"cards_obtained":["Regret"]}],"is_beta":true,"boss_relics":[{"not_picked":["WristBlade","Coffee Dripper"],"picked":"Empty Cage"},{"not_picked":["Philosopher\u0027s Stone","HoveringKite"],"picked":"Fusion Hammer"}],"items_purged_floors":[12,30,38,48],"is_endless":false,"potions_floor_spawned":[6,11,14,21,24,31,39,45,47],"killed_by":"The Heart","ascension_level":0}