{"gold_per_floor":[17,34,52,70,81,110,110,136,136,146,156,176,209,159,159,159],"floor_reached":16,"playtime":1052,"items_purged":[],"score":230,"play_id":"6222ef02-590b-4bbb-9721-b1f6652444bc","local_time":"20190423173756","is_ascension_mode":true,"campfire_choices":[{"data":"Whirlwind","floor":7,"key":"SMITH"},{"data":"Bash","floor":15,"key":"SMITH"}],"neow_cost":"NO_GOLD","seed_source_timestamp":1926931576425909,"circlet_count":0,"master_deck":["AscendersBane","Strike_R","Strike_R","Strike_R","Strike_R","Defend_R","Defend_R","Defend_R","Defend_R","Bash+1","Feel No Pain","Dropkick","Headbutt","Warcry","Wild Strike","Whirlwind+1","Shrug It Off","Flex","Thunderclap"],"special_seed":0,"relics":["Burning Blood","Ice Cream","Centennial Puzzle","Paper Frog","Odd Mushroom","Bottled Tornado"],"potions_floor_usage":[6,12,16],"damage_taken":[{"damage":6,"enemies":"Cultist","floor":1,"turns":4},{"damage":5,"enemies":"Jaw Worm","floor":2,"turns":5},{"damage":2,"enemies":"2 Louse","floor":3,"turns":3},{"damage":1,"enemies":"Exordium Wildlife","floor":4,"turns":4},{"damage":13,"enemies":"Blue Slaver","floor":5,"turns":4},{"damage":12,"enemies":"Gremlin Nob","floor":6,"turns":4},{"damage":25,"enemies":"3 Sentries","floor":8,"turns":5},{"damage":0,"enemies":"Lots of Slimes","floor":10,"turns":1},{"damage":7,"enemies":"Gremlin Gang","floor":11,"turns":3},{"damage":0,"enemies":"The Mushroom Lair","floor":12,"turns":2},{"damage":32,"enemies":"Gremlin Nob","floor":13,"turns":4},{"damage":61,"enemies":"Hexaghost","floor":16,"turns":9}],"seed_played":"8755074718519949305","potions_obtained":[{"floor":1,"key":"PowerPotion"},{"floor":3,"key":"BloodPotion"},{"floor":4,"key":"EssenceOfSteel"},{"floor":8,"key":"SteroidPotion"},{"floor":13,"key":"Ancient Potion"}],"is_trial":false,"path_per_floor":["M","M","M","M","M","E","R","E","T","M","M","?","E","?","R","B"],"character_chosen":"IRONCLAD","items_purchased":[],"campfire_rested":0,"item_purchase_floors":[],"current_hp_per_floor":[88,89,93,96,89,83,83,64,64,70,69,75,49,49,49,0],"gold":159,"neow_bonus":"TWENTY_PERCENT_HP_BONUS","is_prod":false,"is_daily":false,"chose_seed":false,"campfire_upgraded":2,"win_rate":0,"timestamp":1556019476,"path_taken":["M","M","M","M","M","E","R","E","T","M","M","?","E","?","R","BOSS"],"build_version":"2019-01-23","purchased_purges":0,"victory":false,"max_hp_per_floor":[96,96,96,96,96,96,96,96,96,96,96,96,96,96,96,96],"card_choices":[{"not_picked":["Second Wind","Twin Strike"],"picked":"Feel No Pain","floor":1},{"not_picked":["Clothesline","Iron Wave"],"picked":"Dropkick","floor":2},{"not_picked":["Entrench","Rampage"],"picked":"Headbutt","floor":3},{"not_picked":["Havoc","Infernal Blade"],"picked":"Warcry","floor":4},{"not_picked":["Headbutt","Ghostly Armor"],"picked":"Wild Strike","floor":5},{"not_picked":["Brutality","Body Slam"],"picked":"Whirlwind","floor":6},{"not_picked":["Heavy Blade","Thunderclap"],"picked":"Shrug It Off","floor":8},{"not_picked":["Twin Strike","Havoc"],"picked":"Flex","floor":10},{"not_picked":["Shrug It Off","Rampage","Sentinel"],"picked":"SKIP","floor":11},{"not_picked":["Sever Soul","Rage"],"picked":"Thunderclap","floor":13}],"player_experience":1192664,"relics_obtained":[{"floor":6,"key":"Ice Cream"},{"floor":8,"key":"Centennial Puzzle"},{"floor":9,"key":"Paper Frog"},{"floor":12,"key":"Odd Mushroom"},{"floor":13,"key":"Bottled Tornado"}],"event_choices":[{"damage_healed":0,"gold_gain":0,"player_choice":"Fought Mushrooms","damage_taken":0,"max_hp_gain":0,"max_hp_loss":0,"event_name":"Mushrooms","floor":12,"gold_loss":0},{"cards_removed":["Strike_R"],"damage_healed":0,"gold_gain":0,"player_choice":"Card Removal","damage_taken":0,"max_hp_gain":0,"max_hp_loss":0,"event_name":"The Cleric","floor":14,"gold_loss":50}],"is_beta":false,"boss_relics":[],"items_purged_floors":[],"is_endless":false,"potions_floor_spawned":[1,3,4,8,13],"killed_by":"Hexaghost","ascension_level":13}