{"gold_per_floor":[114,114,130,144,161,194,194,194,194,228,228,239,239,298,298,370,370,388,41,59,70,90,118,118,128,178,209,224,224,224,224,224,299,299,315,415,415,415,415,415,305,323,323,335,335,54,54,72,72,72,72,72,72,18,53,53],"floor_reached":56,"playtime":1987,"items_purged":["Strike_R"],"score":1790,"play_id":"4808ea7a-5f06-49f1-b86e-c504350e6f3a","local_time":"20190405225733","is_ascension_mode":true,"campfire_choices":[{"data":"Bash","floor":7.0,"key":"SMITH"},{"data":"Heavy Blade","floor":11.0,"key":"SMITH"},{"data":"Demon Form","floor":13.0,"key":"SMITH"},{"data":"Disarm","floor":15.0,"key":"SMITH"},{"floor":24.0,"key":"REST"},{"floor":29.0,"key":"REST"},{"data":"Demon Form","floor":32.0,"key":"SMITH"},{"floor":40.0,"key":"RECALL"},{"data":"Double Tap","floor":45.0,"key":"SMITH"},{"data":"Sword Boomerang","floor":47.0,"key":"SMITH"},{"data":"Twin Strike","floor":49.0,"key":"SMITH"},{"data":"Bludgeon","floor":53.0,"key":"SMITH"}],"neow_cost":"PERCENT_DAMAGE","seed_source_timestamp":0,"circlet_count":0,"master_deck":["AscendersBane","Strike_R","Defend_R","Bash+1","Shrug It Off","Cleave","Heavy Blade+1","Demon Form+1","Twin Strike+1","Disarm+1","Immolate+1","Shrug It Off","Shrug It Off+1","Double Tap+1","Sword Boomerang+1","Demon Form+1","Feed","Bludgeon+1"],"special_seed":0,"relics":["Burning Blood","Bag of Marbles","Shuriken","Juzu Bracelet","Snecko Eye","Pantograph","Bronze Scales","Ancient Tea Set","Mercury Hourglass","Busted Crown","Calipers","Ornamental Fan","Potion Belt","Pen Nib"],"potions_floor_usage":[55,55],"damage_taken":[{"damage":0.0,"enemies":"Small Slimes","floor":1.0,"turns":5.0},{"damage":0.0,"enemies":"Cultist","floor":3.0,"turns":3.0},{"damage":7.0,"enemies":"2 Louse","floor":4.0,"turns":2.0},{"damage":8.0,"enemies":"2 Fungi Beasts","floor":5.0,"turns":4.0},{"damage":22.0,"enemies":"Lagavulin","floor":6.0,"turns":6.0},{"damage":35.0,"enemies":"3 Sentries","floor":10.0,"turns":5.0},{"damage":5.0,"enemies":"Gremlin Gang","floor":12.0,"turns":5.0},{"damage":31.0,"enemies":"Gremlin Nob","floor":14.0,"turns":4.0},{"damage":9.0,"enemies":"Hexaghost","floor":16.0,"turns":8.0},{"damage":8.0,"enemies":"Shell Parasite","floor":18.0,"turns":2.0},{"damage":16.0,"enemies":"2 Thieves","floor":20.0,"turns":3.0},{"damage":4.0,"enemies":"Cultist and Chosen","floor":21.0,"turns":5.0},{"damage":0.0,"enemies":"Snecko","floor":22.0,"turns":3.0},{"damage":28.0,"enemies":"Slavers","floor":23.0,"turns":4.0},{"damage":22.0,"enemies":"Shelled Parasite and Fungi","floor":25.0,"turns":3.0},{"damage":26.0,"enemies":"Gremlin Leader","floor":27.0,"turns":4.0},{"damage":1.0,"enemies":"Centurion and Healer","floor":28.0,"turns":3.0},{"damage":25.0,"enemies":"Champ","floor":33.0,"turns":6.0},{"damage":0.0,"enemies":"3 Shapes","floor":35.0,"turns":2.0},{"damage":22.0,"enemies":"Mind Bloom Boss Battle","floor":36.0,"turns":6.0},{"damage":5.0,"enemies":"Orb Walker","floor":42.0,"turns":3.0},{"damage":0.0,"enemies":"Maw","floor":44.0,"turns":4.0},{"damage":0.0,"enemies":"Transient","floor":48.0,"turns":5.0},{"damage":38.0,"enemies":"Donu and Deca","floor":50.0,"turns":5.0},{"damage":58.0,"enemies":"Awakened One","floor":51.0,"turns":5.0},{"damage":49,"enemies":"Shield and Spear","floor":55,"turns":4},{"damage":69,"enemies":"The Heart","floor":56,"turns":2}],"seed_played":"8757358923251725260","potions_obtained":[{"floor":1.0,"key":"PowerPotion"},{"floor":4.0,"key":"SpeedPotion"},{"floor":6.0,"key":"PowerPotion"},{"floor":12.0,"key":"Block Potion"},{"floor":20.0,"key":"SkillPotion"},{"floor":22.0,"key":"AttackPotion"},{"floor":25.0,"key":"Weak Potion"},{"floor":28.0,"key":"Regen Potion"},{"floor":48.0,"key":"GamblersBrew"}],"is_trial":false,"path_per_floor":["M","?","M","M","M","E","R","?","T","E","R","M","R","?","R","B",null,"M","$","M","M","M","E","R","M","T","E","M","R","?","?","R","B",null,"M","?","?","?","?","R","?","M","T","M","R","$","R","M","R","B","B",null,"R","$","E","B"],"character_chosen":"IRONCLAD","items_purchased":["Pantograph","Potion Belt","Energy Potion","Weak Potion","AttackPotion"],"campfire_rested":2,"item_purchase_floors":[19,46,46,46,54],"current_hp_per_floor":[56,56,62,61,59,43,43,68,68,39,39,40,40,15,15,12,59,57,57,47,49,55,33,55,39,39,19,24,46,46,46,46,52,69,75,62,62,62,62,62,62,63,63,69,69,69,69,74,74,42,29,63,63,63,20,0],"gold":53,"neow_bonus":"TRANSFORM_TWO_CARDS","is_prod":false,"is_daily":false,"chose_seed":false,"campfire_upgraded":9,"win_rate":0,"timestamp":1554497853,"path_taken":["M","?","?","?","M","E","R","?","T","E","R","M","R","?","R","BOSS","M","$","M","M","M","E","R","M","T","E","M","R","?","?","R","BOSS","M","?","?","?","?","R","?","M","T","M","R","?","R","M","R","BOSS","BOSS","R","$","E","BOSS"],"build_version":"2019-04-04","purchased_purges":1,"victory":false,"max_hp_per_floor":[75,75,75,75,75,75,75,75,75,75,75,75,75,75,75,75,75,75,75,75,75,75,75,75,75,75,75,75,75,75,75,75,75,75,75,78,74,74,74,74,74,74,74,74,74,74,74,74,74,74,74,74,74,74,74,74],"card_choices":[{"not_picked":["Entrench","Body Slam","Intimidate"],"picked":"SKIP","floor":1.0},{"not_picked":["Thunderclap","Flex"],"picked":"Heavy Blade","floor":3.0},{"not_picked":["Evolve","Wild Strike","Warcry"],"picked":"SKIP","floor":4.0},{"not_picked":["Twin Strike","Burning Pact"],"picked":"Demon Form","floor":5.0},{"not_picked":["Evolve","Searing Blow"],"picked":"Twin Strike","floor":6.0},{"not_picked":["Body Slam","Cleave"],"picked":"Disarm","floor":10.0},{"not_picked":["Carnage","Bloodletting","Heavy Blade"],"picked":"SKIP","floor":12.0},{"not_picked":["Double Tap","Reaper"],"picked":"Immolate","floor":16.0},{"not_picked":["Infernal Blade","Rampage","Sever Soul"],"picked":"SKIP","floor":18.0},{"not_picked":["Warcry","Blood for Blood"],"picked":"Shrug It Off","floor":20.0},{"not_picked":["Iron Wave","Sentinel"],"picked":"Shrug It Off+1","floor":21.0},{"not_picked":["Anger","Havoc","Inflame"],"picked":"SKIP","floor":22.0},{"not_picked":["True Grit","Heavy Blade"],"picked":"Double Tap","floor":23.0},{"not_picked":["Armaments","Headbutt","Juggernaut"],"picked":"SKIP","floor":25.0},{"not_picked":["Iron Wave","Havoc","Perfected Strike"],"picked":"SKIP","floor":27.0},{"not_picked":["Carnage+1","Clash+1"],"picked":"Sword Boomerang","floor":28.0},{"not_picked":["Barricade","Immolate"],"picked":"Feed","floor":33.0},{"not_picked":["Rampage"],"picked":"SKIP","floor":35.0},{"not_picked":["Perfected Strike+1"],"picked":"SKIP","floor":42.0},{"not_picked":["Twin Strike"],"picked":"SKIP","floor":44.0},{"not_picked":["Armaments"],"picked":"SKIP","floor":48.0},{"not_picked":["Iron Wave+1"],"picked":"SKIP","floor":55}],"player_experience":1334496,"relics_obtained":[{"floor":6.0,"key":"Bag of Marbles"},{"floor":10.0,"key":"Shuriken"},{"floor":14.0,"key":"Juzu Bracelet"},{"floor":23.0,"key":"Bronze Scales"},{"floor":26.0,"key":"Ancient Tea Set"},{"floor":27.0,"key":"Mercury Hourglass"},{"floor":36.0,"key":"Calipers"},{"floor":43.0,"key":"Ornamental Fan"},{"floor":55,"key":"Pen Nib"}],"event_choices":[{"cards_removed":["Defend_R"],"damage_healed":0.0,"max_hp_gain":0.0,"max_hp_loss":0.0,"gold_gain":0.0,"event_name":"Bonfire Elementals","player_choice":"Offered Basic","floor":2.0,"gold_loss":0.0,"damage_taken":0.0},{"damage_healed":25.0,"max_hp_gain":0.0,"max_hp_loss":0.0,"gold_gain":0.0,"event_name":"Big Fish","player_choice":"Banana","floor":8.0,"gold_loss":0.0,"damage_taken":0.0},{"damage_healed":0.0,"max_hp_gain":0.0,"max_hp_loss":0.0,"gold_gain":30.0,"event_name":"Dead Adventurer","player_choice":"Searched \u00272\u0027 times","floor":14.0,"gold_loss":0.0,"damage_taken":0.0},{"damage_healed":0.0,"max_hp_gain":0.0,"max_hp_loss":0.0,"gold_gain":0.0,"event_name":"N\u0027loth","player_choice":"Ignored","floor":30.0,"gold_loss":0.0,"damage_taken":0.0},{"damage_healed":0.0,"max_hp_gain":0.0,"max_hp_loss":0.0,"gold_gain":0.0,"event_name":"The Library","player_choice":"Read","floor":31.0,"gold_loss":0.0,"damage_taken":0.0,"cards_obtained":["Demon Form"]},{"damage_healed":0.0,"max_hp_gain":0.0,"max_hp_loss":0.0,"gold_gain":0.0,"event_name":"MindBloom","player_choice":"Fight","floor":36.0,"gold_loss":0.0,"damage_taken":0.0},{"damage_healed":0.0,"max_hp_gain":0.0,"max_hp_loss":4.0,"gold_gain":0.0,"event_name":"Winding Halls","player_choice":"Max HP","floor":37.0,"gold_loss":0.0,"damage_taken":0.0},{"cards_removed":["Defend_R"],"damage_healed":0.0,"max_hp_gain":0.0,"max_hp_loss":0.0,"gold_gain":0.0,"event_name":"Falling","player_choice":"Removed Skill","floor":38.0,"gold_loss":0.0,"damage_taken":0.0},{"damage_healed":0.0,"max_hp_gain":0.0,"max_hp_loss":0.0,"gold_gain":0.0,"cards_transformed":["Strike_R"],"event_name":"Transmorgrifier","player_choice":"Transformed","floor":39.0,"gold_loss":0.0,"damage_taken":0.0,"cards_obtained":["Bludgeon"]},{"cards_removed":["Strike_R"],"damage_healed":0.0,"max_hp_gain":0.0,"max_hp_loss":0.0,"gold_gain":0.0,"event_name":"Designer","player_choice":"Upgrade and Remove","floor":41.0,"gold_loss":110.0,"damage_taken":0.0,"cards_upgraded":["Immolate"]}],"is_beta":true,"boss_relics":[{"not_picked":["Runic Dome","Orrery"],"picked":"Snecko Eye"},{"not_picked":["Velvet Choker","Cursed Key"],"picked":"Busted Crown"}],"items_purged_floors":[19],"is_endless":false,"potions_floor_spawned":[1,4,6,12,20,22,25,28,35,48],"killed_by":"The Heart","ascension_level":20}