{"gold_per_floor":[212,222,222,238,238,238,266,285,285,435,435,415,373,186,186,262,262,282,332,343,343,61,61,61,61,61,80,99,99,99,112,112,188,188,199,215,226,126,137,137,156,156,156,156,168,183,183,198,198,198,198],"floor_reached":52,"playtime":2001,"items_purged":["Doubt","Clumsy"],"score":1712,"play_id":"9dde5cb5-5028-475c-ad12-47caea0c6276","local_time":"20190106205345","is_ascension_mode":true,"campfire_choices":[{"data":"Sword Boomerang","floor":6.0,"key":"SMITH"},{"floor":11.0,"key":"REST"},{"floor":15.0,"key":"REST"},{"data":"Armaments","floor":23.0,"key":"SMITH"},{"floor":25.0,"key":"REST"},{"data":"Demon Form","floor":32.0,"key":"SMITH"},{"data":"Shockwave","floor":40.0,"key":"SMITH"},{"data":"True Grit","floor":42.0,"key":"SMITH"},{"data":"Bash","floor":44.0,"key":"SMITH"},{"floor":49.0,"key":"REST"}],"neow_cost":"NONE","seed_source_timestamp":0,"circlet_count":0,"master_deck":["AscendersBane","Strike_R","Strike_R","Strike_R","Strike_R","Strike_R","Defend_R","Defend_R","Defend_R","Bash+1","Demon Form+1","Sword Boomerang+1","Shrug It Off","Shrug It Off","Power Through","Armaments+1","Shockwave+1","Reaper","Shrug It Off+1","Warcry","Heavy Blade+1","True Grit+1","Writhe","Disarm+1"],"special_seed":0,"relics":["Burning Blood","GremlinMask","Dodecahedron","Paper Frog","Cursed Key","Shuriken","Red Skull","Mark of Pain","Question Card"],"potions_floor_usage":[51,51],"damage_taken":[{"damage":11.0,"enemies":"Small Slimes","floor":1.0,"turns":5.0},{"damage":11.0,"enemies":"Cultist","floor":2.0,"turns":4.0},{"damage":10.0,"enemies":"2 Louse","floor":4.0,"turns":4.0},{"damage":30.0,"enemies":"Lagavulin","floor":7.0,"turns":7.0},{"damage":18.0,"enemies":"Looter","floor":8.0,"turns":4.0},{"damage":18.0,"enemies":"Exordium Thugs","floor":13.0,"turns":5.0},{"damage":11.0,"enemies":"Hexaghost","floor":16.0,"turns":9.0},{"damage":43.0,"enemies":"3 Byrds","floor":18.0,"turns":5.0},{"damage":10.0,"enemies":"Shell Parasite","floor":20.0,"turns":4.0},{"damage":36.0,"enemies":"Colosseum Slavers","floor":24.0,"turns":7.0},{"damage":1.0,"enemies":"Centurion and Healer","floor":27.0,"turns":5.0},{"damage":1.0,"enemies":"Snecko","floor":28.0,"turns":5.0},{"damage":22.0,"enemies":"Shelled Parasite and Fungi","floor":31.0,"turns":4.0},{"damage":46.0,"enemies":"Collector","floor":33.0,"turns":8.0},{"damage":18.0,"enemies":"Orb Walker","floor":35.0,"turns":3.0},{"damage":29.0,"enemies":"3 Shapes","floor":36.0,"turns":13.0},{"damage":41.0,"enemies":"Transient","floor":37.0,"turns":6.0},{"damage":9.0,"enemies":"3 Darklings","floor":39.0,"turns":4.0},{"damage":17.0,"enemies":"Maw","floor":41.0,"turns":7.0},{"damage":64.0,"enemies":"Sphere and 2 Shapes","floor":45.0,"turns":8.0},{"damage":59.0,"enemies":"Spire Growth","floor":46.0,"turns":6.0},{"damage":17.0,"enemies":"Maw","floor":48.0,"turns":8.0},{"damage":64.0,"enemies":"Awakened One","floor":50.0,"turns":11.0},{"damage":107,"enemies":"Time Eater","floor":51,"turns":14}],"seed_played":"5126659564502223188","potions_obtained":[{"floor":2.0,"key":"BloodPotion"},{"floor":8.0,"key":"SpeedPotion"},{"floor":12.0,"key":"PowerPotion"},{"floor":16.0,"key":"SneckoOil"},{"floor":18.0,"key":"EntropicBrew"},{"floor":27.0,"key":"PowerPotion"},{"floor":39.0,"key":"Weak Potion"},{"floor":41.0,"key":"SpeedPotion"},{"floor":46.0,"key":"SpeedPotion"},{"floor":48.0,"key":"BloodPotion"}],"is_trial":false,"path_per_floor":["M","M","?","M","?","R","E","M","T","?","R","?","M","$","R","B",null,"M","?","M","?","$","R","?","R","T","M","M","?","$","M","R","B",null,"M","M","M","$","M","R","M","R","T","R","M","M","?","M","R","B","B",null],"character_chosen":"IRONCLAD","items_purchased":["Armaments","Block Potion","Shuriken"],"campfire_rested":4,"item_purchase_floors":[14,14,22],"current_hp_per_floor":[63,58,58,54,47,47,30,18,18,18,40,40,28,28,50,45,68,31,31,27,42,42,42,12,34,34,39,44,85,85,69,69,29,71,59,64,51,51,85,85,77,77,77,77,62,43,43,77,85,70,11],"gold":198,"neow_bonus":"HUNDRED_GOLD","is_prod":false,"is_daily":false,"chose_seed":false,"campfire_upgraded":6,"win_rate":0,"timestamp":1546804425,"path_taken":["M","M","?","?","?","R","E","M","T","?","R","?","?","$","R","BOSS","M","?","M","?","$","R","?","R","T","M","?","?","$","M","R","BOSS","M","M","?","$","M","R","M","R","T","R","M","M","?","M","R","BOSS","BOSS"],"build_version":"2019-01-03v4","purchased_purges":2,"victory":true,"max_hp_per_floor":[75,75,75,75,75,75,75,75,75,75,75,75,75,75,75,75,75,75,75,75,75,75,75,75,75,75,75,75,85,85,85,85,85,85,85,85,85,85,85,85,85,85,85,85,85,85,85,85,85,85,85],"card_choices":[{"not_picked":["Thunderclap","Havoc","Headbutt"],"picked":"SKIP","floor":1.0},{"not_picked":["Body Slam","Sword Boomerang"],"picked":"Demon Form","floor":2.0},{"not_picked":["Wild Strike","Flex"],"picked":"Sword Boomerang","floor":4.0},{"not_picked":["Clash","Twin Strike"],"picked":"Shrug It Off","floor":7.0},{"not_picked":["Clothesline","Perfected Strike"],"picked":"Shrug It Off","floor":8.0},{"not_picked":["Evolve","Clash"],"picked":"Power Through","floor":13.0},{"not_picked":["Fiend Fire","Impervious"],"picked":"Immolate","floor":16.0},{"not_picked":["Armaments","Sword Boomerang"],"picked":"Shockwave","floor":18.0},{"not_picked":["Rupture","Intimidate","Bloodletting"],"picked":"SKIP","floor":20.0},{"not_picked":["Spot Weakness","Flex","Anger"],"picked":"SKIP","floor":27.0},{"not_picked":["Metallicize+1","Flex+1","Bloodletting"],"picked":"SKIP","floor":28.0},{"not_picked":["Headbutt","Anger","Infernal Blade"],"picked":"SKIP","floor":31.0},{"not_picked":["Double Tap","Juggernaut"],"picked":"Reaper","floor":33.0},{"not_picked":["Rampage","Body Slam","Rage"],"picked":"SKIP","floor":35.0},{"not_picked":["Whirlwind","Entrench"],"picked":"Shrug It Off+1","floor":36.0},{"not_picked":["Spot Weakness","Havoc+1"],"picked":"Warcry","floor":37.0},{"not_picked":["Combust","Clash"],"picked":"Heavy Blade+1","floor":39.0},{"not_picked":["Bloodletting","Ghostly Armor"],"picked":"True Grit","floor":41.0},{"not_picked":["Dropkick","Feel No Pain","Ghostly Armor"],"picked":"Disarm+1","floor":45.0},{"not_picked":["Berserk","Armaments","Rage","Combust+1"],"picked":"SKIP","floor":46.0},{"not_picked":["Headbutt","Armaments+1","Shrug It Off","Clothesline"],"picked":"SKIP","floor":48.0}],"player_experience":1021845,"relics_obtained":[{"floor":7.0,"key":"Dodecahedron"},{"floor":9.0,"key":"Paper Frog"},{"floor":26.0,"key":"Red Skull"},{"floor":43.0,"key":"Question Card"}],"event_choices":[{"damage_healed":0.0,"max_hp_gain":0.0,"max_hp_loss":0.0,"gold_gain":0.0,"event_name":"FaceTrader","player_choice":"Trade","floor":3.0,"gold_loss":0.0,"damage_taken":0.0,"relics_obtained":["GremlinMask"]},{"cards_removed":["Defend_R"],"damage_healed":0.0,"max_hp_gain":0.0,"max_hp_loss":0.0,"gold_gain":0.0,"event_name":"Golden Wing","player_choice":"Card Removal","floor":5.0,"gold_loss":0.0,"damage_taken":7.0},{"damage_healed":0.0,"max_hp_gain":0.0,"max_hp_loss":0.0,"gold_gain":150.0,"event_name":"Liars Game","player_choice":"AGREE","floor":10.0,"gold_loss":0.0,"damage_taken":0.0,"cards_obtained":["Doubt"]},{"damage_healed":0.0,"max_hp_gain":0.0,"max_hp_loss":0.0,"gold_gain":0.0,"event_name":"The Woman in Blue","player_choice":"Bought 1 Potion","floor":12.0,"gold_loss":0.0,"damage_taken":0.0},{"damage_healed":0.0,"max_hp_gain":0.0,"max_hp_loss":0.0,"gold_gain":50.0,"event_name":"Nest","player_choice":"Stole From Cult","floor":19.0,"gold_loss":0.0,"damage_taken":0.0},{"damage_healed":15.0,"max_hp_gain":0.0,"max_hp_loss":0.0,"gold_gain":0.0,"event_name":"The Library","player_choice":"Heal","floor":21.0,"gold_loss":0.0,"damage_taken":0.0},{"damage_healed":0.0,"max_hp_gain":0.0,"max_hp_loss":0.0,"gold_gain":0.0,"event_name":"Colosseum","player_choice":"Fight","floor":24.0,"gold_loss":0.0,"damage_taken":0.0},{"damage_healed":0.0,"max_hp_gain":0.0,"max_hp_loss":0.0,"gold_gain":0.0,"event_name":"Colosseum","player_choice":"Fled From Nobs","floor":24.0,"gold_loss":0.0,"damage_taken":0.0},{"cards_removed":["Immolate"],"damage_healed":31.0,"max_hp_gain":10.0,"max_hp_loss":0.0,"gold_gain":0.0,"event_name":"Bonfire Elementals","player_choice":"Offered Rare","floor":29.0,"gold_loss":0.0,"damage_taken":0.0},{"damage_healed":0.0,"max_hp_gain":0.0,"max_hp_loss":0.0,"gold_gain":0.0,"event_name":"Mysterious Sphere","player_choice":"Ignored","floor":47.0,"gold_loss":0.0,"damage_taken":0.0}],"is_beta":true,"boss_relics":[{"not_picked":["Runic Pyramid","Astrolabe"],"picked":"Cursed Key"},{"not_picked":["Orrery","Velvet Choker"],"picked":"Mark of Pain"}],"items_purged_floors":[14,38],"is_endless":false,"potions_floor_spawned":[2,8,16,18,24,27,39,41,46,48],"ascension_level":20}