{"gold_per_floor":[117,117,117,42,42,42,62,62,86,117,133,166,181,217,217,343,343,368,268,284,159,175,175,199,199,224,257,273,273,123,136,136,136],"floor_reached":33,"playtime":810,"items_purged":["Defend_R","Strike_R","Defend_R","Defend_R+1"],"score":275,"play_id":"ff340a05-2b4c-43d6-970f-6331cf417176","local_time":"20190210002847","is_ascension_mode":false,"campfire_choices":[{"data":"Bash","floor":6,"key":"SMITH"},{"floor":8,"key":"REST"},{"floor":15,"key":"REST"},{"data":"Clash","floor":23,"key":"SMITH"},{"data":"Strike_R","floor":29,"key":"SMITH"},{"floor":32,"key":"REST"}],"neow_cost":"PERCENT_DAMAGE","seed_source_timestamp":1856883513137800,"circlet_count":0,"master_deck":["Strike_R","Strike_R+1","Strike_R","Strike_R+1","Bash+1","Clash+1"],"relics":["Black Blood","Golden Idol","Happy Flower","Orichalcum","Red Skull","Odd Mushroom","Oddly Smooth Stone","Red Mask"],"potions_floor_usage":[16,16,25,25,33,33],"damage_taken":[{"damage":6,"enemies":"Cultist","floor":1,"turns":3},{"damage":0,"enemies":"Small Slimes","floor":7,"turns":3},{"damage":36,"enemies":"Lagavulin","floor":10,"turns":6},{"damage":5,"enemies":"Jaw Worm","floor":11,"turns":2},{"damage":3,"enemies":"Gremlin Nob","floor":12,"turns":4},{"damage":10,"enemies":"Blue Slaver","floor":13,"turns":3},{"damage":11,"enemies":"The Mushroom Lair","floor":14,"turns":4},{"damage":25,"enemies":"Slime Boss","floor":16,"turns":12},{"damage":14,"enemies":"3 Byrds","floor":18,"turns":6},{"damage":26,"enemies":"2 Thieves","floor":20,"turns":5},{"damage":38,"enemies":"Shelled Parasite and Fungi","floor":22,"turns":5},{"damage":7,"enemies":"3 Cultists","floor":24,"turns":4},{"damage":0,"enemies":"Slavers","floor":25,"turns":1},{"damage":24,"enemies":"Masked Bandits","floor":27,"turns":4},{"damage":0,"enemies":"Cultist and Chosen","floor":28,"turns":4},{"damage":9,"enemies":"Centurion and Healer","floor":31,"turns":3},{"damage":77,"enemies":"Automaton","floor":33,"turns":6}],"seed_played":"-8988926077849064593","potions_obtained":[{"floor":7,"key":"Swift Potion"},{"floor":13,"key":"Energy Potion"},{"floor":18,"key":"AttackPotion"},{"floor":22,"key":"Block Potion"},{"floor":24,"key":"SmokeBomb"},{"floor":27,"key":"LiquidBronze"}],"is_trial":false,"path_per_floor":["M","?","?","$","?","R","M","R","T","E","M","E","M","?","R","B",null,"M","$","M","$","M","R","M","E","T","?","M","R","$","M","R","B"],"character_chosen":"IRONCLAD","items_purchased":[],"campfire_rested":3,"item_purchase_floors":[],"current_hp_per_floor":[72,53,53,53,46,46,52,78,78,48,49,52,48,43,69,50,89,85,85,69,69,41,41,44,54,54,40,50,50,50,51,77,0],"gold":136,"neow_bonus":"TWENTY_PERCENT_HP_BONUS","is_prod":false,"is_daily":false,"chose_seed":false,"campfire_upgraded":3,"win_rate":0,"timestamp":1549754927,"path_taken":["M","?","?","$","?","R","M","R","T","E","M","E","?","?","R","BOSS","M","$","M","$","M","R","M","E","T","?","M","R","$","M","R","BOSS"],"build_version":"2019-02-06","purchased_purges":4,"victory":false,"max_hp_per_floor":[96,96,89,89,89,89,89,89,89,89,89,89,89,89,89,89,89,89,89,89,89,89,89,89,89,89,89,89,89,89,89,89,89],"card_choices":[{"not_picked":["Body Slam","Pummel","Flame Barrier"],"picked":"SKIP","floor":1},{"not_picked":["Metallicize","Clothesline","Armaments"],"picked":"SKIP","floor":7},{"not_picked":["Anger","Clothesline","Flex"],"picked":"SKIP","floor":10},{"not_picked":["Rupture","Wild Strike","Clothesline"],"picked":"SKIP","floor":11},{"not_picked":["Wild Strike","Headbutt","Inflame"],"picked":"SKIP","floor":12},{"not_picked":["Wild Strike","Headbutt","Inflame"],"picked":"SKIP","floor":12},{"not_picked":["Whirlwind","Burning Pact","Rupture"],"picked":"SKIP","floor":13},{"not_picked":["Warcry","Thunderclap","Infernal Blade"],"picked":"SKIP","floor":18},{"not_picked":["Warcry","Pommel Strike","Brutality"],"picked":"SKIP","floor":20},{"not_picked":["Clothesline+1","Iron Wave+1"],"picked":"Clash","floor":22},{"not_picked":["True Grit","Clothesline","Havoc+1"],"picked":"SKIP","floor":24},{"not_picked":["Headbutt","Sentinel+1","Barricade"],"picked":"SKIP","floor":28},{"not_picked":["Warcry","Flex","Whirlwind+1"],"picked":"SKIP","floor":31}],"player_experience":1140668,"relics_obtained":[{"floor":9,"key":"Happy Flower"},{"floor":10,"key":"Orichalcum"},{"floor":12,"key":"Red Skull"},{"floor":14,"key":"Odd Mushroom"},{"floor":26,"key":"Oddly Smooth Stone"},{"floor":27,"key":"Red Mask"}],"event_choices":[{"damage_healed":0,"gold_gain":0,"player_choice":"Entered Light","damage_taken":19,"max_hp_gain":0,"max_hp_loss":0,"event_name":"Shining Light","floor":2,"gold_loss":0,"cards_upgraded":["Defend_R","Strike_R"]},{"damage_healed":0,"gold_gain":0,"player_choice":"Lose Max HP","damage_taken":0,"relics_obtained":["Golden Idol"],"max_hp_gain":0,"max_hp_loss":7,"event_name":"Golden Idol","floor":3,"gold_loss":0},{"cards_removed":["Defend_R"],"damage_healed":0,"gold_gain":0,"player_choice":"Card Removal","damage_taken":7,"max_hp_gain":0,"max_hp_loss":0,"event_name":"Golden Wing","floor":5,"gold_loss":0},{"damage_healed":0,"gold_gain":0,"player_choice":"Fought Mushrooms","damage_taken":0,"max_hp_gain":0,"max_hp_loss":0,"event_name":"Mushrooms","floor":14,"gold_loss":0},{"damage_healed":0,"gold_gain":0,"player_choice":"Fought Bandits","damage_taken":0,"max_hp_gain":0,"max_hp_loss":0,"event_name":"Masked Bandits","floor":27,"gold_loss":0}],"is_beta":true,"boss_relics":[{"not_picked":["Mark of Pain","Philosopher\u0027s Stone"],"picked":"Black Blood"}],"items_purged_floors":[4,19,21,30],"is_endless":false,"potions_floor_spawned":[7,13,18,22,24,27],"killed_by":"Automaton","ascension_level":0}