{"path_per_floor":["M","?","M","?","?","R","E","R","T","M","$","$","E","M","R","B",null,"M","M","M","$","M","E","M","E","T","$","?"],"character_chosen":"THE_SILENT","items_purchased":["Shuriken","Infinite Blades","Infinite Blades","Blade Dance+1","Backflip+1"],"gold_per_floor":[360,360,372,372,372,372,406,406,431,441,42,42,69,84,84,187,187,205,224,240,88,103,136,146,179,179,134,134,134],"floor_reached":29,"campfire_rested":0,"playtime":1834,"item_purchase_floors":[11,11,21,21,27],"current_hp_per_floor":[62,50,50,55,48,48,25,25,25,25,25,25,25,25,25,18,68,49,49,44,44,33,10,3,1,1,1,1,0],"items_purged":["Strike_G"],"gold":134,"score":328,"play_id":"35779482-f159-4a94-8cac-f2f47cdda5ee","local_time":"20180607212431","is_prod":false,"is_daily":false,"chose_seed":false,"is_ascension_mode":true,"campfire_upgraded":3,"win_rate":0,"timestamp":1528431871,"campfire_choices":[{"data":"Noxious Fumes","floor":6,"key":"SMITH"},{"data":"All Out Attack","floor":8,"key":"SMITH"},{"data":"Accuracy","floor":15,"key":"SMITH"}],"path_taken":["M","?","?","?","?","R","E","R","T","M","?","$","E","?","R","BOSS","M","?","M","$","M","E","M","E","T","$","?","M"],"build_version":"2018-05-30v2","seed_source_timestamp":335419860852956,"purchased_purges":1,"victory":false,"master_deck":["Defend_G+1","Defend_G","Defend_G+1","Defend_G","Defend_G","Strike_G","Strike_G","Strike_G","Survivor","Neutralize","Noxious Fumes+1","All Out Attack+1","Escape Plan+1","Cloak And Dagger+1","Infinite Blades","Accuracy+1","Cloak And Dagger+1","Burst+1","Finisher","PiercingWail+1","Infinite Blades","Blade Dance+1","Blade Dance+1","Backflip+1"],"max_hp_per_floor":[63,63,63,68,68,68,68,68,68,68,68,68,68,68,68,68,68,68,68,68,68,68,68,68,68,68,68,68,68],"relics":["Ring of the Snake","Toxic Egg 2","War Paint","Orichalcum","Shuriken","Tough Bandages","Eternal Feather","Bronze Scales","Kunai","Bottled Tornado"],"card_choices":[{"not_picked":["Backflip","Reflex"],"picked":"Noxious Fumes","floor":1},{"not_picked":["Underhanded Strike","Heel Hook"],"picked":"All Out Attack","floor":3},{"not_picked":["Cloak And Dagger+1","Prepared+1"],"picked":"Escape Plan+1","floor":7},{"not_picked":["Dagger Throw","Bane"],"picked":"Cloak And Dagger+1","floor":10},{"not_picked":["Noxious Fumes","Dagger Spray"],"picked":"Accuracy","floor":13},{"not_picked":["Sucker Punch","Tools of the Trade"],"picked":"Cloak And Dagger+1","floor":14},{"not_picked":["Wraith Form v2","Envenom"],"picked":"Burst+1","floor":16},{"not_picked":["Terror+1","Sucker Punch"],"picked":"Finisher","floor":18},{"not_picked":["Outmaneuver+1","Leg Sweep+1"],"picked":"PiercingWail+1","floor":19},{"not_picked":["Acrobatics+1","Bane+1","Skewer"],"picked":"SKIP","floor":20},{"not_picked":["Prepared+1","Skewer"],"picked":"Blade Dance+1","floor":22},{"not_picked":["Sucker Punch","Expertise+1","Leg Sweep+1"],"picked":"SKIP","floor":23},{"not_picked":["Sucker Punch","Dagger Throw","Deflect+1"],"picked":"SKIP","floor":24},{"not_picked":["Bane","Crippling Poison+1","Unload"],"picked":"SKIP","floor":25}],"player_experience":126883,"potions_floor_usage":[7,13,18,20,23],"damage_taken":[{"damage":1,"enemies":"Jaw Worm","floor":1,"turns":4},{"damage":0,"enemies":"2 Louse","floor":3,"turns":2},{"damage":23,"enemies":"Gremlin Nob","floor":7,"turns":5},{"damage":0,"enemies":"Cultist","floor":10,"turns":3},{"damage":0,"enemies":"3 Sentries","floor":13,"turns":5},{"damage":0,"enemies":"Exordium Thugs","floor":14,"turns":4},{"damage":7,"enemies":"Hexaghost","floor":16,"turns":7},{"damage":19,"enemies":"Spheric Guardian","floor":18,"turns":4},{"damage":0,"enemies":"Shell Parasite","floor":19,"turns":4},{"damage":5,"enemies":"3 Cultists","floor":20,"turns":4},{"damage":11,"enemies":"Cultist and Chosen","floor":22,"turns":5},{"damage":23,"enemies":"Slavers","floor":23,"turns":4},{"damage":7,"enemies":"Centurion and Healer","floor":24,"turns":6},{"damage":2,"enemies":"Book of Stabbing","floor":25,"turns":4},{"damage":5,"enemies":"Snecko","floor":29,"turns":2}],"relics_obtained":[{"floor":7,"key":"War Paint"},{"floor":9,"key":"Orichalcum"},{"floor":13,"key":"Tough Bandages"},{"floor":23,"key":"Bronze Scales"},{"floor":25,"key":"Kunai"},{"floor":26,"key":"Bottled Tornado"}],"event_choices":[{"event_name":"Scrap Ooze","player_choice":"success","floor":2,"damage_taken":12},{"event_name":"Big Fish","player_choice":"Donut","floor":4,"damage_taken":0},{"event_name":"Golden Wing","player_choice":"Card Removal","floor":5,"damage_taken":0},{"event_name":"Drug Dealer","player_choice":"Ignored","floor":28,"damage_taken":0}],"boss_relics":[{"not_picked":["Runic Pyramid","Runic Dome"],"picked":"Eternal Feather"}],"items_purged_floors":[11],"potions_floor_spawned":[3,7,14,18,20,22],"seed_played":"3636603882603751814","killed_by":"Snecko","ascension_level":2,"potions_obtained":[{"floor":3,"key":"Weak Potion"},{"floor":7,"key":"Strength Potion"},{"floor":14,"key":"Explosive Potion"},{"floor":18,"key":"Poison Potion"},{"floor":20,"key":"PowerPotion"},{"floor":22,"key":"Ancient Potion"}],"is_trial":false}