{"gold_per_floor":[116,130,54,54,54,87,110,110,134,134,159,200,36,36,36,36],"floor_reached":16,"playtime":350,"items_purged":["Injury"],"score":266,"play_id":"eee8e5d5-27a0-4cda-ba2f-d58cc32d7a4d","local_time":"20190114221824","is_ascension_mode":true,"campfire_choices":[{"data":"Neutralize","floor":8,"key":"SMITH"},{"data":"Leg Sweep","floor":10,"key":"SMITH"},{"data":"Noxious Fumes","floor":15,"key":"SMITH"}],"neow_cost":"NONE","seed_source_timestamp":440430681495900,"circlet_count":0,"master_deck":["AscendersBane","Defend_G","Defend_G","Defend_G","Defend_G","Defend_G","Strike_G","Strike_G","Strike_G","Strike_G","Strike_G","Survivor","Neutralize+1","Dash","Backstab","Leg Sweep+1","Blade Dance","Backflip","Noxious Fumes+1"],"relics":["Ring of the Snake","NeowsBlessing","Golden Idol","Ancient Tea Set","Smiling Mask","Peace Pipe"],"potions_floor_usage":[12,16],"damage_taken":[{"damage":0,"enemies":"Cultist","floor":1,"turns":1},{"damage":0,"enemies":"Small Slimes","floor":2,"turns":1},{"damage":0,"enemies":"Lagavulin","floor":6,"turns":1},{"damage":0,"enemies":"2 Louse","floor":7,"turns":2},{"damage":0,"enemies":"Looter","floor":11,"turns":3},{"damage":15,"enemies":"Gremlin Nob","floor":12,"turns":6},{"damage":47,"enemies":"Hexaghost","floor":16,"turns":12}],"seed_played":"857111451285171312","potions_obtained":[{"floor":2,"key":"Block Potion"},{"floor":7,"key":"FairyPotion"},{"floor":11,"key":"Dexterity Potion"}],"is_trial":false,"path_per_floor":["M","M","$","?","?","E","M","R","T","R","M","E","$","?","R","B"],"character_chosen":"THE_SILENT","items_purchased":["Backstab","Backflip","Noxious Fumes"],"campfire_rested":0,"item_purchase_floors":[3,13,13],"current_hp_per_floor":[59,59,59,59,59,59,59,59,59,59,59,44,44,44,44,0],"gold":36,"neow_bonus":"THREE_ENEMY_KILL","is_prod":false,"is_daily":false,"chose_seed":false,"campfire_upgraded":3,"win_rate":0,"timestamp":1547500704,"path_taken":["M","M","?","?","?","E","M","R","T","R","M","E","$","?","R","BOSS"],"build_version":"2019-01-10","purchased_purges":1,"victory":false,"max_hp_per_floor":[66,66,66,66,66,66,66,66,66,66,66,66,66,66,66,66],"card_choices":[{"not_picked":["Quick Slash","Poisoned Stab"],"picked":"Dash","floor":1},{"not_picked":["Quick Slash","Bouncing Flask","Prepared"],"picked":"SKIP","floor":2},{"not_picked":["Concentrate","Masterful Stab","All Out Attack"],"picked":"SKIP","floor":6},{"not_picked":["Concentrate","Finisher"],"picked":"Leg Sweep","floor":7},{"not_picked":["Quick Slash","Deflect","Concentrate"],"picked":"SKIP","floor":11},{"not_picked":["Quick Slash","Deflect","Concentrate"],"picked":"SKIP","floor":11},{"not_picked":["Outmaneuver","Underhanded Strike"],"picked":"Blade Dance","floor":12}],"player_experience":1038482,"relics_obtained":[{"floor":6,"key":"Ancient Tea Set"},{"floor":9,"key":"Smiling Mask"},{"floor":12,"key":"Peace Pipe"}],"event_choices":[{"damage_healed":0,"gold_gain":0,"player_choice":"Take Wound","damage_taken":0,"relics_obtained":["Golden Idol"],"max_hp_gain":0,"max_hp_loss":0,"event_name":"Golden Idol","floor":4,"gold_loss":0,"cards_obtained":["Injury"]},{"damage_healed":0,"gold_gain":0,"player_choice":"Leave","damage_taken":0,"max_hp_gain":0,"max_hp_loss":0,"event_name":"The Cleric","floor":5,"gold_loss":0},{"damage_healed":0,"gold_gain":0,"player_choice":"Ignored","damage_taken":0,"max_hp_gain":0,"max_hp_loss":0,"event_name":"Liars Game","floor":14,"gold_loss":0}],"is_beta":true,"boss_relics":[],"items_purged_floors":[13],"is_endless":false,"potions_floor_spawned":[2,7,11],"killed_by":"Hexaghost","ascension_level":20}