{"gold_per_floor":[109,109,158,171,47,79,79,79,103,103,115,115,148,148,148,148],"floor_reached":16,"playtime":493,"items_purged":["Regret"],"score":106,"play_id":"31adaa71-62a5-48fc-b6fd-4052bdc33f5d","local_time":"20181117160606","is_ascension_mode":false,"campfire_choices":[{"data":"Armaments","floor":8,"key":"SMITH"},{"floor":15,"key":"REST"}],"neow_cost":"NONE","seed_source_timestamp":241906301885373,"circlet_count":0,"master_deck":["Strike_R","Strike_R","Strike_R","Strike_R","Strike_R+1","Defend_R","Defend_R+1","Defend_R","Bash","Uppercut+1","Armaments+1","Shrug It Off"],"relics":["Burning Blood","Dream Catcher","Bag of Marbles","Regal Pillow","Omamori","Centennial Puzzle"],"potions_floor_usage":[13],"damage_taken":[{"damage":1,"enemies":"Jaw Worm","floor":1,"turns":3},{"damage":3,"enemies":"Cultist","floor":4,"turns":3},{"damage":41,"enemies":"Gremlin Nob","floor":6,"turns":5},{"damage":0,"enemies":"Small Slimes","floor":11,"turns":3},{"damage":39,"enemies":"Lagavulin","floor":13,"turns":8},{"damage":59,"enemies":"Slime Boss","floor":16,"turns":9}],"seed_played":"3810958463321255567","potions_obtained":[{"floor":11,"key":"Regen Potion"},{"floor":13,"key":"LiquidBronze"}],"is_trial":false,"path_per_floor":["M","?","T","M","$","E","?","R","T","$","M","?","E","?","R","B"],"character_chosen":"IRONCLAD","items_purchased":["Shrug It Off"],"campfire_rested":1,"item_purchase_floors":[5],"current_hp_per_floor":[80,80,80,80,80,45,45,45,45,45,51,44,26,10,49,0],"gold":148,"neow_bonus":"RANDOM_COMMON_RELIC","is_prod":false,"is_daily":false,"chose_seed":false,"campfire_upgraded":1,"win_rate":0,"timestamp":1542467166,"path_taken":["M","?","?","M","$","E","?","R","T","?","?","?","E","?","R","BOSS"],"build_version":"2018-11-15","purchased_purges":1,"victory":false,"max_hp_per_floor":[80,80,80,80,80,80,80,80,80,80,80,80,80,80,80,80],"card_choices":[{"not_picked":["True Grit","Rage"],"picked":"Uppercut","floor":1},{"not_picked":["Headbutt","Body Slam"],"picked":"Armaments","floor":4},{"not_picked":["Anger","Infernal Blade","Seeing Red"],"picked":"SKIP","floor":6},{"not_picked":["Headbutt","Dual Wield","Clothesline"],"picked":"SKIP","floor":11},{"not_picked":["Power Through","Thunderclap","Iron Wave"],"picked":"SKIP","floor":13}],"player_experience":888649,"relics_obtained":[{"floor":6,"key":"Regal Pillow"},{"floor":9,"key":"Omamori"},{"floor":13,"key":"Centennial Puzzle"}],"event_choices":[{"damage_healed":0,"gold_gain":0,"player_choice":"Box","damage_taken":0,"relics_obtained":["Bag of Marbles"],"max_hp_gain":0,"max_hp_loss":0,"event_name":"Big Fish","floor":2,"gold_loss":0,"cards_obtained":["Regret"]},{"damage_healed":0,"gold_gain":0,"player_choice":"Grow","damage_taken":0,"max_hp_gain":0,"max_hp_loss":0,"event_name":"Living Wall","floor":7,"gold_loss":0,"cards_upgraded":["Uppercut"]},{"cards_removed":["Defend_R"],"damage_healed":0,"gold_gain":0,"player_choice":"Card Removal","damage_taken":7,"max_hp_gain":0,"max_hp_loss":0,"event_name":"Golden Wing","floor":12,"gold_loss":0},{"damage_healed":0,"gold_gain":0,"player_choice":"Entered Light","damage_taken":16,"max_hp_gain":0,"max_hp_loss":0,"event_name":"Shining Light","floor":14,"gold_loss":0,"cards_upgraded":["Strike_R","Defend_R"]}],"is_beta":true,"boss_relics":[],"items_purged_floors":[5],"is_endless":false,"potions_floor_spawned":[11,13],"killed_by":"Slime Boss","ascension_level":0}