{"gold_per_floor":[109,160,177,177,192,192,212,212,212,225,241,256,43,60,60,137,137,155,155,127,127,127,127,98,98,98,126,126,141,189,204,204,282,282,300,225,225,166,388,388,388,388,388,421,437,46,46,46,46,46],"floor_reached":50,"playtime":2547,"items_purged":["Strike_G","Strike_G"],"score":991,"play_id":"19b0edee-b295-44e3-af5b-d851567b7352","local_time":"20190114205633","is_ascension_mode":true,"campfire_choices":[{"data":"Neutralize","floor":6,"key":"SMITH"},{"data":"Terror","floor":8,"key":"SMITH"},{"floor":15,"key":"REST"},{"data":"Footwork","floor":23,"key":"SMITH"},{"floor":25,"key":"REST"},{"floor":28,"key":"REST"},{"floor":32,"key":"REST"},{"data":"Cloak And Dagger","floor":40,"key":"SMITH"},{"data":"Noxious Fumes","floor":47,"key":"SMITH"},{"data":"Noxious Fumes","floor":49,"key":"SMITH"}],"neow_cost":"TEN_PERCENT_HP_LOSS","seed_source_timestamp":0,"circlet_count":0,"master_deck":["AscendersBane","Defend_G","Defend_G","Defend_G","Defend_G+1","Strike_G+1","Strike_G+1","Strike_G","Survivor","Neutralize+1","Burst","Terror+1","Blur","Noxious Fumes+1","Footwork+1","Catalyst","Backflip+1","After Image","Cloak And Dagger+1","Crippling Poison","Noxious Fumes+1","Acrobatics","Envenom","Dodge and Roll","Dash","Noxious Fumes+1","Footwork+1"],"special_seed":0,"relics":["Ring of the Snake","Orichalcum","Matryoshka","Snake Skull","Philosopher\u0027s Stone","Lantern","Whetstone","Mercury Hourglass","Kunai","Bottled Flame","Red Mask","Juzu Bracelet","White Beast Statue","Bag of Preparation","Vajra","War Paint"],"potions_floor_usage":[12,14,14,16,33,44,44,45,50],"damage_taken":[{"damage":2,"enemies":"Cultist","floor":1,"turns":5},{"damage":0,"enemies":"Jaw Worm","floor":3,"turns":4},{"damage":0,"enemies":"2 Louse","floor":5,"turns":4},{"damage":28,"enemies":"Exordium Thugs","floor":7,"turns":9},{"damage":4,"enemies":"Blue Slaver","floor":10,"turns":6},{"damage":16,"enemies":"3 Louse","floor":11,"turns":4},{"damage":5,"enemies":"Large Slime","floor":12,"turns":6},{"damage":2,"enemies":"Exordium Thugs","floor":14,"turns":9},{"damage":16,"enemies":"Hexaghost","floor":16,"turns":10},{"damage":5,"enemies":"Shell Parasite","floor":18,"turns":6},{"damage":6,"enemies":"2 Thieves","floor":24,"turns":4},{"damage":46,"enemies":"Masked Bandits","floor":27,"turns":6},{"damage":4,"enemies":"Snecko","floor":29,"turns":9},{"damage":6,"enemies":"Snake Plant","floor":31,"turns":6},{"damage":13,"enemies":"Automaton","floor":33,"turns":10},{"damage":8,"enemies":"3 Shapes","floor":35,"turns":4},{"damage":6,"enemies":"Giant Head","floor":44,"turns":8},{"damage":15,"enemies":"3 Darklings","floor":45,"turns":5},{"damage":64,"enemies":"Time Eater","floor":50,"turns":9}],"seed_played":"-4408179686544968969","potions_obtained":[{"floor":5,"key":"SteroidPotion"},{"floor":7,"key":"GamblersBrew"},{"floor":10,"key":"SteroidPotion"},{"floor":12,"key":"Dexterity Potion"},{"floor":14,"key":"LiquidBronze"},{"floor":27,"key":"Fire Potion"},{"floor":31,"key":"Regen Potion"},{"floor":35,"key":"SpeedPotion"},{"floor":44,"key":"FearPotion"},{"floor":45,"key":"Fruit Juice"}],"is_trial":false,"path_per_floor":["M","T","M","?","M","R","M","R","T","M","M","M","$","M","R","B",null,"M","?","$","T","T","R","M","R","T","?","R","M","T","M","R","B",null,"M","$","?","$","?","R","?","?","T","E","M","$","R","?","R","B"],"character_chosen":"THE_SILENT","items_purchased":["Snake Skull","Catalyst","Cloak And Dagger","Dodge and Roll","War Paint","Regen Potion","Noxious Fumes"],"campfire_rested":4,"item_purchase_floors":[13,13,20,38,46,46,46],"current_hp_per_floor":[57,57,57,57,57,57,29,29,29,25,9,4,4,2,20,4,46,41,41,41,41,41,41,35,53,53,7,25,21,21,15,33,35,54,46,46,46,46,46,46,46,60,60,54,44,44,44,44,44,0],"gold":46,"neow_bonus":"THREE_RARE_CARDS","is_prod":false,"is_daily":false,"chose_seed":false,"campfire_upgraded":6,"win_rate":0,"timestamp":1547495793,"path_taken":["M","?","M","?","M","R","M","R","T","M","M","M","$","?","R","BOSS","M","?","$","?","?","R","M","R","T","?","R","M","?","M","R","BOSS","M","$","?","?","?","R","?","?","T","E","M","?","R","?","R","BOSS"],"build_version":"2019-01-10","purchased_purges":2,"victory":false,"max_hp_per_floor":[60,60,60,60,60,60,60,60,60,60,60,60,60,60,60,60,60,60,60,60,60,60,60,60,60,60,60,60,60,60,60,60,60,60,60,60,60,60,60,60,60,60,60,60,65,65,65,65,65,65],"card_choices":[{"not_picked":["Wraith Form v2","Night Terror"],"picked":"Burst","floor":0},{"not_picked":["Blade Dance","Flechettes"],"picked":"Terror","floor":1},{"not_picked":["Heel Hook","Slice"],"picked":"Blur","floor":3},{"not_picked":["Flying Knee","Quick Slash"],"picked":"Well Laid Plans","floor":5},{"not_picked":["Terror","Accuracy","Outmaneuver"],"picked":"SKIP","floor":7},{"not_picked":["PiercingWail","Expertise","Quick Slash"],"picked":"SKIP","floor":10},{"not_picked":["Well Laid Plans","Quick Slash"],"picked":"Noxious Fumes","floor":11},{"not_picked":["Underhanded Strike","Caltrops"],"picked":"Footwork","floor":12},{"not_picked":["Backstab","Blur"],"picked":"Backflip","floor":14},{"not_picked":["Die Die Die","Bullet Time"],"picked":"After Image","floor":16},{"not_picked":["Sucker Punch","Expertise","Flying Knee"],"picked":"SKIP","floor":18},{"not_picked":["Acrobatics","Choke","Dagger Spray+1"],"picked":"SKIP","floor":24},{"not_picked":["Blur","Dagger Spray"],"picked":"Crippling Poison","floor":27},{"not_picked":["Flying Knee","Deadly Poison"],"picked":"Noxious Fumes","floor":29},{"not_picked":["Dagger Spray+1","Underhanded Strike+1"],"picked":"Acrobatics","floor":31},{"not_picked":["Storm of Steel","Grand Finale"],"picked":"Envenom","floor":33},{"not_picked":["PiercingWail","Choke+1","Dagger Throw"],"picked":"SKIP","floor":35},{"not_picked":["Dagger Throw","Backflip","Slice+1"],"picked":"SKIP","floor":44},{"not_picked":["Deflect","Dodge and Roll"],"picked":"Dash","floor":45}],"player_experience":1035783,"relics_obtained":[{"floor":2,"key":"Orichalcum"},{"floor":9,"key":"Matryoshka"},{"floor":21,"key":"Lantern"},{"floor":21,"key":"Whetstone"},{"floor":22,"key":"Mercury Hourglass"},{"floor":22,"key":"Kunai"},{"floor":26,"key":"Bottled Flame"},{"floor":27,"key":"Red Mask"},{"floor":30,"key":"Juzu Bracelet"},{"floor":43,"key":"Bag of Preparation"},{"floor":44,"key":"Vajra"}],"event_choices":[{"damage_healed":0,"gold_gain":0,"cards_transformed":["Defend_G"],"player_choice":"Transformed","damage_taken":0,"max_hp_gain":0,"max_hp_loss":0,"event_name":"Transmorgrifier","floor":4,"gold_loss":0,"cards_obtained":["Reflex"]},{"cards_removed":["Reflex"],"damage_healed":0,"gold_gain":0,"player_choice":"Purged","damage_taken":0,"max_hp_gain":0,"max_hp_loss":0,"event_name":"Purifier","floor":19,"gold_loss":0},{"damage_healed":0,"gold_gain":0,"player_choice":"Fought Bandits","damage_taken":0,"max_hp_gain":0,"max_hp_loss":0,"event_name":"Masked Bandits","floor":27,"gold_loss":0},{"damage_healed":0,"gold_gain":0,"player_choice":"Upgraded","damage_taken":0,"max_hp_gain":0,"max_hp_loss":0,"event_name":"Upgrade Shrine","floor":37,"gold_loss":0,"cards_upgraded":["Noxious Fumes"]},{"damage_healed":0,"gold_gain":222,"player_choice":"Wore Mask","damage_taken":0,"max_hp_gain":0,"max_hp_loss":0,"event_name":"Tomb of Lord Red Mask","floor":39,"gold_loss":0},{"damage_healed":0,"gold_gain":0,"player_choice":"Memory 1","damage_taken":0,"max_hp_gain":0,"max_hp_loss":0,"event_name":"SensoryStone","floor":41,"gold_loss":0},{"cards_removed":["Well Laid Plans"],"damage_healed":14,"gold_gain":0,"player_choice":"Offered Uncommon","damage_taken":0,"max_hp_gain":0,"max_hp_loss":0,"event_name":"Bonfire Elementals","floor":42,"gold_loss":0},{"damage_healed":0,"gold_gain":0,"player_choice":"Copied","damage_taken":0,"max_hp_gain":0,"max_hp_loss":0,"event_name":"Duplicator","floor":48,"gold_loss":0,"cards_obtained":["Footwork"]}],"is_beta":true,"boss_relics":[{"not_picked":["Tiny House","Snecko Eye"],"picked":"Philosopher\u0027s Stone"},{"not_picked":["Fusion Hammer","Black Star"],"picked":"White Beast Statue"}],"items_purged_floors":[36,46],"is_endless":false,"potions_floor_spawned":[5,7,10,12,14,27,31,35,44,45],"killed_by":"Time Eater","ascension_level":20}