{"gold_per_floor":[111,111,130,55,55,55,84,84,131,145,178,178,78,93,93,93],"floor_reached":16,"playtime":319,"items_purged":["Defend_R","Strike_R"],"score":216,"play_id":"77ed9d49-5a8c-4a6b-a73e-aaea623d2886","local_time":"20190414153657","is_ascension_mode":true,"campfire_choices":[{"data":"Strike_R","floor":6,"key":"SMITH"},{"floor":8,"key":"REST"},{"data":"Twin Strike","floor":15,"key":"SMITH"}],"neow_cost":"TEN_PERCENT_HP_LOSS","seed_source_timestamp":354020840154800,"circlet_count":0,"master_deck":["AscendersBane","Strike_R","Strike_R+1","Strike_R","Defend_R","Defend_R","Defend_R","Bash+1","Twin Strike+1","Sword Boomerang"],"relics":["Burning Blood","Torii","NlothsMask","Lantern","Bag of Marbles"],"potions_floor_usage":[11,11,11,11],"damage_taken":[{"damage":1,"enemies":"Cultist","floor":1,"turns":3},{"damage":11,"enemies":"Small Slimes","floor":3,"turns":6},{"damage":32,"enemies":"Gremlin Nob","floor":7,"turns":4},{"damage":1,"enemies":"2 Louse","floor":10,"turns":3},{"damage":40,"enemies":"Lagavulin","floor":11,"turns":5},{"damage":9,"enemies":"Red Slaver","floor":14,"turns":3},{"damage":0,"enemies":"Hexaghost","floor":16,"turns":1}],"seed_played":"9089860442141071442","potions_obtained":[{"floor":3,"key":"Ancient Potion"},{"floor":10,"key":"EntropicBrew"}],"is_trial":false,"path_per_floor":["M","?","M","$","?","R","E","R","T","M","E","?","$","M","R","B"],"character_chosen":"IRONCLAD","items_purchased":[],"campfire_rested":1,"item_purchase_floors":[],"current_hp_per_floor":[68,68,63,63,63,63,37,57,57,62,34,34,34,31,31,31],"gold":93,"neow_bonus":"ONE_RARE_RELIC","is_prod":false,"is_daily":false,"chose_seed":false,"campfire_upgraded":2,"win_rate":0,"timestamp":1555249017,"path_taken":["M","?","M","?","?","R","E","R","T","M","E","?","$","?","R","BOSS"],"build_version":"2019-04-04","purchased_purges":2,"victory":false,"max_hp_per_floor":[68,68,68,68,68,68,68,68,68,68,68,68,68,68,68,68],"card_choices":[{"not_picked":["Anger","Flex","Combust"],"picked":"SKIP","floor":1},{"not_picked":["Carnage","Feel No Pain","Sentinel"],"picked":"SKIP","floor":3},{"not_picked":["Reckless Charge","Second Wind","Flex"],"picked":"SKIP","floor":7},{"not_picked":["Iron Wave","Anger","Thunderclap"],"picked":"SKIP","floor":10},{"not_picked":["Evolve","Iron Wave"],"picked":"Twin Strike","floor":11},{"not_picked":["Clash","Wild Strike"],"picked":"Sword Boomerang","floor":14}],"player_experience":1385096,"relics_obtained":[{"floor":7,"key":"Lantern"},{"floor":11,"key":"Bag of Marbles"}],"event_choices":[{"damage_healed":0,"gold_gain":0,"player_choice":"Trade","damage_taken":0,"relics_obtained":["NlothsMask"],"max_hp_gain":0,"max_hp_loss":0,"event_name":"FaceTrader","floor":2,"gold_loss":0},{"damage_healed":0,"gold_gain":0,"player_choice":"Grow","damage_taken":0,"max_hp_gain":0,"max_hp_loss":0,"event_name":"Living Wall","floor":5,"gold_loss":0,"cards_upgraded":["Bash"]},{"cards_removed":["Strike_R"],"damage_healed":0,"gold_gain":0,"player_choice":"Purged","damage_taken":0,"max_hp_gain":0,"max_hp_loss":0,"event_name":"Purifier","floor":12,"gold_loss":0}],"is_beta":true,"boss_relics":[],"items_purged_floors":[4,13],"is_endless":false,"potions_floor_spawned":[3,10],"killed_by":"Hexaghost","ascension_level":20}