{"gold_per_floor":[112,112,126,21,21,54,19,19,19,19,48,48,65,82,82,160,160,176,176,186,186,197,197,197],"floor_reached":24,"playtime":626,"items_purged":[],"score":408,"play_id":"aa5bb54a-5374-4c97-84a7-8d6dae5d3e63","local_time":"20190412001644","is_ascension_mode":true,"campfire_choices":[{"data":"Inflame","floor":8,"key":"SMITH"},{"floor":12,"key":"REST"},{"floor":15,"key":"REST"},{"floor":23,"key":"REST"}],"neow_cost":"NONE","seed_source_timestamp":125691839418000,"circlet_count":0,"master_deck":["AscendersBane","Strike_R","Strike_R","Strike_R","Strike_R","Defend_R","Defend_R","Defend_R","Defend_R","Bash+1","Inflame+1","Cleave","Twin Strike","Bludgeon","Shrug It Off"],"relics":["Burning Blood","Boot","Du-Vu Doll","Strawberry","Ornamental Fan","Sozu","Pear"],"potions_floor_usage":[11,14,16,16],"damage_taken":[{"damage":16,"enemies":"Jaw Worm","floor":1,"turns":6},{"damage":1,"enemies":"Cultist","floor":3,"turns":3},{"damage":40,"enemies":"Lagavulin","floor":6,"turns":7},{"damage":55,"enemies":"3 Sentries","floor":11,"turns":9},{"damage":0,"enemies":"Small Slimes","floor":13,"turns":3},{"damage":4,"enemies":"Blue Slaver","floor":14,"turns":3},{"damage":44,"enemies":"The Guardian","floor":16,"turns":10},{"damage":6,"enemies":"Spheric Guardian","floor":18,"turns":3},{"damage":17,"enemies":"Shell Parasite","floor":20,"turns":2},{"damage":32,"enemies":"Snake Plant","floor":22,"turns":4},{"damage":78,"enemies":"Slavers","floor":24,"turns":5}],"seed_played":"6622049613076561501","potions_obtained":[{"floor":6,"key":"Regen Potion"},{"floor":11,"key":"Fire Potion"},{"floor":13,"key":"EssenceOfSteel"},{"floor":14,"key":"Dexterity Potion"}],"is_trial":false,"path_per_floor":["M","?","M","$","$","E","?","R","T","T","E","R","M","M","R","B",null,"M","?","M","T","M","R","E"],"character_chosen":"IRONCLAD","items_purchased":["Inflame","Cleave"],"campfire_rested":3,"item_purchase_floors":[4,4],"current_hp_per_floor":[58,47,52,52,52,18,36,36,36,43,9,33,39,41,65,27,68,68,68,57,67,41,68,0],"gold":197,"neow_bonus":"UPGRADE_CARD","is_prod":false,"is_daily":false,"chose_seed":false,"campfire_upgraded":1,"win_rate":0,"timestamp":1555021004,"path_taken":["M","?","?","?","$","E","?","R","T","?","E","R","M","M","R","BOSS","M","?","?","?","M","R","E"],"build_version":"2019-04-04","purchased_purges":0,"victory":false,"max_hp_per_floor":[75,75,75,75,75,75,75,75,75,82,82,82,82,82,82,82,82,82,82,82,92,92,92,92],"card_choices":[{"not_picked":["Clothesline","Reckless Charge","Warcry"],"picked":"SKIP","floor":1},{"not_picked":["Burning Pact","Wild Strike","Perfected Strike"],"picked":"SKIP","floor":3},{"not_picked":["Burning Pact","Wild Strike","Perfected Strike"],"picked":"SKIP","floor":3},{"not_picked":["Wild Strike","Anger","Perfected Strike"],"picked":"SKIP","floor":6},{"not_picked":["Sever Soul","Power Through"],"picked":"Twin Strike","floor":11},{"not_picked":["Thunderclap","Pommel Strike","True Grit"],"picked":"SKIP","floor":13},{"not_picked":["Wild Strike","Rupture","Uppercut"],"picked":"SKIP","floor":14},{"not_picked":["Barricade","Dark Embrace"],"picked":"Bludgeon","floor":16},{"not_picked":["Carnage","Armaments","Iron Wave"],"picked":"SKIP","floor":18},{"not_picked":["True Grit","Rampage"],"picked":"Shrug It Off","floor":20},{"not_picked":["Headbutt","Combust","Havoc"],"picked":"SKIP","floor":22}],"player_experience":1361652,"relics_obtained":[{"floor":6,"key":"Boot"},{"floor":9,"key":"Du-Vu Doll"},{"floor":10,"key":"Strawberry"},{"floor":11,"key":"Ornamental Fan"},{"floor":21,"key":"Pear"}],"event_choices":[{"damage_healed":0,"gold_gain":0,"player_choice":"Damaged","damage_taken":11,"max_hp_gain":0,"max_hp_loss":0,"event_name":"Wheel of Change","floor":2,"gold_loss":0},{"damage_healed":18,"gold_gain":0,"player_choice":"Healed","damage_taken":0,"max_hp_gain":0,"max_hp_loss":0,"event_name":"The Cleric","floor":7,"gold_loss":35},{"cards_removed":["Strike_R"],"damage_healed":0,"gold_gain":0,"player_choice":"Purged","damage_taken":0,"max_hp_gain":0,"max_hp_loss":0,"event_name":"Purifier","floor":19,"gold_loss":0}],"is_beta":true,"boss_relics":[{"not_picked":["Orrery","White Beast Statue"],"picked":"Sozu"}],"items_purged_floors":[],"is_endless":false,"potions_floor_spawned":[6,11,13,14,22],"killed_by":"Slavers","ascension_level":20}