{"gold_per_floor":[362,362,138,158,168,168,178,207,207,207,220,294,329,339,339,443,443,458,66,84,104,104,104,131,131,180,200,217,217,249,159,159,159],"floor_reached":33,"playtime":972,"items_purged":["Pain","Second Wind+1"],"score":297,"play_id":"84bcb701-4886-437b-aabd-156186e4eda6","local_time":"20190312014437","is_ascension_mode":false,"campfire_choices":[{"data":"Bash","floor":6,"key":"SMITH"},{"floor":15,"key":"REST"},{"data":"Feed","floor":23,"key":"SMITH"},{"floor":25,"key":"REST"},{"floor":29,"key":"REST"},{"data":"1","floor":32,"key":"LIFT"}],"neow_cost":"TEN_PERCENT_HP_LOSS","seed_source_timestamp":818804798681100,"circlet_count":0,"master_deck":["Strike_R","Strike_R","Strike_R+1","Defend_R+1","Bash+1","Sword Boomerang","Shrug It Off","Heavy Blade","Ghostly Armor+1","Bludgeon+1","Feed+1","Double Tap","Shrug It Off+1"],"relics":["Burning Blood","WarpedTongs","Red Skull","Omamori","PreservedInsect","Question Card","Ornamental Fan","Astrolabe","MutagenicStrength","Shuriken","War Paint","Girya"],"potions_floor_usage":[21,21,24,33,33],"damage_taken":[{"damage":15,"enemies":"Jaw Worm","floor":1,"turns":5},{"damage":0,"enemies":"Cultist","floor":4,"turns":3},{"damage":0,"enemies":"Small Slimes","floor":5,"turns":3},{"damage":5,"enemies":"Blue Slaver","floor":7,"turns":4},{"damage":28,"enemies":"Gremlin Nob","floor":8,"turns":4},{"damage":12,"enemies":"Gremlin Gang","floor":11,"turns":6},{"damage":17,"enemies":"Lagavulin","floor":13,"turns":5},{"damage":0,"enemies":"Large Slime","floor":14,"turns":2},{"damage":44,"enemies":"Hexaghost","floor":16,"turns":8},{"damage":10,"enemies":"Chosen","floor":18,"turns":3},{"damage":10,"enemies":"Spheric Guardian","floor":20,"turns":3},{"damage":12,"enemies":"Snecko","floor":21,"turns":6},{"damage":23,"enemies":"Slavers","floor":24,"turns":4},{"damage":0,"enemies":"Centurion and Healer","floor":27,"turns":7},{"damage":31,"enemies":"Snake Plant","floor":28,"turns":4},{"damage":31,"enemies":"Book of Stabbing","floor":30,"turns":5},{"damage":69,"enemies":"Champ","floor":33,"turns":10}],"seed_played":"-6210912569119845305","potions_obtained":[{"floor":4,"key":"Swift Potion"},{"floor":8,"key":"Swift Potion"},{"floor":11,"key":"Explosive Potion"},{"floor":24,"key":"GamblersBrew"},{"floor":27,"key":"SteroidPotion"}],"is_trial":false,"path_per_floor":["M","?","$","M","M","R","M","E","T","?","M","T","E","M","R","B",null,"M","$","M","M","?","R","E","R","T","M","M","R","E","?","R","B"],"character_chosen":"IRONCLAD","items_purchased":["Red Skull","Feed","Double Tap"],"campfire_rested":3,"item_purchase_floors":[3,19,19],"current_hp_per_floor":[63,63,63,69,72,72,72,50,50,43,37,37,26,32,53,15,72,68,68,67,65,65,65,52,76,76,86,65,91,66,66,66,0],"gold":159,"neow_bonus":"TWO_FIFTY_GOLD","is_prod":false,"is_daily":false,"chose_seed":false,"campfire_upgraded":2,"win_rate":0,"timestamp":1552351477,"path_taken":["M","?","$","M","?","R","M","E","T","?","M","?","E","M","R","BOSS","M","$","?","M","?","R","E","R","T","M","M","R","E","?","R","BOSS"],"build_version":"2019-02-06","purchased_purges":2,"victory":false,"max_hp_per_floor":[72,72,72,72,72,72,72,72,72,72,72,72,72,72,72,72,72,72,72,75,79,79,79,83,83,83,87,91,91,91,91,91,91],"card_choices":[{"not_picked":["Flex","Wild Strike"],"picked":"Sword Boomerang","floor":1},{"not_picked":["Sentinel","Bloodletting","Clash"],"picked":"SKIP","floor":4},{"not_picked":["Body Slam","Clash"],"picked":"Shrug It Off","floor":5},{"not_picked":["Second Wind","Ghostly Armor","Sever Soul"],"picked":"SKIP","floor":7},{"not_picked":["Rampage","Evolve","Cleave"],"picked":"SKIP","floor":8},{"not_picked":["True Grit","Clash","Havoc"],"picked":"SKIP","floor":11},{"not_picked":["Brutality","Twin Strike","Power Through","Rupture"],"picked":"SKIP","floor":13},{"not_picked":["Entrench","Warcry","Perfected Strike"],"picked":"Heavy Blade","floor":14},{"not_picked":["Hemokinesis","Shockwave+1","Perfected Strike+1","True Grit"],"picked":"SKIP","floor":18},{"not_picked":["Anger","Havoc","Reckless Charge"],"picked":"Shrug It Off","floor":20},{"not_picked":["True Grit","Reckless Charge+1","Whirlwind+1","Shrug It Off"],"picked":"SKIP","floor":21},{"not_picked":["Bludgeon","Perfected Strike","Clothesline","Ghostly Armor"],"picked":"SKIP","floor":24},{"not_picked":["Pommel Strike+1","Heavy Blade","Blood for Blood+1","Flex"],"picked":"SKIP","floor":27},{"not_picked":["Perfected Strike+1","Warcry+1","Pommel Strike","Headbutt"],"picked":"SKIP","floor":28},{"not_picked":["Heavy Blade","Disarm+1","Corruption","Havoc+1"],"picked":"SKIP","floor":30}],"player_experience":1248030,"relics_obtained":[{"floor":8,"key":"Omamori"},{"floor":9,"key":"PreservedInsect"},{"floor":12,"key":"Question Card"},{"floor":13,"key":"Ornamental Fan"},{"floor":24,"key":"Shuriken"},{"floor":26,"key":"War Paint"},{"floor":30,"key":"Girya"}],"event_choices":[{"damage_healed":0,"gold_gain":0,"player_choice":"Rummage","damage_taken":0,"relics_obtained":["WarpedTongs"],"max_hp_gain":0,"max_hp_loss":0,"event_name":"Accursed Blacksmith","floor":2,"gold_loss":0,"cards_obtained":["Pain"]},{"cards_removed":["Defend_R"],"damage_healed":0,"gold_gain":0,"player_choice":"Card Removal","damage_taken":7,"max_hp_gain":0,"max_hp_loss":0,"event_name":"Golden Wing","floor":10,"gold_loss":0},{"damage_healed":0,"gold_gain":0,"player_choice":"Inject Mutagens","damage_taken":0,"relics_obtained":["MutagenicStrength"],"max_hp_gain":0,"max_hp_loss":0,"event_name":"Drug Dealer","floor":22,"gold_loss":0},{"cards_removed":["Strike_R"],"damage_healed":0,"gold_gain":0,"player_choice":"Upgrade and Remove","damage_taken":0,"max_hp_gain":0,"max_hp_loss":0,"event_name":"Designer","floor":31,"gold_loss":90,"cards_upgraded":["Strike_R"]}],"is_beta":true,"boss_relics":[{"not_picked":["Runic Cube","Empty Cage"],"picked":"Astrolabe"}],"items_purged_floors":[3,19],"is_endless":false,"potions_floor_spawned":[4,8,11,24,27],"killed_by":"Champ","ascension_level":0}