{"gold_per_floor":[110,110,110,121,136,136,311,236,236,263,263,11,41,57,57,57],"floor_reached":16,"playtime":415,"items_purged":["Doubt"],"score":162,"play_id":"db252fbc-52ad-40d9-9fe3-3dbc3b74f005","local_time":"20181010210031","is_ascension_mode":true,"campfire_choices":[{"data":"Thunderclap","floor":6,"key":"SMITH"},{"data":"Shrug It Off","floor":11,"key":"SMITH"},{"data":"Inflame","floor":15,"key":"SMITH"}],"neow_cost":"","seed_source_timestamp":168018060847500,"circlet_count":0,"master_deck":["Strike_R","Strike_R","Strike_R","Strike_R","Defend_R","Defend_R","Defend_R","Bash","AscendersBane","Shrug It Off+1","Shrug It Off","Thunderclap+1","Entrench","Inflame+1"],"relics":["Burning Blood","Meat on the Bone","Lantern","Gremlin Horn","Bag of Marbles"],"potions_floor_usage":[10,16],"damage_taken":[{"damage":13,"enemies":"Small Slimes","floor":1,"turns":5},{"damage":6,"enemies":"Jaw Worm","floor":4,"turns":5},{"damage":3,"enemies":"2 Louse","floor":5,"turns":4},{"damage":31,"enemies":"3 Sentries","floor":10,"turns":7},{"damage":20,"enemies":"Gremlin Nob","floor":13,"turns":4},{"damage":13,"enemies":"Blue Slaver","floor":14,"turns":3},{"damage":51,"enemies":"Hexaghost","floor":16,"turns":9}],"seed_played":"6499059370944964792","potions_obtained":[{"floor":5,"key":"AttackPotion"},{"floor":13,"key":"LiquidBronze"}],"is_trial":false,"path_per_floor":["M","?","?","M","M","R","?","$","T","E","R","$","E","M","R"],"character_chosen":"IRONCLAD","items_purchased":["Gremlin Horn"],"campfire_rested":0,"item_purchase_floors":[12],"current_hp_per_floor":[65,58,58,58,61,61,61,61,61,48,48,48,46,51,51,0],"gold":57,"neow_bonus":"","is_prod":false,"is_daily":false,"chose_seed":false,"campfire_upgraded":3,"win_rate":0,"timestamp":1539230431,"path_taken":["M","?","?","M","M","R","?","$","T","E","R","$","E","M","R","BOSS"],"build_version":"2018-10-10","purchased_purges":1,"victory":false,"max_hp_per_floor":[80,80,80,80,80,80,80,80,80,80,80,80,80,80,80,80],"card_choices":[{"not_picked":["Anger","Heavy Blade"],"picked":"Shrug It Off","floor":1},{"not_picked":["Sentinel","Rampage"],"picked":"Shrug It Off","floor":4},{"not_picked":["Warcry","Iron Wave"],"picked":"Thunderclap","floor":5},{"not_picked":["Brutality","Havoc"],"picked":"Entrench","floor":10},{"not_picked":["Anger","Bloodletting"],"picked":"Inflame","floor":13},{"not_picked":["Warcry","Headbutt","True Grit"],"picked":"SKIP","floor":14}],"player_experience":362750,"relics_obtained":[{"floor":9,"key":"Meat on the Bone"},{"floor":10,"key":"Lantern"},{"floor":13,"key":"Bag of Marbles"}],"event_choices":[{"event_name":"Golden Wing","player_choice":"Card Removal","floor":2,"damage_taken":0},{"event_name":"Bonfire Elementals","player_choice":"BASIC","floor":3,"damage_taken":0},{"event_name":"Liars Game","player_choice":"agreed","floor":7,"damage_taken":0}],"is_beta":true,"boss_relics":[],"items_purged_floors":[8],"is_endless":false,"potions_floor_spawned":[5,13],"killed_by":"Hexaghost","ascension_level":10}