{"gold_per_floor":[110,110,185,199,199,233,251,282,306,338,338,367,378,156,156,261,261,272,197,207,58,75,110,110,110],"floor_reached":25,"playtime":1475,"items_purged":["Strike_B","Strike_B"],"score":449,"play_id":"dcac79ce-b8d1-461c-8188-b3ccd05dba3e","local_time":"20190501214745","is_ascension_mode":true,"campfire_choices":[{"data":"Defragment","floor":11,"key":"SMITH"},{"data":"Capacitor","floor":15,"key":"SMITH"},{"data":"Echo Form","floor":24,"key":"SMITH"}],"neow_cost":"NONE","seed_source_timestamp":307651130595354,"circlet_count":0,"master_deck":["AscendersBane","Defend_B","Defend_B","Defend_B","Defend_B","Zap","Dualcast","FTL","Turbo","Defragment+1","Consume","Cold Snap","Conserve Battery","Loop","Capacitor+1","Biased Cognition","Echo Form+1","Capacitor","Self Repair"],"relics":["Cracked Core","NeowsBlessing","Happy Flower","Strawberry","Mercury Hourglass","Oddly Smooth Stone","PreservedInsect","Bird Faced Urn","Velvet Choker","Potion Belt"],"potions_floor_usage":[8,8,16,16,22,25,25],"damage_taken":[{"damage":0,"enemies":"Jaw Worm","floor":1,"turns":1},{"damage":0,"enemies":"2 Louse","floor":4,"turns":1},{"damage":0,"enemies":"3 Sentries","floor":6,"turns":2},{"damage":0,"enemies":"Cultist","floor":7,"turns":3},{"damage":15,"enemies":"Gremlin Nob","floor":8,"turns":4},{"damage":7,"enemies":"Lagavulin","floor":10,"turns":6},{"damage":0,"enemies":"Gremlin Nob","floor":12,"turns":3},{"damage":14,"enemies":"Large Slime","floor":13,"turns":5},{"damage":22,"enemies":"The Guardian","floor":16,"turns":8},{"damage":16,"enemies":"2 Thieves","floor":18,"turns":4},{"damage":8,"enemies":"Spheric Guardian","floor":20,"turns":4},{"damage":26,"enemies":"Cultist and Chosen","floor":22,"turns":5},{"damage":38,"enemies":"Slavers","floor":23,"turns":4},{"damage":39,"enemies":"Gremlin Leader","floor":25,"turns":5}],"seed_played":"-7171093227949458086","potions_obtained":[{"floor":1,"key":"Weak Potion"},{"floor":4,"key":"Poison Potion"},{"floor":6,"key":"FocusPotion"},{"floor":12,"key":"LiquidBronze"},{"floor":13,"key":"FearPotion"},{"floor":22,"key":"Energy Potion"},{"floor":23,"key":"GamblersBrew"}],"is_trial":false,"path_per_floor":["M","?","?","M","?","E","M","E","T","E","R","E","M","$","R","B",null,"M","?","M","$","M","E","R","E"],"character_chosen":"DEFECT","items_purchased":["Biased Cognition","Swift Potion"],"campfire_rested":0,"item_purchase_floors":[14,21],"current_hp_per_floor":[68,61,54,54,47,54,54,39,39,32,32,32,22,22,22,8,64,54,54,58,58,44,16,16,0],"gold":110,"neow_bonus":"THREE_ENEMY_KILL","is_prod":false,"is_daily":false,"chose_seed":false,"campfire_upgraded":3,"win_rate":0,"timestamp":1556783265,"path_taken":["M","?","?","?","?","E","M","E","T","E","R","E","M","$","R","BOSS","M","?","M","$","M","E","R","E"],"build_version":"2019-01-23","purchased_purges":2,"victory":false,"max_hp_per_floor":[75,75,75,75,75,82,82,82,82,82,82,82,82,82,82,82,82,82,82,82,82,82,82,82,82],"card_choices":[{"not_picked":["Force Field","Gash"],"picked":"FTL","floor":1},{"not_picked":["Beam Cell","Redo"],"picked":"Turbo","floor":4},{"not_picked":["Amplify","Streamline"],"picked":"Defragment","floor":6},{"not_picked":["Steam Power","Hologram"],"picked":"Consume","floor":7},{"not_picked":["Hologram","Steam"],"picked":"Cold Snap","floor":8},{"not_picked":["Skim","Lockon"],"picked":"Conserve Battery","floor":10},{"not_picked":["Beam Cell","Hello World"],"picked":"Loop","floor":12},{"not_picked":["Beam Cell","Blizzard"],"picked":"Capacitor","floor":13},{"not_picked":["Core Surge","Biased Cognition"],"picked":"Echo Form","floor":16},{"not_picked":["Go for the Eyes+1","Gash"],"picked":"Capacitor","floor":18},{"not_picked":["Barrage","Rip and Tear","Doom and Gloom"],"picked":"SKIP","floor":20},{"not_picked":["Leap","Cold Snap","Turbo"],"picked":"SKIP","floor":22},{"not_picked":["Scrape","White Noise+1"],"picked":"Self Repair","floor":23}],"player_experience":386146,"relics_obtained":[{"floor":6,"key":"Strawberry"},{"floor":8,"key":"Mercury Hourglass"},{"floor":9,"key":"Oddly Smooth Stone"},{"floor":10,"key":"PreservedInsect"},{"floor":12,"key":"Bird Faced Urn"},{"floor":23,"key":"Potion Belt"}],"event_choices":[{"cards_removed":["Strike_B"],"damage_healed":0,"gold_gain":0,"player_choice":"Card Removal","damage_taken":7,"max_hp_gain":0,"max_hp_loss":0,"event_name":"Golden Wing","floor":2,"gold_loss":0},{"damage_healed":0,"gold_gain":75,"player_choice":"Touch","damage_taken":7,"max_hp_gain":0,"max_hp_loss":0,"event_name":"FaceTrader","floor":3,"gold_loss":0},{"damage_healed":0,"gold_gain":0,"player_choice":"Success","damage_taken":7,"relics_obtained":["Happy Flower"],"max_hp_gain":0,"max_hp_loss":0,"event_name":"Scrap Ooze","floor":5,"gold_loss":0},{"cards_removed":["Strike_B"],"damage_healed":0,"gold_gain":0,"player_choice":"Gave Gold","damage_taken":0,"max_hp_gain":0,"max_hp_loss":0,"event_name":"Beggar","floor":19,"gold_loss":75}],"is_beta":false,"boss_relics":[{"not_picked":["Orrery","Tiny House"],"picked":"Velvet Choker"}],"items_purged_floors":[14,21],"is_endless":false,"potions_floor_spawned":[1,4,6,12,13,22,23],"killed_by":"Gremlin Leader","ascension_level":10}