{"gold_per_floor":[116,41,53,63,63,63,75,75,75,95,95,20,38,38,38,38],"floor_reached":16,"playtime":384,"items_purged":["Defend_G"],"score":184,"play_id":"692d83d3-ccee-4ea5-8308-721bbae4b015","local_time":"20190114230152","is_ascension_mode":true,"campfire_choices":[{"data":"Glass Knife","floor":6,"key":"SMITH"},{"data":"Neutralize","floor":11,"key":"SMITH"},{"floor":15,"key":"REST"}],"neow_cost":"PERCENT_DAMAGE","seed_source_timestamp":443004111046600,"circlet_count":0,"master_deck":["AscendersBane","Defend_G","Defend_G","Defend_G","Strike_G","Strike_G","Strike_G","Strike_G","Survivor","Neutralize+1","Glass Knife+1","Backflip","Flying Knee","Cloak And Dagger","A Thousand Cuts"],"relics":["Ring of the Snake","Gremlin Horn","Juzu Bracelet","Golden Idol"],"potions_floor_usage":[16,16],"damage_taken":[{"damage":0,"enemies":"Small Slimes","floor":1,"turns":4},{"damage":0,"enemies":"2 Louse","floor":3,"turns":3},{"damage":2,"enemies":"Jaw Worm","floor":4,"turns":5},{"damage":5,"enemies":"Blue Slaver","floor":7,"turns":3},{"damage":0,"enemies":"3 Louse","floor":10,"turns":2},{"damage":0,"enemies":"Looter","floor":13,"turns":2},{"damage":49,"enemies":"Slime Boss","floor":16,"turns":8}],"seed_played":"-8665982857156368982","potions_obtained":[{"floor":3,"key":"Poison Potion"},{"floor":7,"key":"AttackPotion"}],"is_trial":false,"path_per_floor":["M","?","M","M","?","R","M","?","T","M","R","$","M","?","R","B"],"character_chosen":"THE_SILENT","items_purchased":[],"campfire_rested":1,"item_purchase_floors":[],"current_hp_per_floor":[44,44,44,42,42,42,37,30,30,30,30,30,30,30,48,0],"gold":38,"neow_bonus":"TRANSFORM_TWO_CARDS","is_prod":false,"is_daily":false,"chose_seed":false,"campfire_upgraded":2,"win_rate":0,"timestamp":1547503312,"path_taken":["M","?","M","M","?","R","M","?","T","M","R","$","M","?","R","BOSS"],"build_version":"2019-01-10","purchased_purges":1,"victory":false,"max_hp_per_floor":[66,66,66,66,66,66,66,66,66,66,66,66,66,60,60,60],"card_choices":[{"not_picked":["Outmaneuver","Poisoned Stab"],"picked":"Backflip","floor":1},{"not_picked":["Setup","Eviscerate","Outmaneuver"],"picked":"SKIP","floor":3},{"not_picked":["Underhanded Strike","Infinite Blades"],"picked":"Flying Knee","floor":4},{"not_picked":["Outmaneuver","Catalyst"],"picked":"Cloak And Dagger","floor":7},{"not_picked":["Riddle With Holes","Slice"],"picked":"A Thousand Cuts","floor":10},{"not_picked":["Infinite Blades","Acrobatics","Distraction"],"picked":"SKIP","floor":13}],"player_experience":1040656,"relics_obtained":[{"floor":9,"key":"Juzu Bracelet"}],"event_choices":[{"cards_removed":["Eviscerate"],"damage_healed":0,"gold_gain":0,"player_choice":"Card Removal","damage_taken":0,"max_hp_gain":0,"max_hp_loss":0,"event_name":"The Cleric","floor":2,"gold_loss":75},{"damage_healed":0,"gold_gain":0,"player_choice":"Box","damage_taken":0,"relics_obtained":["Gremlin Horn"],"max_hp_gain":0,"max_hp_loss":0,"event_name":"Big Fish","floor":5,"gold_loss":0,"cards_obtained":["Regret"]},{"cards_removed":["Regret"],"damage_healed":0,"gold_gain":0,"player_choice":"Card Removal","damage_taken":7,"max_hp_gain":0,"max_hp_loss":0,"event_name":"Golden Wing","floor":8,"gold_loss":0},{"damage_healed":0,"gold_gain":0,"player_choice":"Lose Max HP","damage_taken":0,"relics_obtained":["Golden Idol"],"max_hp_gain":0,"max_hp_loss":6,"event_name":"Golden Idol","floor":14,"gold_loss":0}],"is_beta":true,"boss_relics":[],"items_purged_floors":[12],"is_endless":false,"potions_floor_spawned":[3,7],"killed_by":"Slime Boss","ascension_level":20}