{"gold_per_floor":[119,135,135,154,8,41,41,41,118,158,158,179,34,53,53,173,173,192,215,215,230,155,199,213,252,252,252,167,200,214,214],"floor_reached":31,"playtime":1390,"items_purged":["Strike_G","Strike_G"],"score":462,"play_id":"db392b75-7834-4043-8595-8302a9b8e9b5","local_time":"20180930171142","is_ascension_mode":true,"campfire_choices":[{"data":"Malaise","floor":11.0,"key":"SMITH"},{"data":"Bouncing Flask","floor":15.0,"key":"SMITH"},{"data":"1","floor":27,"key":"LIFT"}],"neow_cost":"","seed_source_timestamp":0,"circlet_count":0,"master_deck":["Defend_G","Defend_G","Defend_G","Defend_G","Defend_G","Strike_G","Strike_G","Survivor","Neutralize","Dagger Throw","Escape Plan","Backflip","Bouncing Flask+1","Malaise+1","Deadly Poison","Poisoned Stab","Glass Knife","Poisoned Stab","PiercingWail","Bane","Leg Sweep+1","Footwork"],"special_seed":0,"relics":["Ring of the Snake","Juzu Bracelet","Golden Idol","Meat on the Bone","Incense Burner","Coffee Dripper","Du-Vu Doll","Girya","Dodecahedron","Orichalcum","Question Card"],"potions_floor_usage":[24,31],"damage_taken":[{"damage":3.0,"enemies":"Jaw Worm","floor":1.0,"turns":6.0},{"damage":1.0,"enemies":"Small Slimes","floor":2.0,"turns":3.0},{"damage":0.0,"enemies":"2 Louse","floor":4.0,"turns":2.0},{"damage":22.0,"enemies":"Lagavulin","floor":6.0,"turns":6.0},{"damage":25.0,"enemies":"Gremlin Nob","floor":10.0,"turns":5.0},{"damage":3.0,"enemies":"Looter","floor":12.0,"turns":4.0},{"damage":7.0,"enemies":"Exordium Thugs","floor":14.0,"turns":4.0},{"damage":28.0,"enemies":"Slime Boss","floor":16.0,"turns":12.0},{"damage":3.0,"enemies":"Shell Parasite","floor":18.0,"turns":4.0},{"damage":3.0,"enemies":"Spheric Guardian","floor":19.0,"turns":3.0},{"damage":8.0,"enemies":"Centurion and Healer","floor":21.0,"turns":6.0},{"damage":6.0,"enemies":"Book of Stabbing","floor":23.0,"turns":6.0},{"damage":3,"enemies":"Cultist and Chosen","floor":24,"turns":4},{"damage":33,"enemies":"Gremlin Leader","floor":25,"turns":8},{"damage":0,"enemies":"Book of Stabbing","floor":29,"turns":6},{"damage":19,"enemies":"Snake Plant","floor":30,"turns":4},{"damage":28,"enemies":"Gremlin Leader","floor":31,"turns":7}],"seed_played":"-7880260930113232027","potions_obtained":[{"floor":2.0,"key":"Explosive Potion"},{"floor":10.0,"key":"Poison Potion"},{"floor":19.0,"key":"AttackPotion"},{"floor":23.0,"key":"Fire Potion"},{"floor":30,"key":"Poison Potion"}],"is_trial":false,"path_per_floor":["M","M","?","M","$","E","?","$","T","E","R","M","$","M","R","B",null,"M","M","?","M","?","E","M","E","T","R","?","E","M"],"character_chosen":"THE_SILENT","items_purchased":["Bouncing Flask","Poisoned Stab"],"campfire_rested":0,"item_purchase_floors":[5,13],"current_hp_per_floor":[60,59,59,59,59,37,37,37,37,24,24,33,33,38,38,22,54,51,48,48,40,40,34,43,22,22,22,22,34,27,0],"gold":214,"neow_bonus":"","is_prod":false,"is_daily":false,"chose_seed":false,"campfire_upgraded":2,"win_rate":0,"timestamp":1538352702,"path_taken":["M","M","?","M","?","E","?","?","T","E","R","M","$","M","R","BOSS","M","M","?","M","?","E","M","E","T","R","?","E","M","E"],"build_version":"2018-09-27","purchased_purges":2,"victory":false,"max_hp_per_floor":[70,70,70,70,70,70,65,65,65,65,65,65,65,65,65,65,65,65,65,65,65,65,65,65,65,65,65,65,65,65,65],"card_choices":[{"not_picked":["Poisoned Stab","Setup"],"picked":"Dagger Throw","floor":1.0},{"not_picked":["Masterful Stab","Flying Knee"],"picked":"Escape Plan","floor":2.0},{"not_picked":["Underhanded Strike","Outmaneuver"],"picked":"Backflip","floor":4.0},{"not_picked":["Quick Slash","Predator","Dodge and Roll"],"picked":"SKIP","floor":6.0},{"not_picked":["Bane","Acrobatics"],"picked":"Malaise","floor":10.0},{"not_picked":["Prepared","Underhanded Strike"],"picked":"Deadly Poison","floor":12.0},{"not_picked":["Sucker Punch","Flying Knee","Dagger Throw"],"picked":"SKIP","floor":14.0},{"not_picked":["Tools of the Trade","Grand Finale"],"picked":"Glass Knife","floor":16.0},{"not_picked":["Cloak And Dagger","Flying Knee+1"],"picked":"Poisoned Stab","floor":18.0},{"not_picked":["Dagger Spray+1","Slice"],"picked":"PiercingWail","floor":19.0},{"not_picked":["Cloak And Dagger","Phantasmal Killer"],"picked":"Bane","floor":21.0},{"not_picked":["Endless Agony","Poisoned Stab","Flechettes"],"picked":"SKIP","floor":23.0},{"not_picked":["Bane","Dodge and Roll","Acrobatics"],"picked":"SKIP","floor":24},{"not_picked":["Outmaneuver+1","Acrobatics","Bane"],"picked":"SKIP","floor":25},{"not_picked":["Terror","Dodge and Roll"],"picked":"Leg Sweep+1","floor":29},{"not_picked":["Glass Knife","Deadly Poison","Bouncing Flask"],"picked":"Footwork","floor":30}],"player_experience":320973,"relics_obtained":[{"floor":6.0,"key":"Juzu Bracelet"},{"floor":9.0,"key":"Meat on the Bone"},{"floor":10.0,"key":"Incense Burner"},{"floor":23.0,"key":"Du-Vu Doll"},{"floor":25,"key":"Girya"},{"floor":26,"key":"Dodecahedron"},{"floor":29,"key":"Question Card"}],"event_choices":[{"event_name":"Liars Game","player_choice":"disagreed","floor":3.0,"damage_taken":0.0},{"event_name":"Golden Idol","player_choice":"Lose Max HP","floor":7.0,"damage_taken":0.0},{"event_name":"Vampires","player_choice":"Ignored","floor":20.0,"damage_taken":0.0},{"event_name":"Beggar","player_choice":"Gave Gold","floor":22.0,"damage_taken":0.0},{"event_name":"Addict","player_choice":"Obtained Relic","floor":28,"damage_taken":0}],"is_beta":true,"boss_relics":[{"not_picked":["Runic Pyramid","Snecko Eye"],"picked":"Coffee Dripper"}],"items_purged_floors":[5,13],"is_endless":false,"potions_floor_spawned":[2,10,19,23,30],"killed_by":"Gremlin Leader","ascension_level":8}