{"path_per_floor":["M","?","M","?","M","R","E","R","T","E","M","M","M","M","R","B",null,"M","M","$","?","$","E","?","M","T"],"character_chosen":"IRONCLAD","items_purchased":["Shovel"],"gold_per_floor":[113,113,126,76,93,93,124,124,149,176,189,206,216,226,226,325,325,342,316,20,20,20,45,45,58,139,139],"floor_reached":27,"campfire_rested":0,"playtime":1142,"item_purchase_floors":[20],"current_hp_per_floor":[72,65,67,67,71,71,52,52,52,36,35,36,38,41,41,47,72,60,45,45,45,45,23,23,21,21,0],"items_purged":[],"gold":139,"score":345,"play_id":"02bfa602-feb5-4639-a415-981725f23207","local_time":"20180519181356","is_prod":false,"is_daily":false,"chose_seed":false,"is_ascension_mode":false,"campfire_upgraded":3,"timestamp":1526778836,"campfire_choices":[{"data":"Barricade","floor":6,"key":"SMITH"},{"data":"Shrug It Off","floor":8,"key":"SMITH"},{"data":"Entrench","floor":15,"key":"SMITH"}],"path_taken":["M","?","M","?","M","R","E","R","T","E","M","M","M","M","R","BOSS","M","M","$","?","$","E","?","M","T","E"],"build_version":"2018-05-18","seed_source_timestamp":116545011294192,"purchased_purges":0,"victory":false,"master_deck":["Defend_R","Defend_R","Defend_R","Defend_R","Barricade+1","Pommel Strike","Shrug It Off+1","Heavy Blade","Body Slam","Metallicize","Entrench+1","Thunderclap","Reaper","Iron Wave","Bite","Bite","Bite","Bite","Bite","Metallicize","Regret"],"max_hp_per_floor":[72,72,72,72,72,72,72,72,72,72,72,72,72,72,72,72,72,72,72,72,72,72,72,50,50,50,50],"relics":["Burning Blood","Juzu Bracelet","Dream Catcher","Shuriken","Cursed Key","Shovel","Bag of Preparation","Tiny Chest"],"card_choices":[{"not_picked":["Dark Embrace","Bludgeon"],"picked":"Barricade","floor":0},{"not_picked":["Pummel","Intimidate"],"picked":"Pommel Strike","floor":1},{"not_picked":["Cleave","Burning Pact"],"picked":"Shrug It Off","floor":3},{"not_picked":["Second Wind","Clash"],"picked":"Heavy Blade","floor":5},{"not_picked":["Sword Boomerang","Evolve","Uppercut"],"picked":"SKIP","floor":7},{"not_picked":["Searing Blow","Heavy Blade","Twin Strike"],"picked":"SKIP","floor":10},{"not_picked":["Armaments","Perfected Strike"],"picked":"Body Slam","floor":11},{"not_picked":["Seeing Red","Twin Strike"],"picked":"Metallicize","floor":12},{"not_picked":["Headbutt","Iron Wave"],"picked":"Entrench","floor":13},{"not_picked":["Dark Embrace","Twin Strike"],"picked":"Thunderclap","floor":14},{"not_picked":["Brutality","Juggernaut"],"picked":"Reaper","floor":16},{"not_picked":["Thunderclap","Cleave","Shockwave"],"picked":"SKIP","floor":18},{"not_picked":["Clash","Headbutt+1"],"picked":"Iron Wave","floor":19},{"not_picked":["Armaments+1","Perfected Strike","Flex"],"picked":"SKIP","floor":23},{"not_picked":["Rupture","Shockwave"],"picked":"Metallicize","floor":25}],"player_experience":91153,"potions_floor_usage":[7,7,16,23,23,27],"damage_taken":[{"damage":0,"enemies":"Small Slimes","floor":1,"turns":3},{"damage":4,"enemies":"2 Louse","floor":3,"turns":3},{"damage":2,"enemies":"Jaw Worm","floor":5,"turns":4},{"damage":34,"enemies":"Gremlin Nob","floor":7,"turns":5},{"damage":22,"enemies":"3 Sentries","floor":10,"turns":11},{"damage":7,"enemies":"Exordium Wildlife","floor":11,"turns":4},{"damage":5,"enemies":"Large Slime","floor":12,"turns":6},{"damage":4,"enemies":"Blue Slaver","floor":13,"turns":4},{"damage":3,"enemies":"Exordium Wildlife","floor":14,"turns":8},{"damage":0,"enemies":"Hexaghost","floor":16,"turns":23},{"damage":23,"enemies":"Spheric Guardian","floor":18,"turns":10},{"damage":21,"enemies":"2 Thieves","floor":19,"turns":5},{"damage":33,"enemies":"Book of Stabbing","floor":23,"turns":9},{"damage":24,"enemies":"Snake Plant","floor":25,"turns":7},{"damage":36,"enemies":"Gremlin Leader","floor":27,"turns":2}],"relics_obtained":[{"floor":7,"key":"Juzu Bracelet"},{"floor":9,"key":"Dream Catcher"},{"floor":10,"key":"Shuriken"},{"floor":23,"key":"Bag of Preparation"},{"floor":26,"key":"Tiny Chest"}],"event_choices":[{"event_name":"Golden Wing","player_choice":"Card Removal","floor":2,"damage_taken":0},{"event_name":"The Cleric","player_choice":"Card Removal","floor":4,"damage_taken":0},{"event_name":"Ghosts","player_choice":"Ignored","floor":21,"damage_taken":0},{"event_name":"Vampires","player_choice":"Became a vampire","floor":24,"damage_taken":0}],"boss_relics":[{"not_picked":["Tiny House","Orrery"],"picked":"Cursed Key"}],"items_purged_floors":[],"potions_floor_spawned":[1,5,13,14,16,19,25],"seed_played":"5153410214487238346","killed_by":"Gremlin Leader","ascension_level":0,"potions_obtained":[{"floor":1,"key":"Weak Potion"},{"floor":5,"key":"Regen Potion"},{"floor":13,"key":"Weak Potion"},{"floor":14,"key":"Dexterity Potion"},{"floor":16,"key":"Ancient Potion"},{"floor":19,"key":"AttackPotion"},{"floor":25,"key":"Ancient Potion"}],"is_trial":false}