{"gold_per_floor":[111,186,199,199,199,233,253,253,325,354,365,37,212,228,228,228],"floor_reached":16,"playtime":1100,"items_purged":[],"score":203,"play_id":"8becda5a-1a9d-4181-806e-427117dd590c","local_time":"20190501150359","is_ascension_mode":true,"campfire_choices":[{"data":"Havoc","floor":8,"key":"SMITH"},{"data":"Burning Pact","floor":15,"key":"SMITH"}],"neow_cost":"NONE","seed_source_timestamp":283801392173942,"circlet_count":0,"master_deck":["AscendersBane","Strike_R","Strike_R","Strike_R","Strike_R","Defend_R","Defend_R","Defend_R","Defend_R","Bash","Rage","Havoc+1","Burning Pact+1","Iron Wave","Offering","Havoc","Metallicize+1","Panache+1","Doubt","Anger"],"relics":["Burning Blood","NeowsBlessing","Strawberry","Turnip","Frozen Egg 2","Boot","Anchor"],"potions_floor_usage":[7,7,11,11,16],"damage_taken":[{"damage":0,"enemies":"2 Louse","floor":1,"turns":1},{"damage":0,"enemies":"Small Slimes","floor":3,"turns":1},{"damage":0,"enemies":"3 Sentries","floor":6,"turns":2},{"damage":3,"enemies":"Jaw Worm","floor":7,"turns":4},{"damage":21,"enemies":"Lagavulin","floor":10,"turns":5},{"damage":19,"enemies":"Exordium Thugs","floor":11,"turns":6},{"damage":6,"enemies":"Large Slime","floor":14,"turns":6},{"damage":55,"enemies":"The Guardian","floor":16,"turns":11}],"seed_played":"-7311966103364286026","potions_obtained":[{"floor":3,"key":"Swift Potion"},{"floor":6,"key":"EntropicBrew"},{"floor":10,"key":"Weak Potion"}],"is_trial":false,"path_per_floor":["M","?","M","?","?","E","M","R","T","E","M","$","?","M","R","B"],"character_chosen":"IRONCLAD","items_purchased":["Panache+1","Anchor"],"campfire_rested":0,"item_purchase_floors":[12,12],"current_hp_per_floor":[78,67,73,73,73,79,82,82,82,67,54,54,54,54,54,0],"gold":228,"neow_bonus":"THREE_ENEMY_KILL","is_prod":false,"is_daily":false,"chose_seed":false,"campfire_upgraded":2,"win_rate":0,"timestamp":1556759039,"path_taken":["M","?","M","?","?","E","M","R","T","E","M","$","?","M","R","BOSS"],"build_version":"2019-01-23","purchased_purges":0,"victory":false,"max_hp_per_floor":[80,80,80,87,87,87,87,87,87,87,87,87,87,87,87,87],"card_choices":[{"not_picked":["Cleave","Heavy Blade"],"picked":"Rage","floor":1},{"not_picked":["Clash","Perfected Strike"],"picked":"Havoc","floor":3},{"not_picked":["Clash","Flex"],"picked":"Iron Wave","floor":6},{"not_picked":["Iron Wave","Clash"],"picked":"Offering","floor":7},{"not_picked":["Headbutt","Reckless Charge"],"picked":"Havoc","floor":10},{"not_picked":["Warcry","Pummel"],"picked":"Metallicize+1","floor":11},{"not_picked":["Perfected Strike","True Grit"],"picked":"Anger","floor":14}],"player_experience":362543,"relics_obtained":[{"floor":6,"key":"Turnip"},{"floor":9,"key":"Frozen Egg 2"},{"floor":10,"key":"Boot"}],"event_choices":[{"damage_healed":0,"gold_gain":75,"player_choice":"Gather Gold","damage_taken":11,"max_hp_gain":0,"max_hp_loss":0,"event_name":"World of Goop","floor":2,"gold_loss":0},{"damage_healed":0,"gold_gain":0,"player_choice":"Success","damage_taken":7,"relics_obtained":["Strawberry"],"max_hp_gain":0,"max_hp_loss":0,"event_name":"Scrap Ooze","floor":4,"gold_loss":0},{"damage_healed":0,"gold_gain":0,"cards_transformed":["Strike_R"],"player_choice":"Change","damage_taken":0,"max_hp_gain":0,"max_hp_loss":0,"event_name":"Living Wall","floor":5,"gold_loss":0,"cards_obtained":["Burning Pact"]},{"damage_healed":0,"gold_gain":175,"player_choice":"AGREE","damage_taken":0,"max_hp_gain":0,"max_hp_loss":0,"event_name":"Liars Game","floor":13,"gold_loss":0,"cards_obtained":["Doubt"]}],"is_beta":false,"boss_relics":[],"items_purged_floors":[],"is_endless":false,"potions_floor_spawned":[3,6,10],"killed_by":"The Guardian","ascension_level":10}