{"gold_per_floor":[118,138,18,31,46,46,81,35,35,65,65,65,99,116,116,219,219,230,243,143,58,73,73,101,101,101,133,168,186,186,186,186,291,291,308,530,630,643,643,671,671,696,696,748,108,120,132,142,142,142],"floor_reached":51,"playtime":1403,"items_purged":["Strike_R","Strike_R","Pain"],"score":913,"play_id":"4d59be52-28b2-47b4-99bc-10e89893ec22","local_time":"20190305232855","is_ascension_mode":false,"campfire_choices":[{"data":"Bash","floor":6,"key":"SMITH"},{"data":"Inflame","floor":12,"key":"SMITH"},{"data":"Heavy Blade","floor":15,"key":"SMITH"},{"data":"Inflame","floor":23,"key":"SMITH"},{"data":"Sword Boomerang","floor":25,"key":"SMITH"},{"floor":30,"key":"DIG"},{"floor":32,"key":"DIG"},{"floor":41,"key":"DIG"},{"floor":49,"key":"REST"}],"neow_cost":"TEN_PERCENT_HP_LOSS","seed_source_timestamp":291797935890700,"circlet_count":0,"master_deck":["Strike_R","Strike_R","Strike_R","Defend_R","Defend_R","Bash+1","Heavy Blade+1","Shrug It Off","Pummel","Inflame+1","Sword Boomerang+1","Immolate","Limit Break+1","Inflame+1","Shrug It Off+1","Decay","Writhe","Feed","Shrug It Off+1","Shrug It Off+1"],"relics":["Burning Blood","Bag of Marbles","Question Card","Ginger","Toxic Egg 2","Cursed Key","Shovel","Pen Nib","Shuriken","Red Mask","The Courier","Oddly Smooth Stone","Boot","Orrery","Incense Burner","Art of War","Peace Pipe","Bronze Scales","Strawberry","Dead Branch","Happy Flower","Sling","Potion Belt","Ancient Tea Set"],"potions_floor_usage":[7,16,33,33,44],"damage_taken":[{"damage":6,"enemies":"Cultist","floor":1,"turns":3},{"damage":3,"enemies":"Small Slimes","floor":2,"turns":3},{"damage":0,"enemies":"2 Louse","floor":4,"turns":3},{"damage":10,"enemies":"Looter","floor":5,"turns":3},{"damage":28,"enemies":"Lagavulin","floor":7,"turns":6},{"damage":15,"enemies":"3 Sentries","floor":10,"turns":7},{"damage":10,"enemies":"Lagavulin","floor":13,"turns":3},{"damage":5,"enemies":"3 Louse","floor":14,"turns":3},{"damage":0,"enemies":"Slime Boss","floor":16,"turns":5},{"damage":12,"enemies":"Shell Parasite","floor":18,"turns":3},{"damage":2,"enemies":"3 Byrds","floor":19,"turns":3},{"damage":4,"enemies":"3 Cultists","floor":22,"turns":3},{"damage":38,"enemies":"Book of Stabbing","floor":24,"turns":4},{"damage":2,"enemies":"Gremlin Leader","floor":27,"turns":4},{"damage":2,"enemies":"Masked Bandits","floor":28,"turns":3},{"damage":0,"enemies":"Snake Plant","floor":29,"turns":2},{"damage":8,"enemies":"Champ","floor":33,"turns":5},{"damage":5,"enemies":"3 Darklings","floor":35,"turns":3},{"damage":11,"enemies":"Mind Bloom Boss Battle","floor":37,"turns":6},{"damage":1,"enemies":"3 Shapes","floor":38,"turns":4},{"damage":27,"enemies":"Giant Head","floor":40,"turns":6},{"damage":14,"enemies":"Reptomancer","floor":42,"turns":4},{"damage":30,"enemies":"2 Orb Walkers","floor":44,"turns":4},{"damage":2,"enemies":"Maw","floor":46,"turns":5},{"damage":3,"enemies":"Sphere and 2 Shapes","floor":47,"turns":2},{"damage":0,"enemies":"4 Shapes","floor":48,"turns":1},{"damage":92,"enemies":"Awakened One","floor":50,"turns":8}],"seed_played":"-3378264531335924351","potions_obtained":[{"floor":4,"key":"AttackPotion"},{"floor":13,"key":"AttackPotion"},{"floor":14,"key":"FairyPotion"},{"floor":16,"key":"Strength Potion"},{"floor":22,"key":"EssenceOfSteel"},{"floor":33,"key":"Fire Potion"},{"floor":38,"key":"Swift Potion"},{"floor":47,"key":"SpeedPotion"}],"is_trial":false,"path_per_floor":["M","M","$","M","M","R","E","$","T","E","$","R","E","M","R","B",null,"M","M","$","?","M","R","E","R","T","E","?","M","R","?","R","B",null,"M","?","?","M","?","E","R","E","T","?","$","M","M","M","R","B",null],"character_chosen":"IRONCLAD","items_purchased":["Shrug It Off","Sword Boomerang","Happy Flower","Shrug It Off+1","Sling","Potion Belt","Ancient Tea Set"],"campfire_rested":1,"item_purchase_floors":[3,8,45,45,45,45,45],"current_hp_per_floor":[72,72,72,72,68,68,46,46,46,37,37,37,33,34,34,40,72,66,70,70,70,72,72,40,40,40,44,48,54,54,54,54,52,72,75,75,73,81,77,56,56,51,58,34,34,41,47,53,80,18],"gold":142,"neow_bonus":"REMOVE_TWO","is_prod":false,"is_daily":false,"chose_seed":false,"campfire_upgraded":5,"win_rate":0,"timestamp":1551824935,"path_taken":["M","M","?","M","?","R","E","$","T","E","?","R","E","M","R","BOSS","M","?","$","?","M","R","E","R","T","E","?","M","R","?","R","BOSS","M","?","?","M","?","E","R","E","T","?","$","M","M","M","R","BOSS"],"build_version":"2019-02-06","purchased_purges":3,"victory":true,"max_hp_per_floor":[72,72,72,72,72,72,72,72,72,72,72,72,72,72,72,72,72,72,72,72,72,72,72,72,72,72,72,72,72,72,72,72,72,72,75,75,78,81,77,77,77,80,87,87,87,90,93,93,93,96],"card_choices":[{"not_picked":["Pommel Strike","Havoc"],"picked":"Heavy Blade","floor":1},{"not_picked":["Cleave","Wild Strike","Iron Wave"],"picked":"SKIP","floor":2},{"not_picked":["Battle Trance","Blood for Blood"],"picked":"Pummel","floor":4},{"not_picked":["Metallicize","Corruption","Warcry"],"picked":"SKIP","floor":5},{"not_picked":["Clash","True Grit"],"picked":"Inflame","floor":7},{"not_picked":["Bloodletting","Sword Boomerang","True Grit","Feel No Pain"],"picked":"SKIP","floor":10},{"not_picked":["Whirlwind","Armaments","Brutality","Sword Boomerang"],"picked":"SKIP","floor":13},{"not_picked":["Anger","Clash","Disarm+1","Pommel Strike"],"picked":"SKIP","floor":14},{"not_picked":["Brutality","Juggernaut","Fiend Fire"],"picked":"Immolate","floor":16},{"not_picked":["Thunderclap+1","Dropkick","Anger+1","Corruption"],"picked":"SKIP","floor":18},{"not_picked":["Armaments+1","Uppercut","Headbutt"],"picked":"Limit Break+1","floor":19},{"not_picked":["Hemokinesis","Armaments+1","Whirlwind"],"picked":"Inflame","floor":22},{"not_picked":["Intimidate+1","Body Slam","Havoc+1"],"picked":"Shrug It Off+1","floor":24},{"not_picked":["Impervious+1","Iron Wave","Armaments+1","Power Through+1"],"picked":"SKIP","floor":27},{"not_picked":["Hemokinesis","Combust","Heavy Blade","True Grit+1"],"picked":"SKIP","floor":29},{"not_picked":["Immolate","Reaper","Limit Break+1"],"picked":"Feed","floor":33},{"not_picked":["Anger","Perfected Strike+1","Pummel+1"],"picked":"Shrug It Off+1","floor":34},{"not_picked":["Battle Trance+1","Dual Wield+1","Intimidate+1","Inflame"],"picked":"SKIP","floor":35},{"not_picked":["Dropkick","Havoc+1","Fiend Fire","Cleave+1"],"picked":"SKIP","floor":38},{"not_picked":["Searing Blow+1","Inflame","Impervious+1","Ghostly Armor+1"],"picked":"SKIP","floor":40},{"not_picked":["Havoc+1","Wild Strike","Dual Wield+1","Entrench+1"],"picked":"SKIP","floor":42},{"not_picked":["True Grit+1","Clash","Feel No Pain","Flex+1"],"picked":"SKIP","floor":46},{"not_picked":["Body Slam","Thunderclap","Warcry+1","Twin Strike+1"],"picked":"SKIP","floor":47},{"not_picked":["Twin Strike","Barricade","Battle Trance+1","Dual Wield+1"],"picked":"SKIP","floor":48}],"player_experience":1220825,"relics_obtained":[{"floor":7,"key":"Bag of Marbles"},{"floor":9,"key":"Question Card"},{"floor":10,"key":"Ginger"},{"floor":13,"key":"Toxic Egg 2"},{"floor":24,"key":"Pen Nib"},{"floor":27,"key":"Shuriken"},{"floor":28,"key":"Red Mask"},{"floor":30,"key":"The Courier"},{"floor":32,"key":"Boot"},{"floor":37,"key":"Incense Burner"},{"floor":40,"key":"Art of War"},{"floor":41,"key":"Peace Pipe"},{"floor":42,"key":"Bronze Scales"},{"floor":43,"key":"Strawberry"},{"floor":44,"key":"Dead Branch"}],"event_choices":[{"damage_healed":0,"gold_gain":0,"player_choice":"Obtained Relic","damage_taken":0,"relics_obtained":["Shovel"],"max_hp_gain":0,"max_hp_loss":0,"event_name":"Addict","floor":21,"gold_loss":85},{"damage_healed":0,"gold_gain":0,"player_choice":"Fought Bandits","damage_taken":0,"max_hp_gain":0,"max_hp_loss":0,"event_name":"Masked Bandits","floor":28,"gold_loss":0},{"damage_healed":0,"gold_gain":0,"player_choice":"Opened","damage_taken":0,"relics_obtained":["Oddly Smooth Stone"],"max_hp_gain":0,"max_hp_loss":0,"event_name":"The Mausoleum","floor":31,"gold_loss":0,"cards_obtained":["Writhe"]},{"damage_healed":0,"gold_gain":222,"player_choice":"Wore Mask","damage_taken":0,"max_hp_gain":0,"max_hp_loss":0,"event_name":"Tomb of Lord Red Mask","floor":36,"gold_loss":0},{"damage_healed":0,"gold_gain":0,"player_choice":"Fight","damage_taken":0,"max_hp_gain":0,"max_hp_loss":0,"event_name":"MindBloom","floor":37,"gold_loss":0},{"damage_healed":0,"gold_gain":0,"player_choice":"Max HP","damage_taken":0,"max_hp_gain":0,"max_hp_loss":4,"event_name":"Winding Halls","floor":39,"gold_loss":0},{"damage_healed":0,"gold_gain":0,"player_choice":"Fight","damage_taken":0,"max_hp_gain":0,"max_hp_loss":0,"event_name":"Mysterious Sphere","floor":44,"gold_loss":0}],"is_beta":true,"boss_relics":[{"not_picked":["White Beast Statue","Velvet Choker"],"picked":"Cursed Key"},{"not_picked":["Philosopher\u0027s Stone","Pandora\u0027s Box"],"picked":"Orrery"}],"items_purged_floors":[3,20,45],"is_endless":false,"potions_floor_spawned":[4,13,14,16,22,28,29,33,38,40,42,47],"ascension_level":0}