{"gold_per_floor":[114,114,131,131,206,233,233,233,258,272,283,283,308,328,328,403,403,419,334,73,90,90,90,118,118,118,118,133,133,150,177,177,248,248,265,283,298,309,309,309,328,328,328,340,340,340,350,382,382,382],"floor_reached":50,"playtime":1743,"items_purged":["Strike_R"],"score":1094,"play_id":"c627db4b-4f4d-45f4-9c8a-e5291170c1ea","local_time":"20190413010821","is_ascension_mode":true,"campfire_choices":[{"data":"Bash","floor":8.0,"key":"SMITH"},{"data":"Strike_R","floor":12.0,"key":"SMITH"},{"data":"Flame Barrier","floor":15.0,"key":"SMITH"},{"data":"Sword Boomerang","floor":23.0,"key":"SMITH"},{"floor":25.0,"key":"REST"},{"data":"Twin Strike","floor":29.0,"key":"SMITH"},{"floor":32.0,"key":"REST"},{"floor":40,"key":"REST"},{"floor":42,"key":"REST"},{"floor":46,"key":"RECALL"},{"floor":49,"key":"REST"}],"neow_cost":"NONE","seed_source_timestamp":0,"circlet_count":0,"master_deck":["AscendersBane","Strike_R","Strike_R+1","Strike_R+1","Strike_R+1","Defend_R+1","Defend_R","Bash+1","Flame Barrier+1","Feed+1","Twin Strike+1","Heavy Blade","Sword Boomerang+1","Demon Form","Parasite"],"special_seed":0,"relics":["Burning Blood","NeowsBlessing","Oddly Smooth Stone","Vajra","Pen Nib","Velvet Choker","Kunai","Whetstone","Sundial","Mercury Hourglass","Lizard Tail","Question Card","StoneCalendar"],"potions_floor_usage":[37,38,48,50],"damage_taken":[{"damage":0.0,"enemies":"Small Slimes","floor":1.0,"turns":1.0},{"damage":0.0,"enemies":"Cultist","floor":3.0,"turns":1.0},{"damage":0.0,"enemies":"Lagavulin","floor":6.0,"turns":1.0},{"damage":2.0,"enemies":"2 Louse","floor":10.0,"turns":3.0},{"damage":13.0,"enemies":"Blue Slaver","floor":11.0,"turns":3.0},{"damage":8.0,"enemies":"Gremlin Nob","floor":13.0,"turns":3.0},{"damage":17.0,"enemies":"Exordium Wildlife","floor":14.0,"turns":4.0},{"damage":8.0,"enemies":"The Guardian","floor":16.0,"turns":13.0},{"damage":21.0,"enemies":"Shell Parasite","floor":18.0,"turns":4.0},{"damage":0.0,"enemies":"3 Byrds","floor":21.0,"turns":3.0},{"damage":15.0,"enemies":"Gremlin Leader","floor":24.0,"turns":4.0},{"damage":19.0,"enemies":"Sentry and Sphere","floor":28.0,"turns":4.0},{"damage":18.0,"enemies":"Snake Plant","floor":30.0,"turns":3.0},{"damage":43.0,"enemies":"Slavers","floor":31.0,"turns":5.0},{"damage":22.0,"enemies":"Automaton","floor":33.0,"turns":12.0},{"damage":0.0,"enemies":"3 Shapes","floor":35.0,"turns":7.0},{"damage":17.0,"enemies":"3 Darklings","floor":36.0,"turns":7.0},{"damage":30,"enemies":"Spire Growth","floor":37,"turns":4},{"damage":44,"enemies":"Maw","floor":38,"turns":7},{"damage":39,"enemies":"Transient","floor":41,"turns":6},{"damage":16,"enemies":"Writhing Mass","floor":44,"turns":5},{"damage":18,"enemies":"4 Shapes","floor":47,"turns":8},{"damage":109,"enemies":"Reptomancer","floor":48,"turns":7},{"damage":22,"enemies":"Awakened One","floor":50,"turns":2}],"seed_played":"1888693869435798","potions_obtained":[{"floor":1.0,"key":"Fire Potion"},{"floor":6.0,"key":"EssenceOfSteel"},{"floor":16.0,"key":"GamblersBrew"},{"floor":24.0,"key":"Explosive Potion"},{"floor":30.0,"key":"Regen Potion"},{"floor":33.0,"key":"Poison Potion"},{"floor":36.0,"key":"Block Potion"},{"floor":44,"key":"Ancient Potion"},{"floor":47,"key":"Dexterity Potion"}],"is_trial":false,"path_per_floor":["M","$","M","?","?","E","?","R","T","M","M","R","E","M","R","B",null,"M","?","$","M","?","R","E","R","T","$","M","R","M","E","R","B",null,"M","M","M","M","?","R","M","R","T","M","?","R","M","E","R","B"],"character_chosen":"IRONCLAD","items_purchased":["Whetstone","Heavy Blade"],"campfire_rested":5,"item_purchase_floors":[20,20],"current_hp_per_floor":[74,74,75,52,41,47,47,47,47,51,44,44,42,31,31,29,64,52,52,52,62,62,62,53,77,77,77,68,68,60,41,69,53,84,94,83,59,21,21,50,17,46,46,36,80,80,72,23,48,26],"gold":382,"neow_bonus":"THREE_ENEMY_KILL","is_prod":false,"is_daily":false,"chose_seed":false,"campfire_upgraded":5,"win_rate":0,"timestamp":1555110501,"path_taken":["M","$","M","?","?","E","?","R","T","?","M","R","E","M","R","BOSS","M","?","$","M","?","R","E","R","T","?","M","R","?","E","R","BOSS","M","?","M","?","?","R","M","R","T","M","?","R","M","E","R","BOSS"],"build_version":"2019-04-04","purchased_purges":1,"victory":false,"max_hp_per_floor":[75,75,75,75,75,75,75,75,75,75,75,75,75,75,75,75,75,78,78,78,82,82,82,82,82,82,82,86,86,90,94,94,94,94,98,98,98,98,98,98,98,98,98,98,80,80,84,84,84,84],"card_choices":[{"not_picked":["Flame Barrier","Iron Wave","Rupture"],"picked":"SKIP","floor":1.0},{"not_picked":["Warcry","True Grit","Iron Wave"],"picked":"SKIP","floor":3.0},{"not_picked":["Disarm","Feel No Pain","Intimidate"],"picked":"SKIP","floor":6.0},{"not_picked":["Anger","Flex","Burning Pact"],"picked":"SKIP","floor":10.0},{"not_picked":["Dropkick","Seeing Red","Warcry"],"picked":"SKIP","floor":11.0},{"not_picked":["Bloodletting","Clothesline"],"picked":"Flame Barrier","floor":13.0},{"not_picked":["Thunderclap","Flex","Rampage"],"picked":"SKIP","floor":14.0},{"not_picked":["Juggernaut","Exhume"],"picked":"Feed","floor":16.0},{"not_picked":["Body Slam","Pommel Strike"],"picked":"Twin Strike","floor":18.0},{"not_picked":["Ghostly Armor","Clothesline","Bloodletting"],"picked":"SKIP","floor":21.0},{"not_picked":["Infernal Blade","Uppercut","Seeing Red"],"picked":"SKIP","floor":24.0},{"not_picked":["Dual Wield","Body Slam+1","Intimidate"],"picked":"SKIP","floor":28.0},{"not_picked":["Dropkick","Seeing Red","Power Through"],"picked":"SKIP","floor":30.0},{"not_picked":["Iron Wave","Dual Wield","Intimidate"],"picked":"SKIP","floor":31.0},{"not_picked":["Barricade","Feed"],"picked":"Demon Form","floor":33.0},{"not_picked":["Fire Breathing","Reckless Charge","Headbutt+1"],"picked":"SKIP","floor":35.0},{"not_picked":["Sever Soul+1","Warcry","Feel No Pain"],"picked":"SKIP","floor":36.0},{"not_picked":["Sever Soul+1","Warcry","Feel No Pain"],"picked":"SKIP","floor":36.0},{"not_picked":["True Grit","Anger","Clash+1"],"picked":"SKIP","floor":37},{"not_picked":["Headbutt","Clothesline","True Grit"],"picked":"SKIP","floor":38},{"not_picked":["Twin Strike","Clash","Sever Soul"],"picked":"SKIP","floor":41},{"not_picked":["Headbutt","Dual Wield","Bludgeon","Perfected Strike+1"],"picked":"SKIP","floor":44},{"not_picked":["Power Through","Fire Breathing+1","Intimidate","True Grit"],"picked":"SKIP","floor":47},{"not_picked":["Power Through","Fire Breathing+1","Intimidate","True Grit"],"picked":"SKIP","floor":47},{"not_picked":["Sever Soul","Armaments","Berserk","Heavy Blade+1"],"picked":"SKIP","floor":48}],"player_experience":1378519,"relics_obtained":[{"floor":6.0,"key":"Oddly Smooth Stone"},{"floor":9.0,"key":"Vajra"},{"floor":13.0,"key":"Pen Nib"},{"floor":24.0,"key":"Sundial"},{"floor":31.0,"key":"Mercury Hourglass"},{"floor":43,"key":"Question Card"},{"floor":48,"key":"StoneCalendar"}],"event_choices":[{"damage_healed":0.0,"max_hp_gain":0.0,"max_hp_loss":0.0,"gold_gain":0.0,"event_name":"Shining Light","player_choice":"Entered Light","floor":4.0,"gold_loss":0.0,"damage_taken":23.0,"cards_upgraded":["Strike_R","Defend_R"]},{"damage_healed":0.0,"max_hp_gain":0.0,"max_hp_loss":0.0,"gold_gain":75.0,"event_name":"World of Goop","player_choice":"Gather Gold","floor":5.0,"gold_loss":0.0,"damage_taken":11.0},{"cards_removed":["Defend_R"],"damage_healed":0.0,"max_hp_gain":0.0,"max_hp_loss":0.0,"gold_gain":0.0,"event_name":"Bonfire Elementals","player_choice":"Offered Basic","floor":7.0,"gold_loss":0.0,"damage_taken":0.0},{"damage_healed":0.0,"max_hp_gain":0.0,"max_hp_loss":0.0,"gold_gain":0.0,"event_name":"Addict","player_choice":"Obtained Relic","floor":19.0,"gold_loss":85.0,"damage_taken":0.0,"relics_obtained":["Kunai"]},{"damage_healed":0.0,"max_hp_gain":0.0,"max_hp_loss":0.0,"gold_gain":0.0,"event_name":"The Library","player_choice":"Read","floor":22.0,"gold_loss":0.0,"damage_taken":0.0,"cards_obtained":["Sword Boomerang"]},{"cards_removed":["Defend_R"],"damage_healed":0,"gold_gain":0,"player_choice":"Removed Skill","damage_taken":0,"max_hp_gain":0,"max_hp_loss":0,"event_name":"Falling","floor":39,"gold_loss":0},{"damage_healed":80,"gold_gain":0,"player_choice":"Heal","damage_taken":0,"max_hp_gain":0,"max_hp_loss":18,"event_name":"The Moai Head","floor":45,"gold_loss":0}],"is_beta":true,"boss_relics":[{"not_picked":["Runic Pyramid","Philosopher\u0027s Stone"],"picked":"Velvet Choker"},{"not_picked":["Runic Cube","Sozu"],"picked":"Lizard Tail"}],"items_purged_floors":[20],"is_endless":false,"potions_floor_spawned":[1,6,14,16,24,30,33,36,44,47],"killed_by":"Awakened One","ascension_level":20}