{"gold_per_floor":[362,362,5,5,5,5,36,54,54,97,163,188,235,263,275,287],"floor_reached":16,"playtime":471,"items_purged":["Regret"],"score":118,"play_id":"243f40fa-d35f-4f89-863a-f8034ef6d7c1","local_time":"20190309220455","is_ascension_mode":false,"campfire_choices":[{"data":"Uppercut","floor":6.0,"key":"SMITH"},{"data":"Bash","floor":15,"key":"SMITH"}],"neow_cost":"CURSE","seed_source_timestamp":0,"circlet_count":0,"master_deck":["Strike_R","Strike_R","Strike_R","Strike_R","Strike_R","Defend_R","Defend_R","Defend_R","Defend_R","Bash+1","Shame","Shrug It Off","Uppercut+1"],"special_seed":0,"relics":["Burning Blood","Oddly Smooth Stone","Bag of Preparation","Golden Idol","Meat on the Bone","Bottled Flame","MawBank","Vajra","Bronze Scales"],"potions_floor_usage":[10,16],"damage_taken":[{"damage":2.0,"enemies":"2 Louse","floor":1.0,"turns":2.0},{"damage":54.0,"enemies":"Lagavulin","floor":7.0,"turns":7.0},{"damage":2.0,"enemies":"Jaw Worm","floor":8.0,"turns":3.0},{"damage":18,"enemies":"Gremlin Nob","floor":10,"turns":4},{"damage":0,"enemies":"Cultist","floor":12,"turns":3},{"damage":33,"enemies":"Lagavulin","floor":13,"turns":6},{"damage":16,"enemies":"Exordium Thugs","floor":14,"turns":5},{"damage":34,"enemies":"The Guardian","floor":16,"turns":12}],"seed_played":"2397399095370033035","potions_obtained":[{"floor":7.0,"key":"Poison Potion"},{"floor":13,"key":"Fire Potion"}],"is_trial":false,"path_per_floor":["M","?","$","?","$","R","E","M","T","E","T","M","E","M","R","B"],"character_chosen":"IRONCLAD","items_purchased":["Shrug It Off","Uppercut","Bag of Preparation"],"campfire_rested":0,"item_purchase_floors":[3,3,3],"current_hp_per_floor":[80,80,80,60,60,60,12,28,28,28,28,46,31,33,33,0],"gold":287,"neow_bonus":"TWO_FIFTY_GOLD","is_prod":false,"is_daily":false,"chose_seed":false,"campfire_upgraded":2,"win_rate":0,"timestamp":1552165495,"path_taken":["M","?","$","?","$","R","E","M","T","E","?","M","E","M","R","BOSS"],"build_version":"2019-02-06","purchased_purges":1,"victory":false,"max_hp_per_floor":[80,80,80,80,80,80,80,80,80,80,80,80,80,80,80,80],"card_choices":[{"not_picked":["Pommel Strike","Twin Strike","Power Through"],"picked":"SKIP","floor":1.0},{"not_picked":["Rampage","Burning Pact","Flex"],"picked":"SKIP","floor":7.0},{"not_picked":["Evolve","Armaments","Rupture"],"picked":"SKIP","floor":8.0},{"not_picked":["Flex","Dual Wield","Intimidate"],"picked":"SKIP","floor":10},{"not_picked":["Intimidate","Battle Trance","Cleave"],"picked":"SKIP","floor":12},{"not_picked":["Rupture","True Grit","Sentinel"],"picked":"SKIP","floor":13},{"not_picked":["Shockwave","Reckless Charge","Metallicize"],"picked":"SKIP","floor":14}],"player_experience":1239668,"relics_obtained":[{"floor":7.0,"key":"Meat on the Bone"},{"floor":9.0,"key":"Bottled Flame"},{"floor":10,"key":"MawBank"},{"floor":11,"key":"Vajra"},{"floor":13,"key":"Bronze Scales"}],"event_choices":[{"damage_healed":0.0,"max_hp_gain":0.0,"max_hp_loss":0.0,"gold_gain":0.0,"event_name":"Big Fish","player_choice":"Box","floor":2.0,"gold_loss":0.0,"damage_taken":0.0,"relics_obtained":["Oddly Smooth Stone"],"cards_obtained":["Regret"]},{"damage_healed":0.0,"max_hp_gain":0.0,"max_hp_loss":0.0,"gold_gain":0.0,"event_name":"Golden Idol","player_choice":"Take Damage","floor":4.0,"gold_loss":0.0,"damage_taken":20.0,"relics_obtained":["Golden Idol"]}],"is_beta":true,"boss_relics":[],"items_purged_floors":[3],"is_endless":false,"potions_floor_spawned":[7,13],"killed_by":"The Guardian","ascension_level":0}