{"gold_per_floor":[368,43,57,57,57,92,102,112,112,186,15,42,54,65,65,65],"floor_reached":16,"playtime":791,"items_purged":["Regret"],"score":162,"play_id":"6b5e3a6b-a800-406a-8c7a-4e7aa758b31d","local_time":"20190418135832","is_ascension_mode":true,"campfire_choices":[{"data":"Strike_G","floor":15,"key":"PURGE"}],"neow_cost":"CURSE","seed_source_timestamp":1482060026587210,"circlet_count":0,"master_deck":["Defend_G","Defend_G","Defend_G","Defend_G+1","Defend_G","Strike_G","Strike_G","Strike_G+1","Strike_G","Survivor","Neutralize","Poisoned Stab","Dramatic Entrance","Dagger Spray","Poisoned Stab","Prepared","Backflip","Noxious Fumes","Backflip","Acrobatics","Backflip"],"relics":["Ring of the Snake","Snake Skull","Dodecahedron","Peace Pipe","Bottled Flame","Du-Vu Doll"],"potions_floor_usage":[6,12,16],"damage_taken":[{"damage":2,"enemies":"Jaw Worm","floor":1,"turns":5},{"damage":0,"enemies":"2 Louse","floor":3,"turns":3},{"damage":6,"enemies":"Gremlin Nob","floor":6,"turns":3},{"damage":0,"enemies":"Cultist","floor":7,"turns":2},{"damage":0,"enemies":"Large Slime","floor":8,"turns":4},{"damage":9,"enemies":"3 Sentries","floor":12,"turns":6},{"damage":0,"enemies":"Blue Slaver","floor":13,"turns":4},{"damage":1,"enemies":"2 Fungi Beasts","floor":14,"turns":2},{"damage":41,"enemies":"Slime Boss","floor":16,"turns":7}],"seed_played":"-2251850333383045127","potions_obtained":[{"floor":3,"key":"Fire Potion"},{"floor":12,"key":"EssenceOfSteel"}],"is_trial":false,"path_per_floor":["M","$","M","?","?","E","M","M","T","T","$","E","M","M","R","B"],"character_chosen":"THE_SILENT","items_purchased":["Snake Skull","Dramatic Entrance","Noxious Fumes","Backflip","PowerPotion"],"campfire_rested":0,"item_purchase_floors":[2,2,11,11,11],"current_hp_per_floor":[61,61,61,66,51,45,45,45,45,45,45,36,36,35,35,0],"gold":65,"neow_bonus":"TWO_FIFTY_GOLD","is_prod":false,"is_daily":false,"chose_seed":false,"campfire_upgraded":0,"win_rate":0,"timestamp":1555574312,"path_taken":["M","$","M","?","?","E","M","M","T","?","$","E","M","M","R","BOSS"],"build_version":"2019-01-23","purchased_purges":1,"victory":false,"max_hp_per_floor":[70,70,70,75,75,75,75,75,75,75,75,75,75,75,75,75],"card_choices":[{"not_picked":["Eviscerate","Slice"],"picked":"Poisoned Stab","floor":1},{"not_picked":["Blade Dance","Outmaneuver"],"picked":"Dagger Spray","floor":3},{"not_picked":["Well Laid Plans","Prepared"],"picked":"Poisoned Stab","floor":6},{"not_picked":["Flying Knee","Finisher"],"picked":"Prepared","floor":7},{"not_picked":["Acrobatics","Predator"],"picked":"Backflip","floor":8},{"not_picked":["Phantasmal Killer","All Out Attack","Outmaneuver"],"picked":"SKIP","floor":12},{"not_picked":["Phantasmal Killer","All Out Attack","Outmaneuver"],"picked":"SKIP","floor":12},{"not_picked":["Outmaneuver","Flechettes"],"picked":"Acrobatics","floor":13},{"not_picked":["Expertise","Prepared"],"picked":"Backflip","floor":14}],"player_experience":1180479,"relics_obtained":[{"floor":6,"key":"Dodecahedron"},{"floor":9,"key":"Peace Pipe"},{"floor":10,"key":"Bottled Flame"},{"floor":12,"key":"Du-Vu Doll"}],"event_choices":[{"damage_healed":0,"gold_gain":0,"player_choice":"Donut","damage_taken":0,"max_hp_gain":5,"max_hp_loss":0,"event_name":"Big Fish","floor":4,"gold_loss":0},{"damage_healed":0,"gold_gain":0,"player_choice":"Entered Light","damage_taken":15,"max_hp_gain":0,"max_hp_loss":0,"event_name":"Shining Light","floor":5,"gold_loss":0,"cards_upgraded":["Defend_G","Strike_G"]}],"is_beta":false,"boss_relics":[],"items_purged_floors":[2],"is_endless":false,"potions_floor_spawned":[3,12],"killed_by":"Slime Boss","ascension_level":9}