{"gold_per_floor":[113,127,146,296,296,296,315,315,315,159,159,184,196,206,206,281,281,292,307,46,96,106,106,106,118,166,166,186,186,202,217,217,295,295,307,318,318,193,206,206,218,237,237,237],"floor_reached":44,"playtime":1653,"items_purged":["Doubt","Clumsy","Shame"],"score":857,"play_id":"d9ca1710-5d60-4806-a664-edc897af1a70","local_time":"20190318220855","is_ascension_mode":true,"campfire_choices":[{"data":"Bash","floor":6.0,"key":"SMITH"},{"data":"Body Slam","floor":8.0,"key":"SMITH"},{"data":"Feed","floor":11.0,"key":"SMITH"},{"floor":15.0,"key":"REST"},{"data":"Immolate","floor":27,"key":"SMITH"},{"data":"Pommel Strike","floor":29,"key":"SMITH"},{"floor":32,"key":"RECALL"},{"floor":40,"key":"REST"}],"neow_cost":"CURSE","seed_source_timestamp":0,"circlet_count":0,"master_deck":["AscendersBane","Defend_R","Defend_R","Defend_R","Bash+1","Feed+1","Body Slam+1","Pommel Strike+1","Immolate+1","Shrug It Off+1","Shrug It Off+1","Double Tap+1","Uppercut+1","Impervious+1","Shrug It Off+1","Bite+1","Bite+1","Bite+1","Bite+1","Bite+1","Body Slam+1","Parasite","Decay"],"special_seed":0,"relics":["Burning Blood","Toxic Egg 2","Molten Egg 2","Cursed Key","Omamori","Calling Bell","Red Skull","Pantograph","Ginger"],"potions_floor_usage":[19,22],"damage_taken":[{"damage":7.0,"enemies":"Jaw Worm","floor":1.0,"turns":3.0},{"damage":8.0,"enemies":"2 Louse","floor":2.0,"turns":3.0},{"damage":2.0,"enemies":"Cultist","floor":3.0,"turns":4.0},{"damage":12.0,"enemies":"Looter","floor":7.0,"turns":3.0},{"damage":55.0,"enemies":"3 Sentries","floor":12.0,"turns":10.0},{"damage":14.0,"enemies":"Exordium Thugs","floor":13.0,"turns":2.0},{"damage":1.0,"enemies":"Lots of Slimes","floor":14.0,"turns":2.0},{"damage":21.0,"enemies":"Slime Boss","floor":16.0,"turns":9.0},{"damage":32,"enemies":"Shell Parasite","floor":18,"turns":4},{"damage":35,"enemies":"2 Thieves","floor":19,"turns":4},{"damage":25,"enemies":"Chosen and Byrds","floor":22,"turns":5},{"damage":15,"enemies":"Centurion and Healer","floor":25,"turns":16},{"damage":19,"enemies":"Snake Plant","floor":28,"turns":4},{"damage":20,"enemies":"Snecko","floor":30,"turns":7},{"damage":11,"enemies":"3 Cultists","floor":31,"turns":4},{"damage":89,"enemies":"Collector","floor":33,"turns":11},{"damage":0,"enemies":"3 Darklings","floor":35,"turns":1},{"damage":43,"enemies":"3 Shapes","floor":36,"turns":9},{"damage":18,"enemies":"Jaw Worm Horde","floor":39,"turns":4},{"damage":53,"enemies":"Transient","floor":41,"turns":6},{"damage":29,"enemies":"3 Darklings","floor":42,"turns":7},{"damage":50,"enemies":"Spire Growth","floor":44,"turns":3}],"seed_played":"-2105377146298803726","potions_obtained":[{"floor":3.0,"key":"Weak Potion"},{"floor":13.0,"key":"Explosive Potion"},{"floor":14.0,"key":"AttackPotion"},{"floor":18,"key":"Ancient Potion"},{"floor":30,"key":"Ancient Potion"},{"floor":35,"key":"Weak Potion"},{"floor":36,"key":"Dexterity Potion"}],"is_trial":false,"path_per_floor":["M","M","M","?","?","R","M","R","T","$","R","E","M","M","R","B",null,"M","M","$","?","M","?","?","M","T","R","M","R","M","M","R","B",null,"M","M","?","$","M","R","M","M","T","M"],"character_chosen":"IRONCLAD","items_purchased":["Immolate","Impervious+1"],"campfire_rested":2,"item_purchase_floors":[10,20],"current_hp_per_floor":[70,71,75,75,75,75,69,69,69,69,69,24,16,25,51,40,80,54,25,25,25,10,10,10,71,71,71,64,64,66,75,75,34,65,71,38,38,38,45,68,35,36,36,0],"gold":237,"neow_bonus":"THREE_RARE_CARDS","is_prod":false,"is_daily":false,"chose_seed":false,"campfire_upgraded":5,"win_rate":0,"timestamp":1552943335,"path_taken":["M","M","M","?","?","R","M","R","T","$","R","E","M","M","R","BOSS","M","M","$","?","M","?","?","?","T","R","M","R","M","M","R","BOSS","M","M","?","$","M","R","M","?","T","M"],"build_version":"2019-03-15","purchased_purges":3,"victory":false,"max_hp_per_floor":[78,81,81,81,81,81,81,81,81,81,81,85,85,89,89,93,93,93,93,93,93,97,67,67,71,71,71,71,71,71,75,75,75,75,75,75,75,75,79,79,79,79,79,79],"card_choices":[{"not_picked":["Fiend Fire","Reaper"],"picked":"Feed","floor":0.0},{"not_picked":["Warcry","Shockwave","Cleave"],"picked":"SKIP","floor":1.0},{"not_picked":["Iron Wave","Burning Pact","Dropkick"],"picked":"SKIP","floor":2.0},{"not_picked":["Hemokinesis","Headbutt","Power Through"],"picked":"SKIP","floor":3.0},{"not_picked":["Clash","Sword Boomerang"],"picked":"Pommel Strike","floor":7.0},{"not_picked":["Pommel Strike","Thunderclap"],"picked":"Shrug It Off+1","floor":12.0},{"not_picked":["Body Slam+1","Rampage+1","Wild Strike+1"],"picked":"SKIP","floor":13.0},{"not_picked":["True Grit+1","Perfected Strike+1"],"picked":"Shrug It Off+1","floor":14.0},{"not_picked":["Dark Embrace","Impervious+1"],"picked":"Double Tap+1","floor":16.0},{"not_picked":["True Grit+1","Flex+1"],"picked":"Uppercut+1","floor":18},{"not_picked":["Flex+1","Clothesline+1","Hemokinesis+1"],"picked":"SKIP","floor":19},{"not_picked":["Rupture","Whirlwind+1"],"picked":"Shrug It Off+1","floor":22},{"not_picked":["Rage+1","Cleave+1","Armaments+1"],"picked":"SKIP","floor":25},{"not_picked":["Perfected Strike+1","Twin Strike+1","Armaments+1"],"picked":"SKIP","floor":28},{"not_picked":["Entrench+1","Bludgeon+1","Cleave+1"],"picked":"SKIP","floor":30},{"not_picked":["Pommel Strike+1","Cleave+1","Metallicize"],"picked":"SKIP","floor":31},{"not_picked":["Perfected Strike+1","Headbutt+1","Twin Strike+1"],"picked":"SKIP","floor":35},{"not_picked":["Intimidate+1","Twin Strike+1","Flex+1"],"picked":"SKIP","floor":36},{"not_picked":["Combust+1","Carnage+1","Seeing Red+1"],"picked":"SKIP","floor":39},{"not_picked":["Sword Boomerang+1","Cleave+1","Twin Strike+1"],"picked":"SKIP","floor":41},{"not_picked":["Clash+1","Clothesline+1","Shockwave+1"],"picked":"SKIP","floor":42}],"player_experience":1265251,"relics_obtained":[{"floor":9.0,"key":"Toxic Egg 2"},{"floor":12.0,"key":"Molten Egg 2"},{"floor":26,"key":"Omamori"},{"floor":34,"key":"Red Skull"},{"floor":34,"key":"Pantograph"},{"floor":34,"key":"Ginger"}],"event_choices":[{"damage_healed":0.0,"max_hp_gain":0.0,"max_hp_loss":0.0,"gold_gain":150.0,"event_name":"Liars Game","player_choice":"AGREE","floor":4.0,"gold_loss":0.0,"damage_taken":0.0,"cards_obtained":["Doubt"]},{"damage_healed":0.0,"max_hp_gain":0.0,"max_hp_loss":0.0,"gold_gain":0.0,"cards_transformed":["Defend_R"],"event_name":"Transmorgrifier","player_choice":"Transformed","floor":5.0,"gold_loss":0.0,"damage_taken":0.0,"cards_obtained":["Body Slam"]},{"damage_healed":0,"gold_gain":50,"player_choice":"Stole From Cult","damage_taken":0,"max_hp_gain":0,"max_hp_loss":0,"event_name":"Nest","floor":21,"gold_loss":0},{"damage_healed":0,"gold_gain":0,"player_choice":"Became a vampire","damage_taken":0,"max_hp_gain":0,"max_hp_loss":30,"event_name":"Vampires","floor":23,"gold_loss":0,"cards_obtained":["Bite","Bite","Bite","Bite","Bite"]},{"damage_healed":0,"gold_gain":0,"player_choice":"Copied","damage_taken":0,"max_hp_gain":0,"max_hp_loss":0,"event_name":"Duplicator","floor":24,"gold_loss":0,"cards_obtained":["Body Slam"]},{"damage_healed":0,"gold_gain":0,"player_choice":"0 cards matched","damage_taken":0,"max_hp_gain":0,"max_hp_loss":0,"event_name":"Match and Keep!","floor":37,"gold_loss":0,"cards_obtained":[]}],"is_beta":true,"boss_relics":[{"not_picked":["Mark of Pain","Pandora\u0027s Box"],"picked":"Cursed Key"},{"not_picked":["White Beast Statue","Busted Crown"],"picked":"Calling Bell"}],"items_purged_floors":[10,20,38],"is_endless":false,"potions_floor_spawned":[3,13,14,18,30,35,36],"killed_by":"Spire Growth","ascension_level":20}