{"gold_per_floor":[116,191,39,139,158,158,188,188,215,231,250,4,24,24,24,153,153,167,42,42,42,56,56,56,90,90,90,121,136,150,150,150,248,248,266,266,284,336,36,36,55,72,99,111,46,146,162,176,176,176],"floor_reached":51,"playtime":2980,"items_purged":["Strike_R","Strike_R","Clothesline","Rampage"],"score":1056,"play_id":"353cad0f-3835-4e93-a11f-e745e3194664","local_time":"20190501162954","is_ascension_mode":true,"campfire_choices":[{"data":"Shockwave","floor":6,"key":"SMITH"},{"data":"Iron Wave","floor":15,"key":"SMITH"},{"data":"Inflame","floor":23,"key":"SMITH"},{"data":"Double Tap","floor":32,"key":"SMITH"},{"data":"Immolate","floor":40,"key":"SMITH"},{"data":"Clothesline","floor":49,"key":"PURGE"}],"neow_cost":"NONE","seed_source_timestamp":287063046394420,"circlet_count":0,"master_deck":["AscendersBane","Offering+1","Shockwave+1","Inflame+1","Pommel Strike","Battle Trance","Iron Wave+1","Double Tap+1","Impervious","Immolate+1","Whirlwind","Offering","Carnage","Battle Trance+1","Shrug It Off","Reaper","Inflame+1"],"relics":["Burning Blood","Dream Catcher","Bloody Idol","War Paint","Vajra","Pandora\u0027s Box","Matryoshka","Strawberry","StoneCalendar","PreservedInsect","Busted Crown","FossilizedHelix","Membership Card","Frozen Egg 2","Bag of Marbles","Peace Pipe"],"potions_floor_usage":[16,33,38,50,50],"damage_taken":[{"damage":4,"enemies":"2 Louse","floor":1,"turns":5},{"damage":6,"enemies":"Cultist","floor":5,"turns":3},{"damage":18,"enemies":"Gremlin Nob","floor":7,"turns":3},{"damage":5,"enemies":"Small Slimes","floor":10,"turns":5},{"damage":7,"enemies":"2 Fungi Beasts","floor":11,"turns":3},{"damage":1,"enemies":"Looter","floor":13,"turns":4},{"damage":21,"enemies":"Slime Boss","floor":16,"turns":12},{"damage":7,"enemies":"Chosen","floor":18,"turns":2},{"damage":13,"enemies":"2 Thieves","floor":22,"turns":2},{"damage":6,"enemies":"Slavers","floor":25,"turns":1},{"damage":6,"enemies":"Gremlin Leader","floor":28,"turns":4},{"damage":6,"enemies":"Centurion and Healer","floor":29,"turns":2},{"damage":6,"enemies":"Snecko","floor":30,"turns":3},{"damage":44,"enemies":"Collector","floor":33,"turns":5},{"damage":21,"enemies":"3 Shapes","floor":35,"turns":3},{"damage":6,"enemies":"3 Darklings","floor":37,"turns":2},{"damage":6,"enemies":"2 Orb Walkers","floor":38,"turns":2},{"damage":6,"enemies":"Transient","floor":41,"turns":5},{"damage":9,"enemies":"Spire Growth","floor":42,"turns":3},{"damage":6,"enemies":"Maw","floor":44,"turns":5},{"damage":6,"enemies":"Mind Bloom Boss Battle","floor":46,"turns":2},{"damage":0,"enemies":"3 Darklings","floor":47,"turns":2},{"damage":8,"enemies":"4 Shapes","floor":48,"turns":1},{"damage":57,"enemies":"Donu and Deca","floor":50,"turns":4}],"seed_played":"8142303681155705468","potions_obtained":[{"floor":5,"key":"Energy Potion"},{"floor":22,"key":"Ancient Potion"},{"floor":25,"key":"SteroidPotion"},{"floor":28,"key":"SteroidPotion"},{"floor":38,"key":"Swift Potion"},{"floor":47,"key":"Strength Potion"}],"is_trial":false,"path_per_floor":["M","?","$","?","M","R","E","?","T","M","M","$","M","?","R","B",null,"M","$","?","?","M","R","$","E","T","?","E","M","M","?","R","B",null,"M","?","M","?","$","R","M","M","T","M","$","?","M","M","R","B",null],"character_chosen":"IRONCLAD","items_purchased":["Inflame","Vajra","Membership Card","AttackPotion","Inflame+1","SteroidPotion"],"campfire_rested":0,"item_purchase_floors":[3,12,39,39,45,45],"current_hp_per_floor":[74,63,63,63,63,63,51,51,51,52,51,51,56,49,49,34,64,63,63,63,63,66,66,66,71,78,78,81,81,81,81,81,48,73,79,79,81,81,81,81,81,81,81,81,81,81,81,81,81,44],"gold":176,"neow_bonus":"ONE_RANDOM_RARE_CARD","is_prod":false,"is_daily":false,"chose_seed":false,"campfire_upgraded":5,"win_rate":0,"timestamp":1556764194,"path_taken":["M","?","$","?","?","R","E","?","T","M","M","$","M","?","R","BOSS","M","$","?","?","M","R","$","E","T","?","E","M","M","?","R","BOSS","M","?","M","?","$","R","M","M","T","M","?","?","?","M","R","BOSS"],"build_version":"2019-01-23","purchased_purges":4,"victory":true,"max_hp_per_floor":[80,80,80,80,80,80,80,74,74,74,74,74,74,74,74,74,74,74,74,74,74,74,74,74,74,81,81,81,81,81,81,81,81,81,81,81,81,81,81,81,81,81,81,81,81,81,81,81,81,81],"card_choices":[{"not_picked":["Warcry","Twin Strike"],"picked":"Shockwave","floor":1},{"not_picked":["Clothesline","Intimidate"],"picked":"Pommel Strike","floor":5},{"not_picked":["Exhume","Headbutt"],"picked":"Shockwave","floor":7},{"not_picked":["Thunderclap","Pommel Strike"],"picked":"Battle Trance","floor":10},{"not_picked":["Wild Strike","Flex"],"picked":"Iron Wave","floor":11},{"not_picked":["Anger","Entrench"],"picked":"Double Tap","floor":13},{"not_picked":["Immolate","Fiend Fire"],"picked":"Impervious","floor":16},{"not_picked":["Clothesline","Entrench","Body Slam"],"picked":"SKIP","floor":18},{"not_picked":["Rampage","Headbutt","Wild Strike+1"],"picked":"SKIP","floor":22},{"not_picked":["Dual Wield","Rage"],"picked":"Battle Trance+1","floor":25},{"not_picked":["Sword Boomerang+1","Reckless Charge","Dual Wield"],"picked":"SKIP","floor":28},{"not_picked":["Clash","Heavy Blade"],"picked":"Shrug It Off","floor":29},{"not_picked":["Seeing Red","Twin Strike+1","Flex+1"],"picked":"SKIP","floor":30},{"not_picked":["Double Tap","Fiend Fire"],"picked":"Reaper","floor":33},{"not_picked":["Clothesline"],"picked":"SKIP","floor":35},{"not_picked":["Twin Strike+1"],"picked":"SKIP","floor":37},{"not_picked":["Clash+1"],"picked":"SKIP","floor":41},{"not_picked":["Wild Strike+1"],"picked":"SKIP","floor":42},{"not_picked":["Iron Wave+1"],"picked":"SKIP","floor":44},{"not_picked":["Body Slam"],"picked":"SKIP","floor":47},{"not_picked":["Blood for Blood+1"],"picked":"SKIP","floor":48}],"player_experience":365761,"relics_obtained":[{"floor":7,"key":"Dream Catcher"},{"floor":9,"key":"War Paint"},{"floor":25,"key":"Matryoshka"},{"floor":26,"key":"Strawberry"},{"floor":26,"key":"StoneCalendar"},{"floor":28,"key":"PreservedInsect"},{"floor":38,"key":"FossilizedHelix"},{"floor":43,"key":"Frozen Egg 2"},{"floor":43,"key":"Bag of Marbles"},{"floor":46,"key":"Peace Pipe"}],"event_choices":[{"damage_healed":0,"gold_gain":75,"player_choice":"Gather Gold","damage_taken":11,"max_hp_gain":0,"max_hp_loss":0,"event_name":"World of Goop","floor":2,"gold_loss":0},{"damage_healed":0,"gold_gain":100,"player_choice":"Pray","damage_taken":0,"max_hp_gain":0,"max_hp_loss":0,"event_name":"Golden Shrine","floor":4,"gold_loss":0},{"damage_healed":0,"gold_gain":0,"player_choice":"Lose Max HP","damage_taken":0,"relics_obtained":["Golden Idol"],"max_hp_gain":0,"max_hp_loss":6,"event_name":"Golden Idol","floor":8,"gold_loss":0},{"cards_removed":["Strike_R"],"damage_healed":0,"gold_gain":0,"player_choice":"Card Removal","damage_taken":7,"max_hp_gain":0,"max_hp_loss":0,"event_name":"Golden Wing","floor":14,"gold_loss":0},{"damage_healed":0,"gold_gain":0,"player_choice":"Gave Idol","damage_taken":0,"relics_obtained":["Bloody Idol"],"max_hp_gain":0,"max_hp_loss":0,"event_name":"Forgotten Altar","floor":20,"relics_lost":["Golden Idol"],"gold_loss":0},{"damage_healed":0,"gold_gain":0,"player_choice":"Ignored","damage_taken":0,"max_hp_gain":0,"max_hp_loss":0,"event_name":"Beggar","floor":21,"gold_loss":0},{"cards_removed":["Bash"],"damage_healed":0,"gold_gain":0,"player_choice":"Elegance","damage_taken":0,"max_hp_gain":0,"max_hp_loss":0,"event_name":"Back to Basics","floor":27,"gold_loss":0},{"damage_healed":0,"gold_gain":0,"player_choice":"Read","damage_taken":0,"max_hp_gain":0,"max_hp_loss":0,"event_name":"The Library","floor":31,"gold_loss":0,"cards_obtained":["Rampage"]},{"cards_removed":["Shockwave"],"damage_healed":0,"gold_gain":0,"player_choice":"Removed Skill","damage_taken":0,"max_hp_gain":0,"max_hp_loss":0,"event_name":"Falling","floor":36,"gold_loss":0},{"damage_healed":0,"gold_gain":0,"player_choice":"Fight","damage_taken":0,"max_hp_gain":0,"max_hp_loss":0,"event_name":"Mysterious Sphere","floor":38,"gold_loss":0},{"damage_healed":0,"gold_gain":0,"player_choice":"Fight","damage_taken":0,"max_hp_gain":0,"max_hp_loss":0,"event_name":"MindBloom","floor":46,"gold_loss":0}],"is_beta":false,"boss_relics":[{"not_picked":["Runic Pyramid","Black Blood"],"picked":"Pandora\u0027s Box"},{"not_picked":["Runic Cube","Cursed Key"],"picked":"Busted Crown"}],"items_purged_floors":[3,12,19,39],"is_endless":false,"potions_floor_spawned":[5,22,25,28,38,46,47],"ascension_level":10}