{"gold_per_floor":[111,125,125,125,200,200,70,70,94,125,148,179,46,67,67,163,163,186,21,21,21,45,45,88,88,158,158,158,188,211,226,226,226],"floor_reached":33,"playtime":764,"items_purged":["Strike_R"],"score":692,"play_id":"3b9c4666-daa1-40f4-9636-f5afd1a8e7c8","local_time":"20190427222622","is_ascension_mode":true,"campfire_choices":[{"data":"Bash","floor":6.0,"key":"SMITH"},{"data":"Sword Boomerang","floor":8.0,"key":"SMITH"},{"data":"Rampage","floor":15,"key":"SMITH"},{"data":"Inflame","floor":23,"key":"SMITH"},{"floor":25,"key":"REST"},{"floor":32,"key":"REST"}],"neow_cost":"NONE","seed_source_timestamp":0,"circlet_count":0,"master_deck":["AscendersBane","Strike_R","Strike_R","Defend_R","Defend_R","Bash+1","Sword Boomerang+1","Heavy Blade+1","Rampage+1","Inflame+1","Shrug It Off","Twin Strike","Feed+1","Reaper+1","Shockwave+1","Shrug It Off","Shrug It Off","Sword Boomerang","Whirlwind"],"special_seed":0,"relics":["Burning Blood","NeowsBlessing","Golden Idol","Red Skull","Ornamental Fan","Blood Vial","Astrolabe","Whetstone","Matryoshka","Pen Nib","Shuriken","Vajra","Tiny Chest"],"potions_floor_usage":[16,18,24],"damage_taken":[{"damage":0.0,"enemies":"Jaw Worm","floor":1.0,"turns":1.0},{"damage":0.0,"enemies":"2 Louse","floor":2.0,"turns":1.0},{"damage":0.0,"enemies":"Lagavulin","floor":10.0,"turns":1.0},{"damage":0.0,"enemies":"Small Slimes","floor":11.0,"turns":1.0},{"damage":31.0,"enemies":"Gremlin Nob","floor":12.0,"turns":4.0},{"damage":15,"enemies":"Exordium Thugs","floor":14,"turns":4},{"damage":0,"enemies":"Slime Boss","floor":16,"turns":5},{"damage":13,"enemies":"3 Byrds","floor":18,"turns":3},{"damage":29,"enemies":"Spheric Guardian","floor":22,"turns":4},{"damage":65,"enemies":"Book of Stabbing","floor":24,"turns":5},{"damage":34,"enemies":"Chosen and Byrds","floor":30,"turns":5},{"damage":3,"enemies":"Sentry and Sphere","floor":31,"turns":3},{"damage":98,"enemies":"Automaton","floor":33,"turns":6}],"seed_played":"-6701930240582347731","potions_obtained":[{"floor":1.0,"key":"Ancient Potion"},{"floor":11.0,"key":"Regen Potion"},{"floor":14,"key":"GamblersBrew"},{"floor":16,"key":"LiquidBronze"},{"floor":30,"key":"Weak Potion"}],"is_trial":false,"path_per_floor":["M","M","?","?","?","R","$","R","T","E","M","E","$","M","R","B",null,"M","$","?","$","M","R","E","R","T","?","T","T","M","M","R","B"],"character_chosen":"IRONCLAD","items_purchased":["Sword Boomerang","Inflame","Shrug It Off","Whetstone"],"campfire_rested":2,"item_purchase_floors":[7,13,13,19],"current_hp_per_floor":[74,75,68,42,31,31,31,31,31,37,43,18,18,11,11,19,61,68,68,73,73,57,57,14,37,37,37,37,37,11,16,39,0],"gold":226,"neow_bonus":"THREE_ENEMY_KILL","is_prod":false,"is_daily":false,"chose_seed":false,"campfire_upgraded":4,"win_rate":0,"timestamp":1556396782,"path_taken":["M","M","?","?","?","R","$","R","T","E","M","E","?","?","R","BOSS","M","$","?","?","M","R","E","R","T","?","?","?","M","M","R","BOSS"],"build_version":"2019-04-23","purchased_purges":1,"victory":false,"max_hp_per_floor":[75,75,75,75,75,75,75,75,75,75,75,75,75,75,75,75,75,78,78,78,78,78,78,78,78,78,78,78,78,78,78,78,78],"card_choices":[{"not_picked":["Burning Pact","Warcry","Wild Strike"],"picked":"SKIP","floor":1.0},{"not_picked":["Clash","Burning Pact","Bloodletting"],"picked":"SKIP","floor":2.0},{"not_picked":["Havoc","True Grit"],"picked":"Heavy Blade","floor":10.0},{"not_picked":["Perfected Strike","Hemokinesis","Sever Soul"],"picked":"SKIP","floor":11.0},{"not_picked":["Ghostly Armor","Reaper"],"picked":"Rampage","floor":12.0},{"not_picked":["Disarm","Feel No Pain"],"picked":"Twin Strike","floor":14},{"not_picked":["Exhume","Offering"],"picked":"Feed","floor":16},{"not_picked":["Sword Boomerang","Cleave+1"],"picked":"Shrug It Off","floor":18},{"not_picked":["Perfected Strike","Sword Boomerang","Armaments"],"picked":"SKIP","floor":22},{"not_picked":["Sever Soul","Disarm"],"picked":"Shrug It Off","floor":24},{"not_picked":["Sword Boomerang","Bludgeon","Clash"],"picked":"SKIP","floor":30},{"not_picked":["Bludgeon","Clash"],"picked":"Sword Boomerang","floor":30},{"not_picked":["Carnage","True Grit"],"picked":"Whirlwind","floor":31}],"player_experience":1420690,"relics_obtained":[{"floor":9.0,"key":"Red Skull"},{"floor":10.0,"key":"Ornamental Fan"},{"floor":12.0,"key":"Blood Vial"},{"floor":24,"key":"Matryoshka"},{"floor":26,"key":"Pen Nib"},{"floor":26,"key":"Shuriken"},{"floor":28,"key":"Vajra"},{"floor":29,"key":"Tiny Chest"}],"event_choices":[{"cards_removed":["Defend_R"],"damage_healed":0.0,"max_hp_gain":0.0,"max_hp_loss":0.0,"gold_gain":0.0,"event_name":"Golden Wing","player_choice":"Card Removal","floor":3.0,"gold_loss":0.0,"damage_taken":7.0},{"damage_healed":0.0,"max_hp_gain":0.0,"max_hp_loss":0.0,"gold_gain":0.0,"event_name":"Golden Idol","player_choice":"Take Damage","floor":4.0,"gold_loss":0.0,"damage_taken":26.0,"relics_obtained":["Golden Idol"]},{"damage_healed":0.0,"max_hp_gain":0.0,"max_hp_loss":0.0,"gold_gain":75.0,"event_name":"World of Goop","player_choice":"Gather Gold","floor":5.0,"gold_loss":0.0,"damage_taken":11.0},{"cards_removed":["Wild Strike"],"damage_healed":5,"gold_gain":0,"player_choice":"Offered Common","damage_taken":0,"max_hp_gain":0,"max_hp_loss":0,"event_name":"Bonfire Elementals","floor":20,"gold_loss":0},{"cards_removed":["Wild Strike"],"damage_healed":5,"gold_gain":0,"player_choice":"Offered Special","damage_taken":0,"max_hp_gain":0,"max_hp_loss":0,"event_name":"Bonfire Elementals","floor":20,"gold_loss":0},{"damage_healed":0,"gold_gain":0,"player_choice":"Ignored","damage_taken":0,"max_hp_gain":0,"max_hp_loss":0,"event_name":"Cursed Tome","floor":27,"gold_loss":0}],"is_beta":true,"boss_relics":[{"not_picked":["Calling Bell","Busted Crown"],"picked":"Astrolabe"}],"items_purged_floors":[7],"is_endless":false,"potions_floor_spawned":[1,11,14,16,30],"killed_by":"Automaton","ascension_level":20}