{"path_per_floor":["M","M","$","?","M","E","M","R","T","R","M","M","M","?","R","B",null,"M","?","$","?","?","E","R","M","T","R","M","$","T","E","R"],"character_chosen":"IRONCLAD","items_purchased":["Toxic Egg 2","Inflame","Clothesline","Shuriken","Havoc+1"],"gold_per_floor":[369,386,48,48,66,100,116,116,141,141,160,179,190,254,254,358,358,375,375,74,74,74,101,101,119,176,176,190,190,190,217,217,217],"floor_reached":33,"campfire_rested":1,"playtime":1263,"item_purchase_floors":[3,3,3,20,20],"current_hp_per_floor":[35,40,40,24,28,20,9,35,35,35,38,25,33,30,30,21,87,72,56,56,56,56,49,49,47,47,47,40,40,40,46,46,0],"items_purged":[],"gold":217,"score":314,"play_id":"f4c0b358-af96-4920-914b-682294e3c1fe","local_time":"20180623120541","is_prod":false,"is_daily":false,"chose_seed":false,"is_ascension_mode":true,"campfire_upgraded":5,"win_rate":0,"timestamp":1529780741,"campfire_choices":[{"floor":8,"key":"REST"},{"data":"Corruption","floor":10,"key":"SMITH"},{"data":"Bash","floor":15,"key":"SMITH"},{"data":"Heavy Blade","floor":24,"key":"SMITH"},{"data":"Iron Wave","floor":27,"key":"SMITH"},{"data":"Flame Barrier","floor":32,"key":"SMITH"}],"path_taken":["M","M","$","?","M","E","M","R","T","R","M","M","M","?","R","BOSS","M","?","$","?","?","E","R","?","T","R","M","$","?","E","R","BOSS"],"build_version":"2018-06-11","seed_source_timestamp":141960634713665,"purchased_purges":0,"victory":false,"master_deck":["Strike_R","Strike_R","Strike_R","Strike_R","Strike_R+1","Defend_R","Defend_R","Defend_R","Defend_R","Bash+1","Corruption+1","Flame Barrier+1","Inflame+1","Clothesline+1","Cleave+1","Iron Wave+1","Sentinel+1","Exhume+1","Shockwave+1","Havoc+1","Heavy Blade+1"],"max_hp_per_floor":[80,80,80,80,80,87,87,87,87,87,87,87,87,87,87,87,87,87,87,87,87,87,87,87,87,87,87,87,87,87,87,87,87],"special_seed":0,"relics":["Burning Blood","Toxic Egg 2","Strawberry","Whetstone","Potion Belt","Black Star","Enchiridion","Shuriken","Happy Flower","Vajra","Tiny Chest","Magic Flower","Pen Nib","Art of War"],"card_choices":[{"not_picked":["Iron Wave","Warcry"],"picked":"Corruption","floor":1},{"not_picked":["Second Wind","Heavy Blade"],"picked":"Flame Barrier","floor":2},{"not_picked":["Headbutt","Clothesline","Heavy Blade"],"picked":"SKIP","floor":5},{"not_picked":["Hemokinesis","Body Slam"],"picked":"Cleave","floor":6},{"not_picked":["Cleave","Anger","Body Slam"],"picked":"SKIP","floor":7},{"not_picked":["Wild Strike","Warcry+1","Brutality"],"picked":"SKIP","floor":11},{"not_picked":["Corruption","Anger"],"picked":"Iron Wave","floor":12},{"not_picked":["Intimidate+1","Entrench+1","Warcry+1"],"picked":"SKIP","floor":13},{"not_picked":["Entrench+1","Armaments+1"],"picked":"Sentinel+1","floor":14},{"not_picked":["Barricade","Double Tap+1"],"picked":"Exhume+1","floor":16},{"not_picked":["Heavy Blade","Twin Strike"],"picked":"Shockwave+1","floor":18},{"not_picked":["Double Tap+1","Shrug It Off+1"],"picked":"Heavy Blade","floor":23},{"not_picked":["Ghostly Armor+1","Dual Wield+1","Heavy Blade"],"picked":"SKIP","floor":25},{"not_picked":["Twin Strike","Clothesline+1","Shrug It Off+1"],"picked":"SKIP","floor":28},{"not_picked":["Pummel","Flex+1","Anger"],"picked":"SKIP","floor":31}],"player_experience":153264,"potions_floor_usage":[6,13,14,23,33,33],"damage_taken":[{"damage":11,"enemies":"Jaw Worm","floor":1,"turns":4},{"damage":1,"enemies":"Small Slimes","floor":2,"turns":4},{"damage":2,"enemies":"2 Louse","floor":5,"turns":3},{"damage":21,"enemies":"Lagavulin","floor":6,"turns":7},{"damage":17,"enemies":"Exordium Thugs","floor":7,"turns":5},{"damage":3,"enemies":"Blue Slaver","floor":11,"turns":4},{"damage":19,"enemies":"Large Slime","floor":12,"turns":5},{"damage":10,"enemies":"Looter","floor":13,"turns":4},{"damage":9,"enemies":"3 Sentries","floor":14,"turns":6},{"damage":15,"enemies":"Hexaghost","floor":16,"turns":8},{"damage":21,"enemies":"Spheric Guardian","floor":18,"turns":5},{"damage":13,"enemies":"Gremlin Leader","floor":23,"turns":5},{"damage":8,"enemies":"Chosen","floor":25,"turns":4},{"damage":13,"enemies":"Snecko","floor":28,"turns":4},{"damage":3,"enemies":"Book of Stabbing","floor":31,"turns":4},{"damage":50,"enemies":"Champ","floor":33,"turns":10}],"relics_obtained":[{"floor":6,"key":"Strawberry"},{"floor":9,"key":"Whetstone"},{"floor":14,"key":"Potion Belt"},{"floor":19,"key":"Enchiridion"},{"floor":23,"key":"Happy Flower"},{"floor":23,"key":"Vajra"},{"floor":26,"key":"Tiny Chest"},{"floor":30,"key":"Magic Flower"},{"floor":31,"key":"Pen Nib"},{"floor":31,"key":"Art of War"}],"event_choices":[{"event_name":"Shining Light","player_choice":"Entered Light","floor":4,"damage_taken":0},{"event_name":"Dead Adventurer","player_choice":"Searched \u00272\u0027 times","floor":14,"damage_taken":0},{"event_name":"Cursed Tome","player_choice":"Obtained Book","floor":19,"damage_taken":0},{"event_name":"Vampires","player_choice":"Ignored","floor":21,"damage_taken":0},{"event_name":"Ghosts","player_choice":"Ignored","floor":22,"damage_taken":0}],"boss_relics":[{"not_picked":["Runic Pyramid","Astrolabe"],"picked":"Black Star"}],"items_purged_floors":[],"potions_floor_spawned":[2,5,12,13,14,28,31],"seed_played":"4396725218019145986","killed_by":"Champ","ascension_level":2,"potions_obtained":[{"floor":2,"key":"Fire Potion"},{"floor":5,"key":"GamblersBrew"},{"floor":12,"key":"Regen Potion"},{"floor":13,"key":"SpeedPotion"},{"floor":14,"key":"Explosive Potion"},{"floor":28,"key":"Block Potion"},{"floor":31,"key":"FearPotion"}],"is_trial":false}