{"gold_per_floor":[119,119,84,95,113,113,113,113,113,130,146,71,99,117,117,117],"floor_reached":16,"playtime":533,"items_purged":["Strike_R"],"score":224,"play_id":"876d5927-7b8e-49b4-ad00-ecb03f842043","local_time":"20181016223053","is_ascension_mode":true,"campfire_choices":[{"data":"Feed","floor":6,"key":"SMITH"},{"data":"Bash","floor":8,"key":"SMITH"},{"floor":15,"key":"REST"}],"neow_cost":"PERCENT_DAMAGE","seed_source_timestamp":526741809105453,"circlet_count":0,"master_deck":["Strike_R","Strike_R","Strike_R","Strike_R","Defend_R","Defend_R","Defend_R","Bash+1","AscendersBane","Feed+1","Headbutt","Metallicize","Disarm","Battle Trance"],"relics":["Burning Blood","Singing Bowl","Vajra","Smiling Mask"],"potions_floor_usage":[14,16,16],"damage_taken":[{"damage":16,"enemies":"2 Louse","floor":1,"turns":3},{"damage":6,"enemies":"Cultist","floor":4,"turns":3},{"damage":7,"enemies":"Jaw Worm","floor":5,"turns":3},{"damage":15,"enemies":"Red Slaver","floor":10,"turns":5},{"damage":18,"enemies":"Lots of Slimes","floor":11,"turns":6},{"damage":30,"enemies":"Lagavulin","floor":13,"turns":7},{"damage":11,"enemies":"Exordium Thugs","floor":14,"turns":5},{"damage":63,"enemies":"Slime Boss","floor":16,"turns":7}],"seed_played":"-1086555518259120912","potions_obtained":[{"floor":10,"key":"LiquidBronze"},{"floor":13,"key":"Swift Potion"},{"floor":14,"key":"Dexterity Potion"}],"is_trial":false,"path_per_floor":["M","?","?","M","M","R","T","R","T","M","M","$","E","M","R"],"character_chosen":"IRONCLAD","items_purchased":[],"campfire_rested":1,"item_purchase_floors":[],"current_hp_per_floor":[43,43,62,65,67,67,67,67,67,58,50,50,28,29,57,0],"gold":117,"neow_bonus":"THREE_RARE_CARDS","is_prod":false,"is_daily":false,"chose_seed":false,"campfire_upgraded":2,"win_rate":0,"timestamp":1539721853,"path_taken":["M","?","?","?","M","R","?","R","T","?","M","$","E","M","R","BOSS"],"build_version":"2018-10-15v2","purchased_purges":1,"victory":false,"max_hp_per_floor":[78,78,78,81,84,84,84,84,84,84,88,88,90,96,96,96],"card_choices":[{"not_picked":["Reaper","Berserk"],"picked":"Feed","floor":0},{"not_picked":["Warcry","Havoc","Perfected Strike"],"picked":"SKIP","floor":1},{"not_picked":["Fire Breathing","Clothesline"],"picked":"Headbutt","floor":4},{"not_picked":["Twin Strike","Heavy Blade"],"picked":"Metallicize","floor":5},{"not_picked":["Second Wind","Spot Weakness"],"picked":"Disarm","floor":10},{"not_picked":["Perfected Strike","Second Wind"],"picked":"Battle Trance","floor":11},{"not_picked":["Wild Strike","Fiend Fire","Intimidate"],"picked":"Singing Bowl","floor":13},{"not_picked":["Cleave","Perfected Strike","Wild Strike"],"picked":"Singing Bowl","floor":14}],"player_experience":836123,"relics_obtained":[{"floor":7,"key":"Singing Bowl"},{"floor":9,"key":"Vajra"},{"floor":13,"key":"Smiling Mask"}],"event_choices":[{"event_name":"Purifier","player_choice":"One Purge","floor":2,"damage_taken":0},{"event_name":"The Cleric","player_choice":"Healed","floor":3,"damage_taken":0}],"is_beta":true,"boss_relics":[],"items_purged_floors":[12],"is_endless":false,"potions_floor_spawned":[10,13,14],"killed_by":"Slime Boss","ascension_level":19}