{"gold_per_floor":[118,118,185,72,141,169,187,213,213,213,238,311,326,337,337,432,432,451,501,515,490,35,69,87,113,113,113,124,191,191,220,220,320,320,331,381,393,405,455,486,486,519,519,569,275,300,300,320,320,320],"floor_reached":50,"playtime":2048,"items_purged":["Shame","Strike_R"],"score":635,"play_id":"311678d4-1295-4f3f-8820-d8ad6ec10dec","local_time":"20190307161419","is_ascension_mode":false,"campfire_choices":[{"data":"Uppercut","floor":10,"key":"SMITH"},{"data":"Inflame","floor":15,"key":"SMITH"},{"data":"Double Tap","floor":27,"key":"SMITH"},{"data":"Inflame","floor":30,"key":"SMITH"},{"data":"Sword Boomerang","floor":32,"key":"SMITH"},{"data":"Pummel","floor":41,"key":"SMITH"},{"floor":47,"key":"RECALL"},{"floor":49,"key":"DIG"}],"neow_cost":"CURSE","seed_source_timestamp":437891462911300,"circlet_count":0,"master_deck":["Strike_R","Strike_R","Strike_R","Defend_R","Defend_R","Bash","Uppercut+1","Inflame+1","Double Tap+1","Immolate","Inflame+1","Sword Boomerang+1","Berserk+1","Pummel+1","Shrug It Off+1","Shrug It Off+1"],"relics":["Burning Blood","Gambling Chip","SsserpentHead","Happy Flower","Self Forming Clay","Shovel","WingedGreaves","Potion Belt","Cursed Key","Pocketwatch","ClockworkSouvenir","Mummified Hand","Smiling Mask","Omamori","Matryoshka","Frozen Egg 2","White Beast Statue","Bottled Tornado","Ancient Tea Set","Anchor","Regal Pillow","Blood Vial","Bottled Lightning"],"potions_floor_usage":[8,16,16,23,31,37,38,40,45,50,50],"damage_taken":[{"damage":6,"enemies":"Cultist","floor":1,"turns":3},{"damage":9,"enemies":"Jaw Worm","floor":3,"turns":5},{"damage":0,"enemies":"2 Louse","floor":5,"turns":2},{"damage":26,"enemies":"3 Sentries","floor":6,"turns":8},{"damage":0,"enemies":"Large Slime","floor":7,"turns":6},{"damage":26,"enemies":"Lagavulin","floor":8,"turns":5},{"damage":14,"enemies":"3 Sentries","floor":11,"turns":7},{"damage":14,"enemies":"Exordium Thugs","floor":13,"turns":4},{"damage":3,"enemies":"3 Louse","floor":14,"turns":5},{"damage":29,"enemies":"Slime Boss","floor":16,"turns":9},{"damage":5,"enemies":"3 Byrds","floor":18,"turns":3},{"damage":5,"enemies":"Chosen","floor":20,"turns":4},{"damage":21,"enemies":"Book of Stabbing","floor":23,"turns":3},{"damage":1,"enemies":"Snecko","floor":24,"turns":3},{"damage":18,"enemies":"Gremlin Leader","floor":25,"turns":3},{"damage":10,"enemies":"Cultist and Chosen","floor":28,"turns":3},{"damage":0,"enemies":"3 Cultists","floor":29,"turns":2},{"damage":8,"enemies":"Book of Stabbing","floor":31,"turns":2},{"damage":41,"enemies":"Champ","floor":33,"turns":7},{"damage":1,"enemies":"3 Shapes","floor":35,"turns":3},{"damage":7,"enemies":"3 Darklings","floor":37,"turns":2},{"damage":7,"enemies":"4 Shapes","floor":38,"turns":4},{"damage":18,"enemies":"Reptomancer","floor":40,"turns":5},{"damage":9,"enemies":"Giant Head","floor":42,"turns":5},{"damage":25,"enemies":"Reptomancer","floor":46,"turns":4},{"damage":2,"enemies":"Spire Growth","floor":48,"turns":3},{"damage":59,"enemies":"Awakened One","floor":50,"turns":10}],"seed_played":"3623782605230123752","potions_obtained":[{"floor":3,"key":"GamblersBrew"},{"floor":6,"key":"FearPotion"},{"floor":11,"key":"Weak Potion"},{"floor":14,"key":"LiquidBronze"},{"floor":16,"key":"PowerPotion"},{"floor":18,"key":"Fire Potion"},{"floor":29,"key":"AttackPotion"},{"floor":31,"key":"LiquidBronze"},{"floor":33,"key":"AttackPotion"},{"floor":35,"key":"SpeedPotion"},{"floor":37,"key":"AttackPotion"},{"floor":38,"key":"SpeedPotion"},{"floor":40,"key":"Fire Potion"},{"floor":46,"key":"Energy Potion"}],"is_trial":false,"path_per_floor":["M","?","M","$","M","E","M","E","T","R","E","T","M","M","R","B",null,"M","?","M","?","$","E","M","E","T","R","M","M","R","E","R","B",null,"M","?","M","M","?","E","R","E","T","?","$","E","R","M","R","B"],"character_chosen":"IRONCLAD","items_purchased":["Inflame","ClockworkSouvenir","Mummified Hand","Fruit Juice","Regal Pillow"],"campfire_rested":0,"item_purchase_floors":[4,22,22,45,45],"current_hp_per_floor":[80,80,77,77,80,60,66,46,46,46,38,38,30,33,33,10,80,80,80,80,80,80,65,70,58,58,58,54,60,60,58,58,23,80,80,80,79,78,78,66,66,63,63,63,68,49,49,55,55,0],"gold":320,"neow_bonus":"ONE_RARE_RELIC","is_prod":false,"is_daily":false,"chose_seed":false,"campfire_upgraded":6,"win_rate":0,"timestamp":1551971659,"path_taken":["M","?","?","$","?","E","M","E","T","R","E","?","M","M","R","BOSS","M","?","M","?","$","E","M","E","T","R","M","?","R","E","R","BOSS","M","?","M","M","?","E","R","E","T","?","$","E","R","M","R","BOSS"],"build_version":"2019-02-06","purchased_purges":2,"victory":false,"max_hp_per_floor":[80,80,80,80,80,80,80,80,80,80,80,80,80,80,80,80,80,80,80,80,80,80,80,80,80,80,80,80,80,80,80,80,80,80,80,80,80,80,80,80,80,80,80,80,85,85,85,85,85,85],"card_choices":[{"not_picked":["Perfected Strike","Wild Strike","Body Slam"],"picked":"SKIP","floor":1},{"not_picked":["Anger","Warcry"],"picked":"Uppercut","floor":3},{"not_picked":["Cleave","Anger","Seeing Red"],"picked":"SKIP","floor":5},{"not_picked":["Seeing Red","Flame Barrier"],"picked":"Double Tap","floor":6},{"not_picked":["Body Slam","Flex","Iron Wave"],"picked":"SKIP","floor":7},{"not_picked":["Warcry","Burning Pact","Shockwave"],"picked":"SKIP","floor":8},{"not_picked":["Warcry","Burning Pact","Shockwave"],"picked":"SKIP","floor":8},{"not_picked":["Twin Strike","Headbutt","Intimidate"],"picked":"SKIP","floor":11},{"not_picked":["Warcry","Clash","Combust"],"picked":"SKIP","floor":13},{"not_picked":["Iron Wave","Wild Strike","Blood for Blood"],"picked":"SKIP","floor":14},{"not_picked":["Brutality","Double Tap"],"picked":"Immolate","floor":16},{"not_picked":["Thunderclap","Headbutt"],"picked":"Inflame","floor":18},{"not_picked":["Sentinel+1","Warcry","Thunderclap"],"picked":"SKIP","floor":20},{"not_picked":["Thunderclap","Power Through"],"picked":"Sword Boomerang","floor":23},{"not_picked":["Ghostly Armor","Clothesline","Anger"],"picked":"SKIP","floor":24},{"not_picked":["Headbutt","Body Slam+1","Bloodletting"],"picked":"SKIP","floor":25},{"not_picked":["Warcry+1","Flex","Body Slam"],"picked":"SKIP","floor":28},{"not_picked":["Blood for Blood","Entrench+1","Barricade"],"picked":"SKIP","floor":29},{"not_picked":["Combust","Flex","Twin Strike"],"picked":"SKIP","floor":31},{"not_picked":["Dark Embrace+1","Juggernaut+1"],"picked":"Berserk+1","floor":33},{"not_picked":["Combust+1","Perfected Strike","Armaments+1"],"picked":"SKIP","floor":35},{"not_picked":["Intimidate+1","Headbutt+1","Havoc"],"picked":"SKIP","floor":37},{"not_picked":["Dual Wield","Rupture+1"],"picked":"Pummel","floor":38},{"not_picked":["Cleave","Hemokinesis"],"picked":"Shrug It Off+1","floor":40},{"not_picked":["Reaper","Cleave"],"picked":"Shrug It Off+1","floor":42},{"not_picked":["Metallicize+1","Battle Trance","Impervious"],"picked":"SKIP","floor":46},{"not_picked":["True Grit+1","Havoc+1","Sever Soul"],"picked":"SKIP","floor":48}],"player_experience":1227225,"relics_obtained":[{"floor":6,"key":"Happy Flower"},{"floor":8,"key":"Self Forming Clay"},{"floor":9,"key":"Shovel"},{"floor":11,"key":"WingedGreaves"},{"floor":12,"key":"Potion Belt"},{"floor":23,"key":"Smiling Mask"},{"floor":25,"key":"Omamori"},{"floor":26,"key":"Matryoshka"},{"floor":31,"key":"Frozen Egg 2"},{"floor":40,"key":"Bottled Tornado"},{"floor":42,"key":"Ancient Tea Set"},{"floor":43,"key":"Anchor"},{"floor":46,"key":"Blood Vial"},{"floor":49,"key":"Bottled Lightning"}],"event_choices":[{"damage_healed":0,"gold_gain":0,"player_choice":"Trade","damage_taken":0,"relics_obtained":["SsserpentHead"],"max_hp_gain":0,"max_hp_loss":0,"event_name":"FaceTrader","floor":2,"gold_loss":0},{"damage_healed":0,"gold_gain":0,"player_choice":"Opened","damage_taken":0,"relics_obtained":["Pocketwatch"],"max_hp_gain":0,"max_hp_loss":0,"event_name":"The Mausoleum","floor":19,"gold_loss":0},{"cards_removed":["Defend_R"],"damage_healed":0,"gold_gain":0,"player_choice":"Gave Gold","damage_taken":0,"max_hp_gain":0,"max_hp_loss":0,"event_name":"Beggar","floor":21,"gold_loss":75},{"cards_removed":["Defend_R"],"damage_healed":0,"gold_gain":0,"player_choice":"Removed Skill","damage_taken":0,"max_hp_gain":0,"max_hp_loss":0,"event_name":"Falling","floor":36,"gold_loss":0},{"damage_healed":0,"gold_gain":0,"player_choice":"Ignored","damage_taken":0,"max_hp_gain":0,"max_hp_loss":0,"event_name":"Tomb of Lord Red Mask","floor":39,"gold_loss":0},{"cards_removed":["Strike_R"],"damage_healed":0,"gold_gain":0,"player_choice":"Offered Basic","damage_taken":0,"max_hp_gain":0,"max_hp_loss":0,"event_name":"Bonfire Elementals","floor":44,"gold_loss":0}],"is_beta":true,"boss_relics":[{"not_picked":["Calling Bell","Empty Cage"],"picked":"Cursed Key"},{"not_picked":["Black Blood","Fusion Hammer"],"picked":"White Beast Statue"}],"items_purged_floors":[4,45],"is_endless":false,"potions_floor_spawned":[3,6,11,14,16,18,29,31,33,35,37,38,40,42,46,48],"killed_by":"Awakened One","ascension_level":0}