{"gold_per_floor":[118,118,40,60,60,95,115,131,131,158,170,170,182,200,200,295,295,306,306,306,231,241,241,93,93,120,137,168,168],"floor_reached":29,"playtime":2031,"items_purged":["Darkness"],"score":417,"play_id":"5f18f56b-7234-488b-8094-0d494919b6c9","local_time":"20181122171105","is_ascension_mode":true,"campfire_choices":[{"data":"Defragment","floor":12,"key":"SMITH"},{"data":"Coolheaded","floor":15,"key":"SMITH"},{"data":"Creative AI","floor":23,"key":"SMITH"},{"data":"Zap","floor":25,"key":"SMITH"}],"neow_cost":"NONE","seed_source_timestamp":758058329633338,"circlet_count":0,"master_deck":["Defend_B","Defend_B","Defend_B","Zap+1","Dualcast","Conserve Battery","Defragment+1","Coolheaded+1","Self Repair","Creative AI+1","Loop","White Noise","Seek","Steam"],"relics":["Cracked Core","NeowsBlessing","PreservedInsect","Bottled Lightning","Ginger","Coffee Dripper","Dream Catcher","Pear"],"potions_floor_usage":[10,16,16,27,28,29,29],"damage_taken":[{"damage":0,"enemies":"Small Slimes","floor":1,"turns":1},{"damage":0,"enemies":"Jaw Worm","floor":4,"turns":1},{"damage":0,"enemies":"3 Sentries","floor":6,"turns":2},{"damage":0,"enemies":"Cultist","floor":7,"turns":3},{"damage":15,"enemies":"Lots of Slimes","floor":8,"turns":6},{"damage":3,"enemies":"Lagavulin","floor":10,"turns":7},{"damage":0,"enemies":"Large Slime","floor":11,"turns":7},{"damage":1,"enemies":"Looter","floor":13,"turns":5},{"damage":0,"enemies":"Blue Slaver","floor":14,"turns":4},{"damage":22,"enemies":"Hexaghost","floor":16,"turns":10},{"damage":10,"enemies":"Chosen","floor":18,"turns":7},{"damage":22,"enemies":"Shell Parasite","floor":22,"turns":5},{"damage":9,"enemies":"Snake Plant","floor":27,"turns":4},{"damage":8,"enemies":"Book of Stabbing","floor":28,"turns":5},{"damage":63,"enemies":"Cultist and Chosen","floor":29,"turns":5}],"seed_played":"-9041404172600051495","potions_obtained":[{"floor":4,"key":"SkillPotion"},{"floor":6,"key":"Ancient Potion"},{"floor":13,"key":"GamblersBrew"},{"floor":14,"key":"PowerPotion"},{"floor":16,"key":"Dexterity Potion"},{"floor":27,"key":"Fruit Juice"},{"floor":28,"key":"Explosive Potion"}],"is_trial":false,"path_per_floor":["M","?","$","M","?","E","M","M","T","E","M","R","M","M","R","B",null,"M","?","?","?","M","R","$","R","T","M","E","M"],"character_chosen":"DEFECT","items_purchased":["Defragment","FocusPotion"],"campfire_rested":0,"item_purchase_floors":[3,24],"current_hp_per_floor":[68,61,61,61,61,61,61,46,46,50,57,57,63,70,70,55,70,67,67,67,67,52,52,52,52,52,55,57,0],"gold":168,"neow_bonus":"THREE_ENEMY_KILL","is_prod":false,"is_daily":false,"chose_seed":false,"campfire_upgraded":4,"win_rate":0,"timestamp":1542942665,"path_taken":["M","?","$","M","?","E","M","M","T","E","M","R","?","?","R","BOSS","M","?","?","?","M","R","?","R","T","M","E","?"],"build_version":"2018-11-15","purchased_purges":1,"victory":false,"max_hp_per_floor":[75,75,75,75,75,75,75,75,75,75,75,75,75,75,75,75,75,75,75,75,75,75,75,75,75,75,80,90,90],"card_choices":[{"not_picked":["Steam","Cold Snap"],"picked":"Conserve Battery","floor":1},{"not_picked":["Redo","Steam","Hologram"],"picked":"SKIP","floor":4},{"not_picked":["Streamline","Stack","Fission"],"picked":"SKIP","floor":6},{"not_picked":["Self Repair","Redo"],"picked":"Coolheaded","floor":7},{"not_picked":["Turbo","Redo"],"picked":"Self Repair","floor":8},{"not_picked":["Rebound","Leap","Sweeping Beam"],"picked":"SKIP","floor":10},{"not_picked":["Stack","Redo","Turbo"],"picked":"SKIP","floor":11},{"not_picked":["Thunder Strike","Sweeping Beam","Barrage"],"picked":"SKIP","floor":13},{"not_picked":["Streamline","Leap"],"picked":"Darkness","floor":14},{"not_picked":["Echo Form","Rainbow"],"picked":"Creative AI","floor":16},{"not_picked":["Stack","Gash+1","Sweeping Beam"],"picked":"SKIP","floor":18},{"not_picked":["Ball Lightning","Recycle"],"picked":"Steam","floor":22},{"not_picked":["Compile Driver","Barrage","Doom and Gloom"],"picked":"SKIP","floor":27},{"not_picked":["Barrage","Scrape+1","Redo"],"picked":"SKIP","floor":28}],"player_experience":320382,"relics_obtained":[{"floor":6,"key":"PreservedInsect"},{"floor":9,"key":"Bottled Lightning"},{"floor":10,"key":"Ginger"},{"floor":26,"key":"Dream Catcher"},{"floor":28,"key":"Pear"}],"event_choices":[{"cards_removed":["Strike_B"],"damage_healed":0,"gold_gain":0,"player_choice":"Card Removal","damage_taken":7,"max_hp_gain":0,"max_hp_loss":0,"event_name":"Golden Wing","floor":2,"gold_loss":0},{"cards_removed":["Strike_B"],"damage_healed":0,"gold_gain":0,"player_choice":"Card Removal","damage_taken":0,"max_hp_gain":0,"max_hp_loss":0,"event_name":"Wheel of Change","floor":5,"gold_loss":0},{"damage_healed":0,"gold_gain":0,"player_choice":"Read","damage_taken":0,"max_hp_gain":0,"max_hp_loss":0,"event_name":"The Library","floor":19,"gold_loss":0,"cards_obtained":["Loop"]},{"damage_healed":0,"gold_gain":0,"cards_transformed":["Strike_B","Strike_B"],"player_choice":"Became Test Subject","damage_taken":0,"max_hp_gain":0,"max_hp_loss":0,"event_name":"Drug Dealer","floor":20,"gold_loss":0,"cards_obtained":["White Noise","Seek"]},{"cards_removed":["Defend_B"],"damage_healed":0,"gold_gain":0,"player_choice":"Gave Gold","damage_taken":0,"max_hp_gain":0,"max_hp_loss":0,"event_name":"Beggar","floor":21,"gold_loss":75}],"is_beta":false,"boss_relics":[{"not_picked":["Lizard Tail","Pandora\u0027s Box"],"picked":"Coffee Dripper"}],"items_purged_floors":[24],"is_endless":false,"potions_floor_spawned":[4,6,13,14,16,27,28],"killed_by":"Cultist and Chosen","ascension_level":8}