{"gold_per_floor":[116,116,126,201,151,186,197,222,248,273,285,311,333,379,391,403,415,446,487,355,355,355],"floor_reached":22,"playtime":1216,"items_purged":["Strike_R"],"score":255,"play_id":"44841800-a51d-4d74-886a-5f9f4ae72878","local_time":"20180905225638","is_ascension_mode":true,"campfire_choices":[{"floor":11.0,"key":"REST"},{"floor":15.0,"key":"REST"}],"neow_cost":"NONE","seed_source_timestamp":0,"circlet_count":0,"master_deck":["Strike_R+1","Strike_R","Strike_R","Defend_R","Defend_R","Defend_R","Defend_R","Bash","Pommel Strike+1","Thunderclap","Ghostly Armor","Armaments+1","Uppercut","Bludgeon","Heavy Blade","Cleave+1","Havoc+1","Finesse+1"],"special_seed":0,"relics":["Burning Blood","Boot","The Courier","Vajra","Toxic Egg 2","MawBank","Whetstone","Lizard Tail","Red Mask","Nilry\u0027s Codex"],"potions_floor_usage":[19,19],"damage_taken":[{"damage":10.0,"enemies":"Cultist","floor":1.0,"turns":5.0},{"damage":7.0,"enemies":"Jaw Worm","floor":3.0,"turns":3.0},{"damage":32.0,"enemies":"Gremlin Nob","floor":6.0,"turns":4.0},{"damage":0.0,"enemies":"2 Louse","floor":7.0,"turns":3.0},{"damage":45.0,"enemies":"3 Sentries","floor":8.0,"turns":11.0},{"damage":2.0,"enemies":"Large Slime","floor":10.0,"turns":3.0},{"damage":4.0,"enemies":"2 Fungi Beasts","floor":12.0,"turns":3.0},{"damage":8.0,"enemies":"Blue Slaver","floor":13.0,"turns":3.0},{"damage":24.0,"enemies":"Gremlin Nob","floor":14.0,"turns":4.0},{"damage":36.0,"enemies":"Slime Boss","floor":16.0,"turns":13.0},{"damage":39.0,"enemies":"Spheric Guardian","floor":18.0,"turns":7.0},{"damage":59,"enemies":"Masked Bandits","floor":19,"turns":6},{"damage":21,"enemies":"3 Byrds","floor":22,"turns":4}],"seed_played":"-2210207214196490457","potions_obtained":[{"floor":1.0,"key":"AttackPotion"},{"floor":3.0,"key":"BloodPotion"},{"floor":8.0,"key":"Fire Potion"},{"floor":12.0,"key":"SpeedPotion"},{"floor":14.0,"key":"Block Potion"},{"floor":18.0,"key":"BloodPotion"}],"is_trial":false,"path_per_floor":["M","T","M","?","?","E","M","E","T","M","R","M","M","E","R","B",null,"M","?","$","?"],"character_chosen":"IRONCLAD","items_purchased":["Finesse+1"],"campfire_rested":2,"item_purchase_floors":[20],"current_hp_per_floor":[76,76,75,67,67,49,55,16,16,20,44,46,44,26,50,20,65,32,46,46,30,9],"gold":355,"neow_bonus":"RANDOM_COMMON_RELIC","is_prod":false,"is_daily":false,"chose_seed":false,"campfire_upgraded":0,"win_rate":0,"timestamp":1536213398,"path_taken":["M","?","M","?","?","E","M","E","T","M","R","M","?","E","R","BOSS","M","?","$","?","?"],"build_version":"2018-09-04-v2","purchased_purges":1,"victory":false,"max_hp_per_floor":[80,80,80,80,80,80,80,80,80,80,80,80,80,80,80,80,80,80,80,80,80,80],"card_choices":[{"not_picked":["Power Through","Clash","Headbutt"],"picked":"SKIP","floor":1.0},{"not_picked":["Clash","Anger"],"picked":"Pommel Strike","floor":3.0},{"not_picked":["Body Slam","Iron Wave"],"picked":"Thunderclap","floor":6.0},{"not_picked":["Hemokinesis","Anger"],"picked":"Ghostly Armor","floor":7.0},{"not_picked":["True Grit","Thunderclap"],"picked":"Armaments","floor":8.0},{"not_picked":["Havoc+1","Dual Wield+1"],"picked":"Uppercut","floor":10.0},{"not_picked":["Rupture","Clash","Clothesline"],"picked":"SKIP","floor":12.0},{"not_picked":["Havoc+1","Sword Boomerang"],"picked":"Bludgeon","floor":13.0},{"not_picked":["Havoc+1","Twin Strike"],"picked":"Heavy Blade","floor":14.0},{"not_picked":["Anger","Thunderclap"],"picked":"Cleave+1","floor":18.0},{"not_picked":["Corruption","Heavy Blade"],"picked":"Havoc+1","floor":19}],"player_experience":250084,"relics_obtained":[{"floor":2.0,"key":"The Courier"},{"floor":6.0,"key":"Vajra"},{"floor":8.0,"key":"Toxic Egg 2"},{"floor":9.0,"key":"MawBank"},{"floor":14.0,"key":"Whetstone"},{"floor":19,"key":"Red Mask"},{"floor":21,"key":"Nilry\u0027s Codex"}],"event_choices":[{"event_name":"FaceTrader","player_choice":"Touch","floor":4.0,"damage_taken":0.0},{"event_name":"The Cleric","player_choice":"Card Removal","floor":5.0,"damage_taken":0.0},{"event_name":"Masked Bandits","player_choice":"Fought Bandits","floor":19,"damage_taken":0},{"event_name":"Cursed Tome","player_choice":"Obtained Book","floor":21,"damage_taken":0}],"is_beta":true,"boss_relics":[{"not_picked":["Runic Pyramid","Orrery"],"picked":"Lizard Tail"}],"items_purged_floors":[20],"is_endless":false,"potions_floor_spawned":[1,3,8,12,14,16,18],"killed_by":"3 Byrds","ascension_level":5}