{"gold_per_floor":[117,117,117,136,159,159,159,38,38,63,86,86,102,117,117,240,240,260,274,289,302,315,315,331,76,152,102,39,64,64,64],"floor_reached":31,"playtime":974,"items_purged":["Defend_R","Evolve+1","Exhume+1"],"score":233,"play_id":"6c78ac88-6cf6-4f7a-b8ec-38561ba41af3","local_time":"20190217215219","is_ascension_mode":false,"campfire_choices":[{"data":"Bash","floor":6,"key":"SMITH"},{"floor":15,"key":"REST"},{"floor":23,"key":"REST"},{"floor":30,"key":"REST"}],"neow_cost":"NONE","seed_source_timestamp":64487579422000,"circlet_count":0,"master_deck":["Strike_R","Strike_R","Strike_R","Bash+1","Shrug It Off","Clash","Juggernaut+1"],"relics":["Burning Blood","Golden Idol","Astrolabe","Membership Card","Frozen Egg 2"],"potions_floor_usage":[10,16,18,22,24],"damage_taken":[{"damage":1,"enemies":"2 Louse","floor":1,"turns":3},{"damage":8,"enemies":"Jaw Worm","floor":4,"turns":4},{"damage":1,"enemies":"Cultist","floor":5,"turns":3},{"damage":5,"enemies":"Lots of Slimes","floor":10,"turns":6},{"damage":8,"enemies":"Large Slime","floor":11,"turns":6},{"damage":32,"enemies":"Exordium Thugs","floor":13,"turns":8},{"damage":0,"enemies":"Blue Slaver","floor":14,"turns":5},{"damage":31,"enemies":"The Guardian","floor":16,"turns":10},{"damage":12,"enemies":"3 Byrds","floor":18,"turns":6},{"damage":16,"enemies":"Spheric Guardian","floor":19,"turns":4},{"damage":30,"enemies":"Centurion and Healer","floor":20,"turns":6},{"damage":14,"enemies":"Snecko","floor":21,"turns":4},{"damage":26,"enemies":"Shelled Parasite and Fungi","floor":22,"turns":4},{"damage":7,"enemies":"Centurion and Healer","floor":24,"turns":6},{"damage":21,"enemies":"Snake Plant","floor":29,"turns":4},{"damage":0,"enemies":"Slavers","floor":31,"turns":1}],"seed_played":"3103675485355107662","potions_obtained":[{"floor":4,"key":"SneckoOil"},{"floor":13,"key":"Fire Potion"},{"floor":14,"key":"Fire Potion"},{"floor":16,"key":"SkillPotion"},{"floor":18,"key":"PowerPotion"},{"floor":20,"key":"EssenceOfSteel"},{"floor":22,"key":"SpeedPotion"}],"is_trial":false,"path_per_floor":["M","?","?","M","M","R","?","$","T","M","M","$","M","M","R","B",null,"M","M","M","M","M","R","M","$","T","?","$","M","R","E"],"character_chosen":"IRONCLAD","items_purchased":["Shrug It Off","Membership Card"],"campfire_rested":3,"item_purchase_floors":[8,25],"current_hp_per_floor":[80,60,60,58,63,63,63,63,63,64,62,62,36,42,66,41,80,74,64,40,32,12,36,35,35,35,35,35,20,44,44],"gold":64,"neow_bonus":"REMOVE_CARD","is_prod":false,"is_daily":false,"chose_seed":false,"campfire_upgraded":1,"win_rate":0,"timestamp":1550436739,"path_taken":["M","?","?","M","M","R","?","$","T","M","M","$","M","?","R","BOSS","M","M","M","M","M","R","M","?","T","?","$","?","R","E"],"build_version":"2019-02-06","purchased_purges":3,"victory":false,"max_hp_per_floor":[80,80,80,80,80,80,80,80,80,80,80,80,80,80,80,80,80,80,80,80,80,80,80,80,80,80,80,80,80,80,80],"card_choices":[{"not_picked":["Flex","Heavy Blade","Clothesline"],"picked":"SKIP","floor":1},{"not_picked":["Sword Boomerang","Reckless Charge","Iron Wave"],"picked":"SKIP","floor":4},{"not_picked":["Cleave","Sword Boomerang","Exhume"],"picked":"SKIP","floor":5},{"not_picked":["Flex","Disarm","Entrench"],"picked":"SKIP","floor":10},{"not_picked":["Rage","Clothesline","Evolve"],"picked":"SKIP","floor":11},{"not_picked":["Rage","Clothesline","Evolve"],"picked":"SKIP","floor":11},{"not_picked":["Corruption","Headbutt","Sentinel"],"picked":"SKIP","floor":13},{"not_picked":["Headbutt","Flame Barrier"],"picked":"Clash","floor":14},{"not_picked":["Whirlwind+1","Heavy Blade","Sentinel"],"picked":"SKIP","floor":18},{"not_picked":["Warcry","Body Slam","Heavy Blade"],"picked":"SKIP","floor":19},{"not_picked":["Thunderclap","Sentinel","Bloodletting"],"picked":"SKIP","floor":20},{"not_picked":["Seeing Red","Pommel Strike","Hemokinesis+1"],"picked":"SKIP","floor":21},{"not_picked":["Pommel Strike+1","Blood for Blood","Thunderclap"],"picked":"SKIP","floor":22},{"not_picked":["Clash","Wild Strike","Rage"],"picked":"SKIP","floor":24},{"not_picked":["Blood for Blood+1","Heavy Blade","Rage"],"picked":"SKIP","floor":29}],"player_experience":1154371,"relics_obtained":[{"floor":26,"key":"Frozen Egg 2"}],"event_choices":[{"damage_healed":0,"gold_gain":0,"player_choice":"Take Damage","damage_taken":20,"relics_obtained":["Golden Idol"],"max_hp_gain":0,"max_hp_loss":0,"event_name":"Golden Idol","floor":2,"gold_loss":0},{"cards_removed":["Defend_R"],"damage_healed":0,"gold_gain":0,"player_choice":"Forget","damage_taken":0,"max_hp_gain":0,"max_hp_loss":0,"event_name":"Living Wall","floor":3,"gold_loss":0},{"damage_healed":0,"gold_gain":0,"cards_transformed":["Strike_R"],"player_choice":"Transformed","damage_taken":0,"max_hp_gain":0,"max_hp_loss":0,"event_name":"Transmorgrifier","floor":7,"gold_loss":0,"cards_obtained":["Metallicize"]},{"damage_healed":0,"gold_gain":0,"player_choice":"Bet on Murderer","damage_taken":0,"max_hp_gain":0,"max_hp_loss":0,"event_name":"The Joust","floor":27,"gold_loss":50}],"is_beta":true,"boss_relics":[{"not_picked":["Coffee Dripper","Velvet Choker"],"picked":"Astrolabe"}],"items_purged_floors":[8,25,28],"is_endless":false,"potions_floor_spawned":[4,13,14,16,18,20,22],"killed_by":"Slavers","ascension_level":0}