{"gold_per_floor":[216,230,380,399,25,25,54,54,54,65,76,76,76,94,94,167,167,179,229,41,57,68,68,85,85,85,96,96,108,108,158,158,158],"floor_reached":33,"playtime":1372,"items_purged":["Doubt","Defend_G"],"score":478,"play_id":"0393aa07-19a1-4a2d-b2c7-80103bc0700c","local_time":"20190116234211","is_ascension_mode":true,"campfire_choices":[{"data":"Dagger Spray","floor":6,"key":"SMITH"},{"floor":8,"key":"REST"},{"floor":12,"key":"REST"},{"data":"A Thousand Cuts","floor":15,"key":"SMITH"},{"floor":23,"key":"REST"},{"floor":25,"key":"REST"},{"data":"Cloak And Dagger","floor":28,"key":"SMITH"},{"floor":30,"key":"REST"},{"data":"Leg Sweep","floor":32,"key":"SMITH"}],"neow_cost":"NONE","seed_source_timestamp":617248636618200,"circlet_count":0,"master_deck":["AscendersBane","Defend_G","Defend_G","Defend_G","Defend_G","Strike_G","Strike_G","Strike_G","Strike_G","Strike_G","Survivor","Neutralize","Dagger Spray+1","Cloak And Dagger+1","A Thousand Cuts+1","Dash","Adrenaline","Deflect","Backflip","Die Die Die","Leg Sweep+1","Blade Dance","Blur","Calculated Gamble"],"relics":["Ring of the Snake","Juzu Bracelet","Odd Mushroom","Bottled Tornado","Philosopher\u0027s Stone","Mummified Hand"],"potions_floor_usage":[4,16,22,33,33],"damage_taken":[{"damage":11,"enemies":"Jaw Worm","floor":1,"turns":7},{"damage":7,"enemies":"Small Slimes","floor":2,"turns":4},{"damage":4,"enemies":"Cultist","floor":4,"turns":3},{"damage":17,"enemies":"The Mushroom Lair","floor":7,"turns":4},{"damage":4,"enemies":"Blue Slaver","floor":10,"turns":5},{"damage":14,"enemies":"Exordium Thugs","floor":11,"turns":4},{"damage":0,"enemies":"3 Louse","floor":14,"turns":3},{"damage":25,"enemies":"The Guardian","floor":16,"turns":17},{"damage":11,"enemies":"Spheric Guardian","floor":18,"turns":4},{"damage":17,"enemies":"Shell Parasite","floor":21,"turns":6},{"damage":0,"enemies":"Cultist and Chosen","floor":22,"turns":7},{"damage":27,"enemies":"Snake Plant","floor":24,"turns":5},{"damage":0,"enemies":"Centurion and Healer","floor":27,"turns":7},{"damage":12,"enemies":"Shelled Parasite and Fungi","floor":29,"turns":9},{"damage":50,"enemies":"Automaton","floor":33,"turns":6}],"seed_played":"-3100948105037147513","potions_obtained":[{"floor":1,"key":"FearPotion"},{"floor":2,"key":"FairyPotion"},{"floor":10,"key":"PowerPotion"},{"floor":16,"key":"Block Potion"},{"floor":21,"key":"Dexterity Potion"},{"floor":24,"key":"PowerPotion"}],"is_trial":false,"path_per_floor":["M","M","?","M","$","R","?","R","T","M","M","R","?","M","R","B",null,"M","?","$","M","M","R","M","R","T","M","R","M","R","?","R","B"],"character_chosen":"THE_SILENT","items_purchased":["Juzu Bracelet","Cloak And Dagger","A Thousand Cuts","Leg Sweep"],"campfire_rested":5,"item_purchase_floors":[5,5,5,20],"current_hp_per_floor":[48,41,41,37,37,37,20,39,39,35,21,40,66,66,66,41,60,49,49,49,32,32,51,24,43,43,43,43,31,50,50,50,0],"gold":158,"neow_bonus":"HUNDRED_GOLD","is_prod":false,"is_daily":false,"chose_seed":false,"campfire_upgraded":4,"win_rate":0,"timestamp":1547678531,"path_taken":["M","M","?","M","$","R","?","R","T","M","M","R","?","M","R","BOSS","M","?","$","M","M","R","M","R","T","M","R","M","R","?","R","BOSS"],"build_version":"2019-01-14v2","purchased_purges":2,"victory":false,"max_hp_per_floor":[66,66,66,66,66,66,66,66,66,66,66,66,66,66,66,66,66,66,66,66,66,66,66,66,66,66,66,66,66,66,66,66,66],"card_choices":[{"not_picked":["Flying Knee","Quick Slash"],"picked":"Well Laid Plans","floor":1},{"not_picked":["Dagger Throw","Cloak And Dagger"],"picked":"Dagger Spray","floor":2},{"not_picked":["Heel Hook","Dagger Throw","Underhanded Strike"],"picked":"SKIP","floor":4},{"not_picked":["Underhanded Strike","Deadly Poison"],"picked":"Dash","floor":7},{"not_picked":["PiercingWail","Heel Hook"],"picked":"Adrenaline","floor":10},{"not_picked":["Quick Slash","Calculated Gamble"],"picked":"Deflect","floor":11},{"not_picked":["Outmaneuver","Underhanded Strike"],"picked":"Backflip","floor":14},{"not_picked":["Tools of the Trade","Grand Finale"],"picked":"Die Die Die","floor":16},{"not_picked":["All Out Attack","Deadly Poison+1","Dagger Spray"],"picked":"SKIP","floor":18},{"not_picked":["Outmaneuver","Flechettes","Expertise"],"picked":"SKIP","floor":21},{"not_picked":["Dash","Acrobatics","Dagger Spray"],"picked":"SKIP","floor":22},{"not_picked":["Dash","Acrobatics"],"picked":"Blade Dance","floor":24},{"not_picked":["Quick Slash+1","Concentrate"],"picked":"Blur","floor":27},{"not_picked":["Quick Slash","Underhanded Strike"],"picked":"Calculated Gamble","floor":29}],"player_experience":1045714,"relics_obtained":[{"floor":7,"key":"Odd Mushroom"},{"floor":9,"key":"Bottled Tornado"},{"floor":26,"key":"Mummified Hand"}],"event_choices":[{"damage_healed":0,"gold_gain":150,"player_choice":"AGREE","damage_taken":0,"max_hp_gain":0,"max_hp_loss":0,"event_name":"Liars Game","floor":3,"gold_loss":0,"cards_obtained":["Doubt"]},{"damage_healed":0,"gold_gain":0,"player_choice":"Fought Mushrooms","damage_taken":0,"max_hp_gain":0,"max_hp_loss":0,"event_name":"Mushrooms","floor":7,"gold_loss":0},{"cards_removed":["Well Laid Plans"],"damage_healed":26,"gold_gain":0,"player_choice":"Offered Uncommon","damage_taken":0,"max_hp_gain":0,"max_hp_loss":0,"event_name":"Bonfire Elementals","floor":13,"gold_loss":0},{"damage_healed":0,"gold_gain":50,"player_choice":"Stole From Cult","damage_taken":0,"max_hp_gain":0,"max_hp_loss":0,"event_name":"Nest","floor":19,"gold_loss":0},{"damage_healed":0,"gold_gain":50,"player_choice":"Pray","damage_taken":0,"max_hp_gain":0,"max_hp_loss":0,"event_name":"Golden Shrine","floor":31,"gold_loss":0}],"is_beta":true,"boss_relics":[{"not_picked":["Calling Bell","Busted Crown"],"picked":"Philosopher\u0027s Stone"}],"items_purged_floors":[5,20],"is_endless":false,"potions_floor_spawned":[1,2,10,16,21,24],"killed_by":"Automaton","ascension_level":20}