{"gold_per_floor":[119,119,139,154,177,177,187,199,250,250,283,283,300,300,300,398,398,412,412,412],"floor_reached":20,"playtime":465,"items_purged":[],"score":348,"play_id":"41084d09-b34b-48ce-8f93-02a85b42af0c","local_time":"20190409000825","is_ascension_mode":true,"campfire_choices":[{"data":"Demon Form","floor":6,"key":"SMITH"},{"floor":10,"key":"REST"},{"data":"Twin Strike","floor":12,"key":"SMITH"},{"data":"Sword Boomerang","floor":15,"key":"SMITH"}],"neow_cost":"TEN_PERCENT_HP_LOSS","seed_source_timestamp":119344578791400,"circlet_count":0,"master_deck":["AscendersBane","Strike_R","Strike_R","Strike_R","Strike_R","Strike_R","Defend_R","Defend_R","Defend_R","Defend_R","Bash+1","Demon Form+1","Twin Strike+1","Sword Boomerang+1","Limit Break","Writhe"],"relics":["Burning Blood","Potion Belt","Strawberry","Dream Catcher","Golden Idol","Velvet Choker","Smiling Mask"],"potions_floor_usage":[11,11,16,20],"damage_taken":[{"damage":11,"enemies":"Jaw Worm","floor":1,"turns":5},{"damage":4,"enemies":"Small Slimes","floor":3,"turns":4},{"damage":11,"enemies":"2 Louse","floor":4,"turns":2},{"damage":20,"enemies":"Red Slaver","floor":7,"turns":4},{"damage":12,"enemies":"Looter","floor":8,"turns":4},{"damage":8,"enemies":"Gremlin Nob","floor":11,"turns":3},{"damage":9,"enemies":"2 Fungi Beasts","floor":13,"turns":3},{"damage":59,"enemies":"Slime Boss","floor":16,"turns":8},{"damage":38,"enemies":"3 Byrds","floor":18,"turns":6},{"damage":36,"enemies":"Shell Parasite","floor":20,"turns":4}],"seed_played":"3479506747788715511","potions_obtained":[{"floor":3,"key":"Energy Potion"},{"floor":4,"key":"Poison Potion"},{"floor":7,"key":"Weak Potion"},{"floor":16,"key":"Regen Potion"}],"is_trial":false,"path_per_floor":["M","?","M","M","T","R","M","M","T","R","E","R","M","?","R","B",null,"M","?","M"],"character_chosen":"IRONCLAD","items_purchased":[],"campfire_rested":1,"item_purchase_floors":[],"current_hp_per_floor":[63,63,65,60,60,60,46,40,47,69,67,67,64,64,64,11,54,22,22,0],"gold":412,"neow_bonus":"THREE_RARE_CARDS","is_prod":false,"is_daily":false,"chose_seed":false,"campfire_upgraded":3,"win_rate":0,"timestamp":1554761305,"path_taken":["M","?","M","M","?","R","M","M","T","R","E","R","M","?","R","BOSS","M","?","M"],"build_version":"2019-04-04","purchased_purges":0,"victory":false,"max_hp_per_floor":[68,68,68,68,68,68,68,68,75,75,75,75,75,68,68,68,68,68,68,68],"card_choices":[{"not_picked":["Dark Embrace","Brutality"],"picked":"Demon Form","floor":0},{"not_picked":["Anger","Warcry","Searing Blow"],"picked":"SKIP","floor":1},{"not_picked":["Rage","Perfected Strike"],"picked":"Twin Strike","floor":3},{"not_picked":["Warcry","Headbutt","True Grit"],"picked":"SKIP","floor":4},{"not_picked":["Shockwave","Rampage","Headbutt"],"picked":"SKIP","floor":7},{"not_picked":["Thunderclap","Body Slam","Wild Strike"],"picked":"SKIP","floor":8},{"not_picked":["Flex","Carnage"],"picked":"Sword Boomerang","floor":11},{"not_picked":["Infernal Blade","Twin Strike","Cleave"],"picked":"SKIP","floor":13},{"not_picked":["Immolate","Bludgeon"],"picked":"Limit Break","floor":16},{"not_picked":["Flex","Entrench","Uppercut"],"picked":"SKIP","floor":18}],"player_experience":1348750,"relics_obtained":[{"floor":5,"key":"Potion Belt"},{"floor":9,"key":"Strawberry"},{"floor":11,"key":"Dream Catcher"}],"event_choices":[{"damage_healed":0,"gold_gain":0,"player_choice":"Grow","damage_taken":0,"max_hp_gain":0,"max_hp_loss":0,"event_name":"Living Wall","floor":2,"gold_loss":0,"cards_upgraded":["Bash"]},{"damage_healed":0,"gold_gain":0,"player_choice":"Lose Max HP","damage_taken":0,"relics_obtained":["Golden Idol"],"max_hp_gain":0,"max_hp_loss":7,"event_name":"Golden Idol","floor":14,"gold_loss":0},{"damage_healed":0,"gold_gain":0,"player_choice":"Opened","damage_taken":0,"relics_obtained":["Smiling Mask"],"max_hp_gain":0,"max_hp_loss":0,"event_name":"The Mausoleum","floor":19,"gold_loss":0,"cards_obtained":["Writhe"]}],"is_beta":true,"boss_relics":[{"not_picked":["Eternal Feather","Fusion Hammer"],"picked":"Velvet Choker"}],"items_purged_floors":[],"is_endless":false,"potions_floor_spawned":[3,4,7,16],"killed_by":"Shell Parasite","ascension_level":20}