{"gold_per_floor":[369,369,95,95,114,114,146,146,225,245,269,295,295,321,321,321],"floor_reached":16,"playtime":401,"items_purged":[],"score":232,"play_id":"d513aac2-aa7b-4efe-97dc-cd6a5117436b","local_time":"20190414013010","is_ascension_mode":true,"campfire_choices":[{"floor":6,"key":"REST"},{"floor":8,"key":"REST"},{"floor":13,"key":"REST"},{"data":"Twin Strike","floor":15,"key":"SMITH"}],"neow_cost":"PERCENT_DAMAGE","seed_source_timestamp":303128442331800,"circlet_count":0,"master_deck":["AscendersBane","Strike_R","Strike_R","Strike_R","Strike_R","Strike_R","Defend_R","Defend_R","Defend_R","Bash+1","Twin Strike+1","Sword Boomerang","Heavy Blade"],"relics":["Burning Blood","Mercury Hourglass","Dead Branch","Paper Frog","PreservedInsect","Lantern"],"potions_floor_usage":[16],"damage_taken":[{"damage":14,"enemies":"Jaw Worm","floor":1,"turns":4},{"damage":1,"enemies":"2 Louse","floor":5,"turns":2},{"damage":30,"enemies":"3 Sentries","floor":7,"turns":7},{"damage":0,"enemies":"Cultist","floor":10,"turns":2},{"damage":45,"enemies":"Lagavulin","floor":12,"turns":6},{"damage":20,"enemies":"3 Sentries","floor":14,"turns":4},{"damage":43,"enemies":"The Guardian","floor":16,"turns":7}],"seed_played":"4352919959032942381","potions_obtained":[{"floor":1,"key":"GamblersBrew"},{"floor":10,"key":"Swift Potion"}],"is_trial":false,"path_per_floor":["M","?","$","?","M","R","E","R","T","M","T","E","R","E","R","B"],"character_chosen":"IRONCLAD","items_purchased":["Mercury Hourglass"],"campfire_rested":3,"item_purchase_floors":[3],"current_hp_per_floor":[42,42,42,42,47,69,45,67,67,73,73,34,56,42,42,0],"gold":321,"neow_bonus":"TWO_FIFTY_GOLD","is_prod":false,"is_daily":false,"chose_seed":false,"campfire_upgraded":1,"win_rate":0,"timestamp":1555198210,"path_taken":["M","?","$","?","?","R","E","R","T","M","?","E","R","E","R","BOSS"],"build_version":"2019-04-04","purchased_purges":0,"victory":false,"max_hp_per_floor":[75,75,75,75,75,75,75,75,75,75,75,75,75,75,75,75],"card_choices":[{"not_picked":["Combust","Dropkick","Corruption"],"picked":"SKIP","floor":1},{"not_picked":["Thunderclap","Cleave"],"picked":"Twin Strike","floor":5},{"not_picked":["Armaments","Flex"],"picked":"Sword Boomerang","floor":7},{"not_picked":["Sever Soul","Clothesline","Armaments"],"picked":"SKIP","floor":10},{"not_picked":["Warcry","Clash"],"picked":"Heavy Blade","floor":12},{"not_picked":["Evolve","Rage","Dropkick"],"picked":"SKIP","floor":14}],"player_experience":1383802,"relics_obtained":[{"floor":7,"key":"Dead Branch"},{"floor":9,"key":"Paper Frog"},{"floor":12,"key":"PreservedInsect"},{"floor":14,"key":"Lantern"}],"event_choices":[{"damage_healed":0,"gold_gain":0,"player_choice":"Grow","damage_taken":0,"max_hp_gain":0,"max_hp_loss":0,"event_name":"Living Wall","floor":2,"gold_loss":0,"cards_upgraded":["Bash"]},{"cards_removed":["Defend_R"],"damage_healed":0,"gold_gain":0,"player_choice":"Offered Basic","damage_taken":0,"max_hp_gain":0,"max_hp_loss":0,"event_name":"Bonfire Elementals","floor":4,"gold_loss":0}],"is_beta":true,"boss_relics":[],"items_purged_floors":[],"is_endless":false,"potions_floor_spawned":[1,10],"killed_by":"The Guardian","ascension_level":20}