{"gold_per_floor":[113,38,49,49,74,86,96,96,96,115,128,128,159,169,169,270,270,284,254,272,286,211,211,111,111,111,131,131],"floor_reached":28,"playtime":889,"items_purged":["Defend_G","Doubt"],"score":222,"play_id":"2d793143-0f9d-4978-a49b-c50195164f4a","local_time":"20190225004023","is_ascension_mode":false,"campfire_choices":[{"data":"Neutralize","floor":12,"key":"SMITH"},{"data":"Catalyst","floor":15,"key":"SMITH"},{"data":"Noxious Fumes","floor":23,"key":"SMITH"},{"data":"Poisoned Stab","floor":25,"key":"SMITH"}],"neow_cost":"NONE","seed_source_timestamp":433901915124400,"circlet_count":0,"master_deck":["Defend_G","Defend_G","Defend_G","Defend_G","Strike_G","Strike_G","Strike_G","Strike_G","Strike_G","Survivor","Neutralize+1","Poisoned Stab+1","Corpse Explosion+1","Noxious Fumes+1","Catalyst+1","Adrenaline","Decay","Writhe","Noxious Fumes+1","Backflip"],"relics":["Ring of the Snake","Pen Nib","Boot","Blood Vial","Strawberry","Calling Bell","Anchor","Ornamental Fan","Bird Faced Urn"],"potions_floor_usage":[10,13,21,27,28],"damage_taken":[{"damage":1,"enemies":"Cultist","floor":1,"turns":4},{"damage":0,"enemies":"2 Louse","floor":3,"turns":3},{"damage":0,"enemies":"Jaw Worm","floor":6,"turns":3},{"damage":0,"enemies":"Blue Slaver","floor":7,"turns":4},{"damage":1,"enemies":"Red Slaver","floor":10,"turns":4},{"damage":7,"enemies":"Looter","floor":11,"turns":3},{"damage":10,"enemies":"Lagavulin","floor":13,"turns":6},{"damage":3,"enemies":"Large Slime","floor":14,"turns":4},{"damage":24,"enemies":"Slime Boss","floor":16,"turns":9},{"damage":10,"enemies":"2 Thieves","floor":18,"turns":3},{"damage":9,"enemies":"3 Byrds","floor":20,"turns":3},{"damage":37,"enemies":"Shelled Parasite and Fungi","floor":21,"turns":6},{"damage":29,"enemies":"Snake Plant","floor":27,"turns":4},{"damage":31,"enemies":"Sentry and Sphere","floor":28,"turns":3}],"seed_played":"-6225385257149972835","potions_obtained":[{"floor":0,"key":"SpeedPotion"},{"floor":0,"key":"Weak Potion"},{"floor":0,"key":"SkillPotion"},{"floor":1,"key":"Regen Potion"},{"floor":10,"key":"Poison Potion"},{"floor":19,"key":"Explosive Potion"}],"is_trial":false,"path_per_floor":["M","$","M","?","T","M","M","?","T","M","M","R","E","M","R","B",null,"M","?","M","M","?","R","$","R","T","M","M"],"character_chosen":"THE_SILENT","items_purchased":[],"campfire_rested":0,"item_purchase_floors":[],"current_hp_per_floor":[69,69,69,69,69,69,69,69,69,69,63,63,62,61,61,39,77,67,67,64,48,48,48,48,48,48,25,0],"gold":131,"neow_bonus":"THREE_SMALL_POTIONS","is_prod":false,"is_daily":false,"chose_seed":false,"campfire_upgraded":4,"win_rate":0,"timestamp":1551051623,"path_taken":["M","?","?","?","?","M","M","?","T","M","M","R","E","M","R","BOSS","M","?","?","M","?","R","$","R","T","M","M"],"build_version":"2019-02-06","purchased_purges":2,"victory":false,"max_hp_per_floor":[70,70,70,70,70,70,70,70,70,70,70,70,77,77,77,77,77,77,77,77,77,77,77,77,77,77,77,77],"card_choices":[{"not_picked":["Dagger Throw","Setup"],"picked":"Poisoned Stab","floor":1},{"not_picked":["Backflip","Crippling Poison"],"picked":"Corpse Explosion","floor":3},{"not_picked":["Masterful Stab","Flying Knee","Quick Slash"],"picked":"SKIP","floor":6},{"not_picked":["Outmaneuver","Dodge and Roll","PiercingWail"],"picked":"SKIP","floor":7},{"not_picked":["Masterful Stab","Terror","Crippling Poison"],"picked":"SKIP","floor":10},{"not_picked":["Endless Agony","All Out Attack"],"picked":"Noxious Fumes","floor":11},{"not_picked":["Blur","Crippling Poison","Glass Knife"],"picked":"SKIP","floor":13},{"not_picked":["Backstab","Flechettes"],"picked":"Catalyst","floor":14},{"not_picked":["Night Terror","Bullet Time"],"picked":"Adrenaline","floor":16},{"not_picked":["Endless Agony","Underhanded Strike"],"picked":"Noxious Fumes+1","floor":18},{"not_picked":["Underhanded Strike","Sucker Punch+1"],"picked":"Backflip","floor":20},{"not_picked":["A Thousand Cuts","Slice","Cloak And Dagger"],"picked":"SKIP","floor":21},{"not_picked":["Bane","Sucker Punch","Noxious Fumes+1"],"picked":"SKIP","floor":27}],"player_experience":1188800,"relics_obtained":[{"floor":5,"key":"Pen Nib"},{"floor":9,"key":"Blood Vial"},{"floor":13,"key":"Strawberry"},{"floor":17,"key":"Anchor"},{"floor":17,"key":"Ornamental Fan"},{"floor":17,"key":"Bird Faced Urn"}],"event_choices":[{"damage_healed":0,"gold_gain":0,"player_choice":"Grow","damage_taken":0,"max_hp_gain":0,"max_hp_loss":0,"event_name":"Living Wall","floor":4,"gold_loss":0,"cards_upgraded":["Corpse Explosion"]},{"damage_healed":0,"gold_gain":0,"player_choice":"Box","damage_taken":0,"relics_obtained":["Boot"],"max_hp_gain":0,"max_hp_loss":0,"event_name":"Big Fish","floor":8,"gold_loss":0,"cards_obtained":["Regret"]},{"damage_healed":0,"gold_gain":0,"player_choice":"Bought 2 Potions","damage_taken":0,"max_hp_gain":0,"max_hp_loss":0,"event_name":"The Woman in Blue","floor":19,"gold_loss":0},{"cards_removed":["Regret"],"damage_healed":0,"gold_gain":0,"player_choice":"Gave Gold","damage_taken":0,"max_hp_gain":0,"max_hp_loss":0,"event_name":"Beggar","floor":22,"gold_loss":75}],"is_beta":true,"boss_relics":[{"not_picked":["Orrery","Pandora\u0027s Box"],"picked":"Calling Bell"}],"items_purged_floors":[2,24],"is_endless":false,"potions_floor_spawned":[1,7,10,11,20],"killed_by":"Sentry and Sphere","ascension_level":0}