{"gold_per_floor":[112,37,37,187,187,187,220,220,220,237,249,249,263,263,263,336,336,346,16,32,32,32,32,32,46,46,46,78,93,107,28,28,28],"floor_reached":33,"playtime":861,"items_purged":["Defend_R","Defend_R"],"score":562,"play_id":"286c26df-2d00-4ef5-9414-75e396541f22","local_time":"20181019194352","is_ascension_mode":true,"campfire_choices":[{"data":"Bash","floor":6.0,"key":"SMITH"},{"data":"Flame Barrier","floor":12.0,"key":"SMITH"},{"data":"True Grit","floor":15.0,"key":"SMITH"},{"data":"Double Tap","floor":23.0,"key":"SMITH"},{"data":"Sword Boomerang","floor":27.0,"key":"SMITH"},{"data":"Uppercut","floor":32,"key":"SMITH"}],"neow_cost":"NONE","seed_source_timestamp":0,"circlet_count":0,"master_deck":["Strike_R+1","Strike_R","Strike_R","Strike_R","Strike_R+1","Defend_R","Defend_R","Bash+1","AscendersBane","True Grit+1","Sword Boomerang+1","Double Tap+1","Flame Barrier+1","Reaper","Shrug It Off","Spot Weakness","Pommel Strike+1","Infernal Blade","Uppercut+1","Inflame"],"special_seed":0,"relics":["Burning Blood","NeowsBlessing","Ornamental Fan","Matryoshka","Boot","Charon\u0027s Ashes","Mark of Pain","Lee\u0027s Waffle","Red Skull","Bronze Scales","Torii","Orichalcum"],"potions_floor_usage":[28,33,33],"damage_taken":[{"damage":0.0,"enemies":"Jaw Worm","floor":1.0,"turns":1.0},{"damage":0.0,"enemies":"Gremlin Nob","floor":7.0,"turns":1.0},{"damage":0.0,"enemies":"Cultist","floor":10.0,"turns":1.0},{"damage":0.0,"enemies":"Small Slimes","floor":11.0,"turns":3.0},{"damage":19.0,"enemies":"3 Louse","floor":13.0,"turns":4.0},{"damage":62.0,"enemies":"The Guardian","floor":16.0,"turns":14.0},{"damage":36.0,"enemies":"2 Thieves","floor":18.0,"turns":4.0},{"damage":12.0,"enemies":"Spheric Guardian","floor":20.0,"turns":4.0},{"damage":14.0,"enemies":"Centurion and Healer","floor":25.0,"turns":8.0},{"damage":12,"enemies":"Slavers","floor":28,"turns":2},{"damage":19,"enemies":"Sentry and Sphere","floor":29,"turns":5},{"damage":3,"enemies":"Snecko","floor":30,"turns":5},{"damage":99,"enemies":"Champ","floor":33,"turns":8}],"seed_played":"5353083871445765002","potions_obtained":[{"floor":16.0,"key":"Strength Potion"},{"floor":25.0,"key":"AttackPotion"},{"floor":29,"key":"EssenceOfSteel"}],"is_trial":false,"path_per_floor":["M","$","?","?","?","R","E","?","T","M","M","R","M","?","R","B",null,"M","$","M","T","$","R","$","M","T","R","E","M","M","$","R"],"character_chosen":"IRONCLAD","items_purchased":["Lee\u0027s Waffle","Inflame"],"campfire_rested":0,"item_purchase_floors":[19,31],"current_hp_per_floor":[74,74,74,74,67,67,73,50,50,56,62,62,49,74,74,18,61,41,82,76,76,76,76,76,74,74,74,68,55,78,78,78,0],"gold":28,"neow_bonus":"THREE_ENEMY_KILL","is_prod":false,"is_daily":false,"chose_seed":false,"campfire_upgraded":6,"win_rate":0,"timestamp":1539971032,"path_taken":["M","$","?","?","?","R","E","?","T","?","M","R","M","?","R","BOSS","M","$","M","?","$","R","?","M","T","R","E","?","M","$","R","BOSS"],"build_version":"2018-10-18","purchased_purges":2,"victory":false,"max_hp_per_floor":[75,75,75,75,75,75,75,75,75,75,75,75,75,75,75,75,75,75,82,82,82,82,82,82,82,82,82,82,82,82,82,82,82],"card_choices":[{"not_picked":["Perfected Strike","Twin Strike"],"picked":"True Grit","floor":1.0},{"not_picked":["Iron Wave","Infernal Blade"],"picked":"Sword Boomerang","floor":7.0},{"not_picked":["Clothesline","Shrug It Off"],"picked":"Double Tap","floor":10.0},{"not_picked":["Body Slam","Heavy Blade"],"picked":"Flame Barrier","floor":11.0},{"not_picked":["Wild Strike","Perfected Strike","Cleave"],"picked":"SKIP","floor":13.0},{"not_picked":["Offering","Dark Embrace"],"picked":"Reaper","floor":16.0},{"not_picked":["Body Slam","Iron Wave"],"picked":"Shrug It Off","floor":18.0},{"not_picked":["Anger","Armaments+1"],"picked":"Spot Weakness","floor":20.0},{"not_picked":["Entrench","Anger"],"picked":"Pommel Strike+1","floor":25.0},{"not_picked":["Anger","Perfected Strike","Sword Boomerang"],"picked":"SKIP","floor":28},{"not_picked":["Body Slam","Heavy Blade+1"],"picked":"Infernal Blade","floor":29},{"not_picked":["Bludgeon","Carnage+1"],"picked":"Uppercut","floor":30}],"player_experience":844188,"relics_obtained":[{"floor":3.0,"key":"Ornamental Fan"},{"floor":7.0,"key":"Matryoshka"},{"floor":9.0,"key":"Boot"},{"floor":9.0,"key":"Charon\u0027s Ashes"},{"floor":21.0,"key":"Red Skull"},{"floor":21.0,"key":"Bronze Scales"},{"floor":26.0,"key":"Torii"},{"floor":28,"key":"Orichalcum"}],"event_choices":[{"damage_healed":0.0,"max_hp_gain":0.0,"max_hp_loss":0.0,"gold_gain":0.0,"event_name":"Wheel of Change","player_choice":"Relic","floor":3.0,"gold_loss":0.0,"damage_taken":0.0},{"damage_healed":0.0,"max_hp_gain":0.0,"max_hp_loss":0.0,"gold_gain":150.0,"event_name":"Liars Game","player_choice":"AGREE","floor":4.0,"gold_loss":0.0,"damage_taken":0.0,"cards_obtained":["Doubt"]},{"cards_removed":["Doubt"],"damage_healed":0.0,"max_hp_gain":0.0,"max_hp_loss":0.0,"gold_gain":0.0,"event_name":"Golden Wing","player_choice":"Card Removal","floor":5.0,"gold_loss":0.0,"damage_taken":7.0},{"damage_healed":0.0,"max_hp_gain":0.0,"max_hp_loss":0.0,"gold_gain":0.0,"event_name":"Shining Light","player_choice":"Entered Light","floor":8.0,"gold_loss":0.0,"damage_taken":23.0,"cards_upgraded":["Strike_R","Strike_R"]},{"damage_healed":25.0,"max_hp_gain":0.0,"max_hp_loss":0.0,"gold_gain":0.0,"event_name":"Big Fish","player_choice":"Banana","floor":14.0,"gold_loss":0.0,"damage_taken":0.0}],"is_beta":true,"boss_relics":[{"not_picked":["Philosopher\u0027s Stone","White Beast Statue"],"picked":"Mark of Pain"}],"items_purged_floors":[2,19],"is_endless":false,"potions_floor_spawned":[16,25,29,30],"killed_by":"Champ","ascension_level":19}