{"gold_per_floor":[119,138,138,153,428,428,461,472,472,472,483,422,422,434,434,434],"floor_reached":16,"playtime":264,"items_purged":[],"score":229,"play_id":"d1352db7-67a9-4352-a7f5-9d2ee83dfe04","local_time":"20190403002158","is_ascension_mode":true,"campfire_choices":[{"data":"Bash","floor":6.0,"key":"SMITH"},{"floor":15,"key":"REST"}],"neow_cost":"NONE","seed_source_timestamp":0,"circlet_count":0,"master_deck":["AscendersBane","Strike_R","Strike_R","Strike_R","Strike_R","Strike_R","Defend_R","Defend_R","Defend_R","Bash+1","Whirlwind+1"],"special_seed":0,"relics":["Burning Blood","NeowsBlessing","Mango","Pear"],"potions_floor_usage":[16],"damage_taken":[{"damage":0.0,"enemies":"Cultist","floor":1.0,"turns":1.0},{"damage":0.0,"enemies":"Jaw Worm","floor":2.0,"turns":1.0},{"damage":0.0,"enemies":"2 Louse","floor":4.0,"turns":2.0},{"damage":57.0,"enemies":"Lagavulin","floor":7.0,"turns":6.0},{"damage":14,"enemies":"Exordium Thugs","floor":8,"turns":4},{"damage":0,"enemies":"Gremlin Gang","floor":11,"turns":2},{"damage":29,"enemies":"Red Slaver","floor":14,"turns":4},{"damage":50,"enemies":"Slime Boss","floor":16,"turns":5}],"seed_played":"8611594285655629734","potions_obtained":[{"floor":1.0,"key":"Dexterity Potion"},{"floor":8,"key":"Dexterity Potion"},{"floor":11,"key":"PowerPotion"}],"is_trial":false,"path_per_floor":["M","M","?","M","?","R","E","M","T","?","M","?","?","M","R","B"],"character_chosen":"IRONCLAD","items_purchased":[],"campfire_rested":1,"item_purchase_floors":[],"current_hp_per_floor":[74,75,75,75,75,75,38,30,40,33,39,39,39,16,45,0],"gold":434,"neow_bonus":"THREE_ENEMY_KILL","is_prod":false,"is_daily":false,"chose_seed":false,"campfire_upgraded":1,"win_rate":0,"timestamp":1554243718,"path_taken":["M","M","?","?","?","R","E","?","T","?","M","?","?","M","R","BOSS"],"build_version":"2019-03-15","purchased_purges":0,"victory":false,"max_hp_per_floor":[75,75,75,75,75,75,89,89,99,99,99,99,99,99,99,99],"card_choices":[{"not_picked":["Second Wind","Whirlwind","Reckless Charge"],"picked":"SKIP","floor":1.0},{"not_picked":["Second Wind","Reckless Charge"],"picked":"Whirlwind","floor":1.0},{"not_picked":["True Grit","Thunderclap","Warcry"],"picked":"SKIP","floor":2.0},{"not_picked":["Flex","Havoc","Iron Wave"],"picked":"SKIP","floor":4.0},{"not_picked":["Thunderclap","Twin Strike","Clothesline"],"picked":"SKIP","floor":7.0},{"not_picked":["Iron Wave","Seeing Red","Blood for Blood"],"picked":"SKIP","floor":8},{"not_picked":["Thunderclap","Anger","Clothesline"],"picked":"SKIP","floor":11},{"not_picked":["Uppercut","Flame Barrier","Clothesline"],"picked":"SKIP","floor":14}],"player_experience":1327470,"relics_obtained":[{"floor":7.0,"key":"Mango"},{"floor":9,"key":"Pear"}],"event_choices":[{"damage_healed":0.0,"max_hp_gain":0.0,"max_hp_loss":0.0,"gold_gain":0.0,"event_name":"Upgrade Shrine","player_choice":"Upgraded","floor":3.0,"gold_loss":0.0,"damage_taken":0.0,"cards_upgraded":["Whirlwind"]},{"damage_healed":0.0,"max_hp_gain":0.0,"max_hp_loss":0.0,"gold_gain":275.0,"event_name":"Golden Shrine","player_choice":"Desecrate","floor":5.0,"gold_loss":0.0,"damage_taken":0.0,"cards_obtained":["Regret"]},{"cards_removed":["Regret"],"damage_healed":0,"gold_gain":0,"player_choice":"Card Removal","damage_taken":7,"max_hp_gain":0,"max_hp_loss":0,"event_name":"Golden Wing","floor":10,"gold_loss":0},{"damage_healed":0,"gold_gain":0,"player_choice":"Left Gold","damage_taken":0,"max_hp_gain":0,"max_hp_loss":0,"event_name":"World of Goop","floor":12,"gold_loss":61},{"cards_removed":["Defend_R"],"damage_healed":0,"gold_gain":0,"player_choice":"Purged","damage_taken":0,"max_hp_gain":0,"max_hp_loss":0,"event_name":"Purifier","floor":13,"gold_loss":0}],"is_beta":true,"boss_relics":[],"items_purged_floors":[],"is_endless":false,"potions_floor_spawned":[1,8,11],"killed_by":"Slime Boss","ascension_level":20}