{"gold_per_floor":[110,110,129,146,221,255,52,52,52,52,80,80,112,262,262,262],"floor_reached":16,"playtime":343,"items_purged":[],"score":232,"play_id":"34e5517d-3d10-42bc-94d3-675edc61d0c9","local_time":"20190322225709","is_ascension_mode":true,"campfire_choices":[{"floor":12,"key":"REST"},{"floor":15,"key":"REST"}],"neow_cost":"NONE","seed_source_timestamp":168171297588300,"circlet_count":0,"master_deck":["AscendersBane","Strike_R","Strike_R","Strike_R","Strike_R","Strike_R","Defend_R","Defend_R","Bash","Heavy Blade","Sword Boomerang","Shrug It Off","Inflame","Inflame","Offering","Doubt"],"relics":["Burning Blood","Ginger","Juzu Bracelet","PreservedInsect","Calipers","Orichalcum"],"potions_floor_usage":[6,6],"damage_taken":[{"damage":4,"enemies":"Cultist","floor":1,"turns":3},{"damage":9,"enemies":"Jaw Worm","floor":3,"turns":4},{"damage":8,"enemies":"Small Slimes","floor":4,"turns":3},{"damage":31,"enemies":"Gremlin Nob","floor":6,"turns":4},{"damage":30,"enemies":"3 Sentries","floor":11,"turns":6},{"damage":27,"enemies":"Lagavulin","floor":13,"turns":6},{"damage":44,"enemies":"Slime Boss","floor":16,"turns":5}],"seed_played":"3411507553072545362","potions_obtained":[{"floor":1,"key":"Poison Potion"},{"floor":4,"key":"BloodPotion"}],"is_trial":false,"path_per_floor":["M","?","M","M","?","E","$","?","T","$","E","R","E","?","R","B"],"character_chosen":"IRONCLAD","items_purchased":["Inflame","PreservedInsect"],"campfire_rested":2,"item_purchase_floors":[7,7],"current_hp_per_floor":[70,70,67,65,54,36,36,36,36,36,12,34,13,13,35,0],"gold":262,"neow_bonus":"TRANSFORM_CARD","is_prod":false,"is_daily":false,"chose_seed":false,"campfire_upgraded":0,"win_rate":0,"timestamp":1553291829,"path_taken":["M","?","M","?","?","E","?","?","T","?","E","R","E","?","R","BOSS"],"build_version":"2019-03-15","purchased_purges":0,"victory":false,"max_hp_per_floor":[75,75,75,75,75,75,75,75,75,75,75,75,75,75,75,75],"card_choices":[{"not_picked":["Corruption","Clash","Metallicize"],"picked":"SKIP","floor":1},{"not_picked":["Warcry","Clash"],"picked":"Heavy Blade","floor":3},{"not_picked":["True Grit","Reckless Charge"],"picked":"Sword Boomerang","floor":4},{"not_picked":["Thunderclap","Carnage"],"picked":"Shrug It Off","floor":6},{"not_picked":["Anger","Armaments"],"picked":"Inflame","floor":11},{"not_picked":["Pommel Strike","Wild Strike"],"picked":"Offering","floor":13}],"player_experience":1272696,"relics_obtained":[{"floor":6,"key":"Juzu Bracelet"},{"floor":11,"key":"Calipers"},{"floor":13,"key":"Orichalcum"}],"event_choices":[{"cards_removed":["Intimidate"],"damage_healed":0,"gold_gain":0,"player_choice":"Gave Card","damage_taken":0,"relics_obtained":["Ginger"],"max_hp_gain":0,"max_hp_loss":0,"event_name":"WeMeetAgain","floor":2,"gold_loss":0},{"damage_healed":0,"gold_gain":75,"player_choice":"Gather Gold","damage_taken":11,"max_hp_gain":0,"max_hp_loss":0,"event_name":"World of Goop","floor":5,"gold_loss":0},{"cards_removed":["Defend_R"],"damage_healed":0,"gold_gain":0,"player_choice":"Purged","damage_taken":0,"max_hp_gain":0,"max_hp_loss":0,"event_name":"Purifier","floor":8,"gold_loss":0},{"damage_healed":0,"gold_gain":150,"player_choice":"AGREE","damage_taken":0,"max_hp_gain":0,"max_hp_loss":0,"event_name":"Liars Game","floor":14,"gold_loss":0,"cards_obtained":["Doubt"]}],"is_beta":true,"boss_relics":[],"items_purged_floors":[],"is_endless":false,"potions_floor_spawned":[1,4],"killed_by":"Slime Boss","ascension_level":20}