{"gold_per_floor":[114,114,126,201,201,201,230,230,253,278,335,610,624,637,637,742,742,756,556,601,614,259,259,63,63,63,63,75,100,100,115,115,220,220,240,190,190,210,160,160,171,191,218,218,218,229,240,250,250,250,250,250,48,48],"floor_reached":54,"playtime":1738,"items_purged":["Regret","Pain","Defend_R","Normality","Pain","Regret"],"score":690,"play_id":"9edd447e-5e76-46e4-bf45-2720aaba1f89","local_time":"20190310004640","is_ascension_mode":false,"campfire_choices":[{"data":"Bash","floor":6,"key":"SMITH"},{"floor":8,"key":"REST"},{"floor":15,"key":"REST"},{"data":"Demon Form","floor":23,"key":"SMITH"},{"data":"Limit Break","floor":25,"key":"SMITH"},{"floor":27,"key":"REST"},{"floor":32,"key":"REST"},{"floor":40,"key":"RECALL"},{"floor":49,"key":"REST"},{"data":"Sword Boomerang","floor":52,"key":"SMITH"}],"neow_cost":"CURSE","seed_source_timestamp":641752736081300,"circlet_count":0,"master_deck":["Strike_R","Strike_R","Strike_R","Strike_R","Defend_R+1","Defend_R","Bash+1","Juggernaut","Evolve+1","Sword Boomerang+1","Limit Break+1","Heavy Blade+1","Demon Form+1","Uppercut+1","Shrug It Off","Parasite","Shrug It Off","Decay","Shrug It Off+1"],"relics":["Burning Blood","Ancient Tea Set","Smiling Mask","Bag of Marbles","Red Skull","Cursed Key","Lantern","Orichalcum","Turnip","Happy Flower","Blood Vial","FossilizedHelix","Black Star","Magic Flower","Blue Candle"],"potions_floor_usage":[14,16,33,46,47,50,54,54],"damage_taken":[{"damage":6,"enemies":"Cultist","floor":1,"turns":4},{"damage":5,"enemies":"2 Louse","floor":3,"turns":3},{"damage":22,"enemies":"3 Sentries","floor":7,"turns":11},{"damage":28,"enemies":"Gremlin Nob","floor":10,"turns":4},{"damage":24,"enemies":"3 Sentries","floor":11,"turns":9},{"damage":0,"enemies":"Small Slimes","floor":13,"turns":2},{"damage":0,"enemies":"3 Louse","floor":14,"turns":1},{"damage":37,"enemies":"The Guardian","floor":16,"turns":7},{"damage":22,"enemies":"Spheric Guardian","floor":18,"turns":4},{"damage":26,"enemies":"3 Byrds","floor":21,"turns":4},{"damage":9,"enemies":"Snecko","floor":28,"turns":3},{"damage":48,"enemies":"Slavers","floor":29,"turns":5},{"damage":0,"enemies":"Cultist and Chosen","floor":31,"turns":3},{"damage":26,"enemies":"Collector","floor":33,"turns":6},{"damage":10,"enemies":"3 Shapes","floor":35,"turns":6},{"damage":41,"enemies":"3 Darklings","floor":38,"turns":6},{"damage":9,"enemies":"Writhing Mass","floor":41,"turns":4},{"damage":0,"enemies":"Transient","floor":42,"turns":5},{"damage":36,"enemies":"Maw","floor":46,"turns":7},{"damage":35,"enemies":"3 Darklings","floor":47,"turns":6},{"damage":50,"enemies":"Spire Growth","floor":48,"turns":5},{"damage":27,"enemies":"Time Eater","floor":50,"turns":7},{"damage":82,"enemies":"Shield and Spear","floor":54,"turns":5}],"seed_played":"-328999026372486428","potions_obtained":[{"floor":7,"key":"PowerPotion"},{"floor":10,"key":"Strength Potion"},{"floor":13,"key":"Fire Potion"},{"floor":28,"key":"Swift Potion"},{"floor":29,"key":"Block Potion"},{"floor":35,"key":"Regen Potion"},{"floor":38,"key":"Regen Potion"}],"is_trial":false,"path_per_floor":["M","?","M","?","?","R","E","R","T","E","?","?","M","M","R","B",null,"M","$","T","M","$","R","$","R","T","R","M","E","?","M","R","B",null,"M","$","T","M","$","R","M","M","T","?","T","M","M","M","R","B",null,"R","$","E"],"character_chosen":"IRONCLAD","items_purchased":["Lantern","Turnip","Happy Flower","AttackPotion","SpeedPotion","Explosive Potion"],"campfire_rested":5,"item_purchase_floors":[19,22,24,53,53,53],"current_hp_per_floor":[80,64,65,54,47,47,31,55,55,33,15,15,21,27,51,20,80,64,64,64,44,44,44,44,44,44,68,67,27,27,35,59,41,80,76,76,76,47,47,47,50,62,62,62,62,62,63,25,49,34,80,80,80,0],"gold":48,"neow_bonus":"TRANSFORM_TWO_CARDS","is_prod":false,"is_daily":false,"chose_seed":false,"campfire_upgraded":4,"win_rate":0,"timestamp":1552175200,"path_taken":["M","?","M","?","?","R","E","R","T","E","?","?","M","M","R","BOSS","M","$","?","M","$","R","?","R","T","R","?","E","?","M","R","BOSS","M","$","?","M","$","R","M","M","T","?","?","M","?","M","R","BOSS","R","$","E"],"build_version":"2019-02-06","purchased_purges":6,"victory":false,"max_hp_per_floor":[80,80,80,80,80,80,80,80,80,80,80,80,80,80,80,80,80,80,80,80,80,80,80,80,80,80,80,80,80,80,80,80,80,80,80,80,80,80,80,80,80,80,80,80,80,80,80,80,80,80,80,80,80,80],"card_choices":[{"not_picked":["Warcry","Flex","Feel No Pain"],"picked":"SKIP","floor":1},{"not_picked":["Pommel Strike","Flex","Shockwave"],"picked":"SKIP","floor":3},{"not_picked":["Wild Strike","Clothesline","Iron Wave"],"picked":"SKIP","floor":7},{"not_picked":["Sword Boomerang","Havoc","Clash"],"picked":"SKIP","floor":10},{"not_picked":["Havoc","Clash"],"picked":"Sword Boomerang","floor":10},{"not_picked":["Spot Weakness","Shrug It Off"],"picked":"Limit Break","floor":13},{"not_picked":["Rampage","True Grit"],"picked":"Heavy Blade","floor":14},{"not_picked":["Exhume","Bludgeon"],"picked":"Demon Form","floor":16},{"not_picked":["Headbutt+1","True Grit"],"picked":"Uppercut+1","floor":18},{"not_picked":["Ghostly Armor","Pommel Strike+1"],"picked":"Shrug It Off","floor":21},{"not_picked":["Headbutt","Clothesline","Flame Barrier"],"picked":"SKIP","floor":28},{"not_picked":["Juggernaut","Armaments","Bloodletting"],"picked":"SKIP","floor":29},{"not_picked":["Pommel Strike","Armaments","Fire Breathing"],"picked":"SKIP","floor":31},{"not_picked":["Armaments","Burning Pact","Thunderclap+1"],"picked":"SKIP","floor":35},{"not_picked":["Flex","Anger","Reckless Charge+1"],"picked":"SKIP","floor":38},{"not_picked":["Heavy Blade+1","Flex","Evolve"],"picked":"SKIP","floor":41},{"not_picked":["Power Through+1","Havoc+1"],"picked":"Shrug It Off","floor":42},{"not_picked":["Thunderclap+1","Headbutt"],"picked":"Shrug It Off+1","floor":46},{"not_picked":["Armaments","Cleave+1","Infernal Blade+1"],"picked":"SKIP","floor":47},{"not_picked":["Inflame","Entrench+1","Perfected Strike"],"picked":"SKIP","floor":48}],"player_experience":1241693,"relics_obtained":[{"floor":7,"key":"Ancient Tea Set"},{"floor":9,"key":"Smiling Mask"},{"floor":10,"key":"Bag of Marbles"},{"floor":11,"key":"Red Skull"},{"floor":20,"key":"Orichalcum"},{"floor":26,"key":"Blood Vial"},{"floor":29,"key":"FossilizedHelix"},{"floor":37,"key":"Magic Flower"},{"floor":45,"key":"Blue Candle"}],"event_choices":[{"damage_healed":0,"gold_gain":0,"player_choice":"Entered Light","damage_taken":16,"max_hp_gain":0,"max_hp_loss":0,"event_name":"Shining Light","floor":2,"gold_loss":0,"cards_upgraded":["Evolve","Defend_R"]},{"damage_healed":0,"gold_gain":75,"player_choice":"Gather Gold","damage_taken":11,"max_hp_gain":0,"max_hp_loss":0,"event_name":"World of Goop","floor":4,"gold_loss":0},{"cards_removed":["Clumsy"],"damage_healed":0,"gold_gain":0,"player_choice":"Card Removal","damage_taken":7,"max_hp_gain":0,"max_hp_loss":0,"event_name":"Golden Wing","floor":5,"gold_loss":0},{"damage_healed":0,"gold_gain":0,"player_choice":"Searched \u00271\u0027 times","damage_taken":0,"max_hp_gain":0,"max_hp_loss":0,"event_name":"Dead Adventurer","floor":11,"gold_loss":0},{"damage_healed":0,"gold_gain":275,"player_choice":"Desecrate","damage_taken":0,"max_hp_gain":0,"max_hp_loss":0,"event_name":"Golden Shrine","floor":12,"gold_loss":0,"cards_obtained":["Regret"]},{"damage_healed":0,"gold_gain":0,"player_choice":"Forge","damage_taken":0,"max_hp_gain":0,"max_hp_loss":0,"event_name":"Accursed Blacksmith","floor":30,"gold_loss":0,"cards_upgraded":["Heavy Blade"]},{"damage_healed":0,"gold_gain":0,"player_choice":"Memory 1","damage_taken":0,"max_hp_gain":0,"max_hp_loss":0,"event_name":"SensoryStone","floor":44,"gold_loss":0}],"is_beta":true,"boss_relics":[{"not_picked":["Mark of Pain","Velvet Choker"],"picked":"Cursed Key"},{"not_picked":["White Beast Statue","Coffee Dripper"],"picked":"Black Star"}],"items_purged_floors":[19,22,24,36,39,53],"is_endless":false,"potions_floor_spawned":[7,10,13,28,29,31,35,38,41],"killed_by":"Shield and Spear","ascension_level":0}