{"gold_per_floor":[116,128,53,3,18,32,62,62,62,76,76,108,121,140,140,140],"floor_reached":16,"playtime":587,"items_purged":["Defend_R"],"score":104,"play_id":"dab8c8df-9660-45ef-a36f-9b5bcff2a649","local_time":"20190209191825","is_ascension_mode":false,"campfire_choices":[{"floor":11,"key":"REST"},{"floor":15,"key":"REST"}],"neow_cost":"PERCENT_DAMAGE","seed_source_timestamp":1838485647272000,"circlet_count":0,"master_deck":["Strike_R","Strike_R","Strike_R","Strike_R","Defend_R","Defend_R","Defend_R","Bash"],"relics":["Burning Blood","Champion Belt","Odd Mushroom","Vajra","Singing Bowl"],"potions_floor_usage":[7,13,14,16,16],"damage_taken":[{"damage":0,"enemies":"Small Slimes","floor":1,"turns":3},{"damage":1,"enemies":"Jaw Worm","floor":2,"turns":4},{"damage":0,"enemies":"Cultist","floor":5,"turns":3},{"damage":19,"enemies":"Exordium Thugs","floor":6,"turns":5},{"damage":41,"enemies":"The Mushroom Lair","floor":7,"turns":6},{"damage":2,"enemies":"Looter","floor":10,"turns":4},{"damage":50,"enemies":"3 Sentries","floor":12,"turns":10},{"damage":7,"enemies":"Large Slime","floor":13,"turns":7},{"damage":3,"enemies":"2 Fungi Beasts","floor":14,"turns":4},{"damage":70,"enemies":"Slime Boss","floor":16,"turns":10}],"seed_played":"2099628506838593527","potions_obtained":[{"floor":1,"key":"Weak Potion"},{"floor":5,"key":"BloodPotion"},{"floor":7,"key":"SpeedPotion"},{"floor":12,"key":"Explosive Potion"},{"floor":13,"key":"BloodPotion"}],"is_trial":false,"path_per_floor":["M","M","$","?","M","M","?","$","T","M","R","E","M","M","R","B"],"character_chosen":"IRONCLAD","items_purchased":[],"campfire_rested":2,"item_purchase_floors":[],"current_hp_per_floor":[62,67,67,67,73,60,33,33,33,37,61,19,20,33,58,0],"gold":140,"neow_bonus":"ONE_RARE_RELIC","is_prod":false,"is_daily":false,"chose_seed":false,"campfire_upgraded":0,"win_rate":0,"timestamp":1549736305,"path_taken":["M","M","$","?","M","M","?","?","T","?","R","E","M","M","R","BOSS"],"build_version":"2019-02-06","purchased_purges":1,"victory":false,"max_hp_per_floor":[80,80,80,80,80,80,80,80,80,80,80,82,84,86,86,86],"card_choices":[{"not_picked":["Ghostly Armor","Combust","Burning Pact"],"picked":"SKIP","floor":1},{"not_picked":["Spot Weakness","Dual Wield","Battle Trance"],"picked":"SKIP","floor":2},{"not_picked":["Anger","Perfected Strike","Burning Pact"],"picked":"SKIP","floor":5},{"not_picked":["True Grit","Headbutt","Exhume"],"picked":"SKIP","floor":6},{"not_picked":["Sword Boomerang","Thunderclap","Fire Breathing"],"picked":"SKIP","floor":10},{"not_picked":["Limit Break","Heavy Blade","Fire Breathing"],"picked":"Singing Bowl","floor":12},{"not_picked":["Twin Strike","Blood for Blood","Infernal Blade"],"picked":"Singing Bowl","floor":13},{"not_picked":["Corruption","Wild Strike","Body Slam"],"picked":"Singing Bowl","floor":14}],"player_experience":1133152,"relics_obtained":[{"floor":7,"key":"Odd Mushroom"},{"floor":9,"key":"Vajra"},{"floor":12,"key":"Singing Bowl"}],"event_choices":[{"cards_removed":["Strike_R"],"damage_healed":0,"gold_gain":0,"player_choice":"Card Removal","damage_taken":0,"max_hp_gain":0,"max_hp_loss":0,"event_name":"The Cleric","floor":4,"gold_loss":50},{"damage_healed":0,"gold_gain":0,"player_choice":"Fought Mushrooms","damage_taken":0,"max_hp_gain":0,"max_hp_loss":0,"event_name":"Mushrooms","floor":7,"gold_loss":0}],"is_beta":true,"boss_relics":[],"items_purged_floors":[3],"is_endless":false,"potions_floor_spawned":[1,5,7,12,13],"killed_by":"Slime Boss","ascension_level":0}