{"gold_per_floor":[118,129,129,144,219,219,229,229,253,253,272,272,104,138,138,215,245,255,265,284,284],"floor_reached":21,"playtime":553,"items_purged":[],"score":362,"play_id":"d59cc6e3-9069-45e2-b142-f0f81a4c0276","local_time":"20190328010615","is_ascension_mode":true,"campfire_choices":[{"data":"Bash","floor":6,"key":"SMITH"},{"floor":8,"key":"REST"},{"data":"Demon Form","floor":12,"key":"SMITH"},{"floor":15,"key":"REST"}],"neow_cost":"PERCENT_DAMAGE","seed_source_timestamp":607730641418300,"circlet_count":0,"master_deck":["AscendersBane","Strike_R","Strike_R","Strike_R","Strike_R","Strike_R","Defend_R","Defend_R","Defend_R","Defend_R","Bash+1","Demon Form+1","Flame Barrier","Heavy Blade","Shrug It Off","Offering","Clumsy","Parasite","Clumsy","Shrug It Off","Twin Strike+1"],"relics":["Burning Blood","Vajra","Oddly Smooth Stone","Du-Vu Doll","Calling Bell","Tiny Chest","Molten Egg 2","Ice Cream"],"potions_floor_usage":[7,11,14,21],"damage_taken":[{"damage":2,"enemies":"Cultist","floor":1,"turns":4},{"damage":3,"enemies":"2 Louse","floor":2,"turns":4},{"damage":10,"enemies":"Small Slimes","floor":4,"turns":3},{"damage":47,"enemies":"Gremlin Gang","floor":7,"turns":8},{"damage":0,"enemies":"Exordium Wildlife","floor":11,"turns":4},{"damage":32,"enemies":"Gremlin Nob","floor":14,"turns":4},{"damage":25,"enemies":"Slime Boss","floor":16,"turns":8},{"damage":27,"enemies":"Chosen","floor":18,"turns":5},{"damage":37,"enemies":"Shell Parasite","floor":19,"turns":4},{"damage":7,"enemies":"Snecko","floor":20,"turns":6},{"damage":16,"enemies":"Snake Plant","floor":21,"turns":2}],"seed_played":"86494148957520432","potions_obtained":[{"floor":2,"key":"Regen Potion"},{"floor":4,"key":"Dexterity Potion"},{"floor":10,"key":"SkillPotion"},{"floor":11,"key":"Strength Potion"},{"floor":19,"key":"Block Potion"}],"is_trial":false,"path_per_floor":["M","M","T","M","?","R","M","R","T","?","M","R","$","E","R","B",null,"M","M","M","M"],"character_chosen":"IRONCLAD","items_purchased":["Oddly Smooth Stone"],"campfire_rested":2,"item_purchase_floors":[13],"current_hp_per_floor":[54,57,57,53,42,42,16,38,38,38,44,44,44,18,40,21,62,41,10,9,0],"gold":284,"neow_bonus":"THREE_RARE_CARDS","is_prod":false,"is_daily":false,"chose_seed":false,"campfire_upgraded":2,"win_rate":0,"timestamp":1553731575,"path_taken":["M","M","?","M","?","R","M","R","T","?","M","R","$","E","R","BOSS","M","?","M","M"],"build_version":"2019-03-15","purchased_purges":0,"victory":false,"max_hp_per_floor":[75,75,75,75,75,75,75,75,75,75,75,75,75,75,75,75,75,75,75,75,75],"card_choices":[{"not_picked":["Berserk","Juggernaut"],"picked":"Demon Form","floor":0},{"not_picked":["Havoc","Cleave","Corruption"],"picked":"SKIP","floor":1},{"not_picked":["Reckless Charge","Pommel Strike","Searing Blow"],"picked":"SKIP","floor":2},{"not_picked":["Combust","Anger","Havoc"],"picked":"SKIP","floor":4},{"not_picked":["Bloodletting","Body Slam"],"picked":"Flame Barrier","floor":7},{"not_picked":["Thunderclap","Rupture"],"picked":"Heavy Blade","floor":11},{"not_picked":["Rage","Havoc"],"picked":"Shrug It Off","floor":14},{"not_picked":["Fiend Fire","Exhume"],"picked":"Offering","floor":16},{"not_picked":["Twin Strike+1","Clothesline+1"],"picked":"Shrug It Off","floor":18},{"not_picked":["Havoc","Flame Barrier","Carnage+1"],"picked":"SKIP","floor":19},{"not_picked":["Body Slam+1","Uppercut+1"],"picked":"Twin Strike+1","floor":20}],"player_experience":1293914,"relics_obtained":[{"floor":9,"key":"Vajra"},{"floor":14,"key":"Du-Vu Doll"},{"floor":17,"key":"Tiny Chest"},{"floor":17,"key":"Molten Egg 2"},{"floor":17,"key":"Ice Cream"}],"event_choices":[{"damage_healed":0,"gold_gain":75,"player_choice":"Gather Gold","damage_taken":11,"max_hp_gain":0,"max_hp_loss":0,"event_name":"World of Goop","floor":5,"gold_loss":0},{"damage_healed":0,"gold_gain":0,"player_choice":"Got Potions","damage_taken":0,"max_hp_gain":0,"max_hp_loss":0,"event_name":"Lab","floor":10,"gold_loss":0}],"is_beta":true,"boss_relics":[{"not_picked":["White Beast Statue","Philosopher\u0027s Stone"],"picked":"Calling Bell"}],"items_purged_floors":[],"is_endless":false,"potions_floor_spawned":[2,4,11,19,20],"killed_by":"Snake Plant","ascension_level":20}