{"gold_per_floor":[116,134,134,134,134,134,8,8,8,8,52,68,68,68,68,158,158,172,172,22,37,37,37,37,76,76,101,101,125,125,148,148,148],"floor_reached":33,"playtime":727,"items_purged":["Defend_R","Defend_R+1"],"score":572,"play_id":"efca2059-43d3-409d-92ff-3b17d872865d","local_time":"20190330005144","is_ascension_mode":true,"campfire_choices":[{"floor":6,"key":"RECALL"},{"data":"Twin Strike","floor":8,"key":"SMITH"},{"floor":10,"key":"REST"},{"data":"Rampage","floor":15,"key":"SMITH"},{"floor":23,"key":"REST"},{"floor":28,"key":"REST"},{"floor":30,"key":"REST"},{"data":"Shrug It Off","floor":32,"key":"SMITH"}],"neow_cost":"NONE","seed_source_timestamp":779491945459100,"circlet_count":0,"master_deck":["AscendersBane","Strike_R+1","Strike_R+1","Strike_R+1","Strike_R+1","Strike_R+1","Defend_R+1","Defend_R+1","Bash+1","Twin Strike+1","Rampage+1","Shrug It Off+1","Shrug It Off","Warcry+1","Heavy Blade"],"relics":["Burning Blood","NeowsBlessing","Golden Idol","Bronze Scales","Nunchaku","Pantograph","Busted Crown","The Courier","Pen Nib","Bottled Flame"],"potions_floor_usage":[16,25,27,29,33],"damage_taken":[{"damage":0,"enemies":"Cultist","floor":1,"turns":1},{"damage":0,"enemies":"Small Slimes","floor":2,"turns":1},{"damage":0,"enemies":"3 Sentries","floor":11,"turns":2},{"damage":0,"enemies":"2 Louse","floor":12,"turns":2},{"damage":63,"enemies":"Slime Boss","floor":16,"turns":10},{"damage":15,"enemies":"3 Byrds","floor":18,"turns":3},{"damage":8,"enemies":"Shell Parasite","floor":21,"turns":3},{"damage":24,"enemies":"Colosseum Slavers","floor":24,"turns":3},{"damage":31,"enemies":"Slavers","floor":25,"turns":5},{"damage":23,"enemies":"Snecko","floor":27,"turns":5},{"damage":14,"enemies":"Centurion and Healer","floor":29,"turns":9},{"damage":24,"enemies":"Snake Plant","floor":31,"turns":3},{"damage":94,"enemies":"Automaton","floor":33,"turns":6}],"seed_played":"3408924184788902040","potions_obtained":[{"floor":1,"key":"Strength Potion"},{"floor":16,"key":"Dexterity Potion"},{"floor":18,"key":"Energy Potion"},{"floor":25,"key":"PowerPotion"},{"floor":27,"key":"Regen Potion"}],"is_trial":false,"path_per_floor":["M","M","?","?","?","R","$","R","T","R","E","M","$","?","R","B",null,"M","?","$","M","T","R","?","E","T","M","R","M","R","M","R","B"],"character_chosen":"IRONCLAD","items_purchased":["Twin Strike","Shrug It Off"],"campfire_rested":4,"item_purchase_floors":[7,20],"current_hp_per_floor":[74,75,49,44,44,44,44,44,44,66,72,75,75,75,75,18,61,52,52,52,50,50,72,54,29,29,12,34,41,63,45,45,0],"gold":148,"neow_bonus":"THREE_ENEMY_KILL","is_prod":false,"is_daily":false,"chose_seed":false,"campfire_upgraded":3,"win_rate":0,"timestamp":1553903504,"path_taken":["M","M","?","?","?","R","$","R","T","R","E","M","$","?","R","BOSS","M","?","?","M","?","R","?","E","T","M","R","M","R","M","R","BOSS"],"build_version":"2019-03-15","purchased_purges":2,"victory":false,"max_hp_per_floor":[75,75,75,75,75,75,75,75,75,75,75,75,75,75,75,75,75,75,75,75,75,75,75,75,75,75,75,75,75,75,75,75,75],"card_choices":[{"not_picked":["Seeing Red","Warcry","Armaments"],"picked":"SKIP","floor":1},{"not_picked":["Clash","Pommel Strike","True Grit"],"picked":"SKIP","floor":2},{"not_picked":["Twin Strike","Bloodletting"],"picked":"Rampage","floor":11},{"not_picked":["Warcry","Fire Breathing","Twin Strike"],"picked":"SKIP","floor":12},{"not_picked":[],"picked":"Shrug It Off","floor":18},{"not_picked":["Warcry+1"],"picked":"SKIP","floor":21},{"not_picked":["Warcry+1"],"picked":"SKIP","floor":25},{"not_picked":[],"picked":"Warcry+1","floor":25},{"not_picked":["Anger"],"picked":"SKIP","floor":27},{"not_picked":[],"picked":"Heavy Blade","floor":29},{"not_picked":["Twin Strike"],"picked":"SKIP","floor":31}],"player_experience":1304000,"relics_obtained":[{"floor":9,"key":"Nunchaku"},{"floor":11,"key":"Pantograph"},{"floor":22,"key":"The Courier"},{"floor":25,"key":"Pen Nib"},{"floor":26,"key":"Bottled Flame"}],"event_choices":[{"damage_healed":0,"gold_gain":0,"player_choice":"Take Damage","damage_taken":26,"relics_obtained":["Golden Idol"],"max_hp_gain":0,"max_hp_loss":0,"event_name":"Golden Idol","floor":3,"gold_loss":0},{"damage_healed":0,"gold_gain":0,"player_choice":"Success","damage_taken":5,"relics_obtained":["Bronze Scales"],"max_hp_gain":0,"max_hp_loss":0,"event_name":"Scrap Ooze","floor":4,"gold_loss":0},{"damage_healed":0,"gold_gain":0,"player_choice":"Grow","damage_taken":0,"max_hp_gain":0,"max_hp_loss":0,"event_name":"Living Wall","floor":5,"gold_loss":0,"cards_upgraded":["Bash"]},{"damage_healed":0,"gold_gain":0,"player_choice":"Leave","damage_taken":0,"max_hp_gain":0,"max_hp_loss":0,"event_name":"The Cleric","floor":14,"gold_loss":0},{"damage_healed":0,"gold_gain":0,"player_choice":"Simplicity","damage_taken":0,"max_hp_gain":0,"max_hp_loss":0,"event_name":"Back to Basics","floor":19,"gold_loss":0,"cards_upgraded":["Strike_R","Strike_R","Strike_R","Strike_R","Strike_R","Defend_R","Defend_R","Defend_R"]},{"damage_healed":0,"gold_gain":0,"player_choice":"Fight","damage_taken":0,"max_hp_gain":0,"max_hp_loss":0,"event_name":"Colosseum","floor":24,"gold_loss":0},{"damage_healed":0,"gold_gain":0,"player_choice":"Fled From Nobs","damage_taken":0,"max_hp_gain":0,"max_hp_loss":0,"event_name":"Colosseum","floor":24,"gold_loss":0}],"is_beta":true,"boss_relics":[{"not_picked":["Runic Pyramid","Fusion Hammer"],"picked":"Busted Crown"}],"items_purged_floors":[7,20],"is_endless":false,"potions_floor_spawned":[1,16,18,25,27],"killed_by":"Automaton","ascension_level":20}