{"gold_per_floor":[11,11,11,27,40,40,53,88,140,140,140,154,169,11,11,82,82,100,0,0,23,34,34,34,34,84,84,96,106,132,149,149,149],"floor_reached":33,"playtime":892,"items_purged":["Juggernaut","Defend_R"],"score":534,"play_id":"09073e44-71fa-4c6a-900c-ba847a87ee42","local_time":"20190330011619","is_ascension_mode":true,"campfire_choices":[{"data":"Bash","floor":6,"key":"SMITH"},{"floor":10,"key":"REST"},{"floor":15,"key":"REST"},{"floor":23,"key":"REST"},{"floor":25,"key":"REST"},{"data":"Pummel","floor":27,"key":"SMITH"},{"floor":32,"key":"REST"}],"neow_cost":"NO_GOLD","seed_source_timestamp":780802495585900,"circlet_count":0,"master_deck":["AscendersBane","Strike_R","Strike_R","Strike_R","Strike_R","Defend_R+1","Bash+1","Shrug It Off","Pummel+1","Sword Boomerang+1","Impervious","Shrug It Off","Sword Boomerang+1","Pummel"],"relics":["Burning Blood","Ornamental Fan","Red Skull","Black Star","Centennial Puzzle","PreservedInsect","Pen Nib","Meat on the Bone"],"potions_floor_usage":[8,13,16,16,30,33,33],"damage_taken":[{"damage":9,"enemies":"Jaw Worm","floor":1,"turns":7},{"damage":6,"enemies":"Cultist","floor":4,"turns":3},{"damage":0,"enemies":"2 Louse","floor":5,"turns":3},{"damage":18,"enemies":"Exordium Wildlife","floor":7,"turns":3},{"damage":49,"enemies":"3 Sentries","floor":8,"turns":10},{"damage":0,"enemies":"2 Fungi Beasts","floor":12,"turns":2},{"damage":2,"enemies":"Lots of Slimes","floor":13,"turns":3},{"damage":58,"enemies":"Hexaghost","floor":16,"turns":8},{"damage":28,"enemies":"2 Thieves","floor":18,"turns":5},{"damage":23,"enemies":"Colosseum Slavers","floor":20,"turns":5},{"damage":5,"enemies":"Shell Parasite","floor":22,"turns":4},{"damage":24,"enemies":"Snake Plant","floor":28,"turns":6},{"damage":22,"enemies":"Cultist and Chosen","floor":29,"turns":7},{"damage":18,"enemies":"Book of Stabbing","floor":30,"turns":4},{"damage":18,"enemies":"Chosen and Byrds","floor":31,"turns":5},{"damage":52,"enemies":"Automaton","floor":33,"turns":4}],"seed_played":"-1634707642836540709","potions_obtained":[{"floor":4,"key":"Explosive Potion"},{"floor":5,"key":"Poison Potion"},{"floor":8,"key":"AttackPotion"},{"floor":13,"key":"Ancient Potion"},{"floor":22,"key":"Dexterity Potion"},{"floor":29,"key":"Dexterity Potion"},{"floor":30,"key":"Strength Potion"}],"is_trial":false,"path_per_floor":["M","$","?","M","M","R","M","E","T","R","?","M","M","$","R","B",null,"M","$","?","T","M","R","?","R","T","R","M","M","E","M","R","B"],"character_chosen":"IRONCLAD","items_purchased":["Regen Potion"],"campfire_rested":5,"item_purchase_floors":[14],"current_hp_per_floor":[65,65,65,65,71,71,59,16,16,38,15,21,25,25,47,10,59,37,37,20,20,21,43,43,65,65,65,47,31,19,19,41,0],"gold":149,"neow_bonus":"TRANSFORM_TWO_CARDS","is_prod":false,"is_daily":false,"chose_seed":false,"campfire_upgraded":2,"win_rate":0,"timestamp":1553904979,"path_taken":["M","$","?","?","M","R","M","E","T","R","?","M","M","$","R","BOSS","M","$","?","?","M","R","?","R","T","R","M","M","E","M","R","BOSS"],"build_version":"2019-03-15","purchased_purges":2,"victory":false,"max_hp_per_floor":[75,75,75,75,75,75,75,75,75,75,75,75,75,75,75,75,75,75,75,75,75,75,75,75,75,75,75,75,75,75,75,75,75],"card_choices":[{"not_picked":["Pommel Strike","Sword Boomerang"],"picked":"Pummel","floor":1},{"not_picked":["Twin Strike","Seeing Red","Flex"],"picked":"SKIP","floor":4},{"not_picked":["Flex","Intimidate"],"picked":"Sword Boomerang","floor":5},{"not_picked":["Headbutt","Carnage","True Grit"],"picked":"SKIP","floor":7},{"not_picked":["Headbutt","Carnage","True Grit"],"picked":"SKIP","floor":7},{"not_picked":["Clothesline","Dual Wield","Headbutt"],"picked":"SKIP","floor":8},{"not_picked":["Headbutt","Rampage","Seeing Red"],"picked":"SKIP","floor":12},{"not_picked":["Armaments","Havoc","Sword Boomerang"],"picked":"SKIP","floor":13},{"not_picked":["Exhume","Reaper"],"picked":"Impervious","floor":16},{"not_picked":["Sword Boomerang","Carnage"],"picked":"Shrug It Off","floor":18},{"not_picked":["Disarm","Perfected Strike","Seeing Red"],"picked":"SKIP","floor":22},{"not_picked":["Evolve","Body Slam","Anger"],"picked":"SKIP","floor":28},{"not_picked":["Cleave","Power Through"],"picked":"Sword Boomerang+1","floor":29},{"not_picked":["Havoc+1","Rage","Anger"],"picked":"SKIP","floor":30},{"not_picked":["Havoc","Clothesline"],"picked":"Pummel","floor":31}],"player_experience":1305289,"relics_obtained":[{"floor":8,"key":"Ornamental Fan"},{"floor":9,"key":"Red Skull"},{"floor":21,"key":"Centennial Puzzle"},{"floor":26,"key":"PreservedInsect"},{"floor":30,"key":"Pen Nib"},{"floor":30,"key":"Meat on the Bone"}],"event_choices":[{"cards_removed":["Defend_R"],"damage_healed":0,"gold_gain":0,"player_choice":"Purged","damage_taken":0,"max_hp_gain":0,"max_hp_loss":0,"event_name":"Purifier","floor":3,"gold_loss":0},{"damage_healed":0,"gold_gain":0,"player_choice":"Entered Light","damage_taken":23,"max_hp_gain":0,"max_hp_loss":0,"event_name":"Shining Light","floor":11,"gold_loss":0,"cards_upgraded":["Defend_R","Sword Boomerang"]},{"damage_healed":0,"gold_gain":0,"player_choice":"Fight","damage_taken":0,"max_hp_gain":0,"max_hp_loss":0,"event_name":"Colosseum","floor":20,"gold_loss":0},{"damage_healed":0,"gold_gain":0,"player_choice":"Fled From Nobs","damage_taken":0,"max_hp_gain":0,"max_hp_loss":0,"event_name":"Colosseum","floor":20,"gold_loss":0},{"damage_healed":0,"gold_gain":0,"player_choice":"0 cards matched","damage_taken":0,"max_hp_gain":0,"max_hp_loss":0,"event_name":"Match and Keep!","floor":24,"gold_loss":0,"cards_obtained":[]}],"is_beta":true,"boss_relics":[{"not_picked":["Runic Dome","White Beast Statue"],"picked":"Black Star"}],"items_purged_floors":[14,19],"is_endless":false,"potions_floor_spawned":[4,5,8,13,20,22,29,30],"killed_by":"Automaton","ascension_level":20}