{"gold_per_floor":[113,113,28,28,3,33,33,63,118,146,146,160,178,253,253,331,331,343,88,99,99,149,149,149],"floor_reached":24,"playtime":440,"items_purged":["Regret"],"score":570,"play_id":"dddcfdfc-07ab-441a-96a6-28d566b23e80","local_time":"20190410214006","is_ascension_mode":true,"campfire_choices":[{"data":"Flame Barrier","floor":7,"key":"SMITH"},{"data":"Inflame","floor":15,"key":"SMITH"},{"data":"Limit Break","floor":23,"key":"SMITH"}],"neow_cost":"NONE","seed_source_timestamp":30074148746300,"circlet_count":0,"master_deck":["AscendersBane","Strike_R","Strike_R","Strike_R","Strike_R","Strike_R","Defend_R","Defend_R","Defend_R","Defend_R","Bash+1","Flame Barrier+1","Heavy Blade+1","Inflame+1","Twin Strike+1","Immolate+1","Doubt","Injury","Limit Break+1"],"relics":["Burning Blood","NeowsBlessing","Molten Egg 2","Pen Nib","FossilizedHelix","Bag of Preparation","Ornamental Fan","Calling Bell","Happy Flower","Pear","Peace Pipe"],"potions_floor_usage":[16,24],"damage_taken":[{"damage":0,"enemies":"Small Slimes","floor":1,"turns":2},{"damage":0,"enemies":"Gremlin Nob","floor":6,"turns":1},{"damage":0,"enemies":"3 Sentries","floor":8,"turns":2},{"damage":21,"enemies":"Lagavulin","floor":10,"turns":6},{"damage":0,"enemies":"2 Louse","floor":12,"turns":2},{"damage":0,"enemies":"Jaw Worm","floor":13,"turns":3},{"damage":19,"enemies":"The Guardian","floor":16,"turns":7},{"damage":25,"enemies":"2 Thieves","floor":18,"turns":3},{"damage":0,"enemies":"Chosen","floor":20,"turns":3},{"damage":48,"enemies":"Gremlin Leader","floor":24,"turns":2}],"seed_played":"1636921552135525096","potions_obtained":[{"floor":1,"key":"EssenceOfSteel"},{"floor":11,"key":"Strength Potion"},{"floor":12,"key":"Dexterity Potion"},{"floor":16,"key":"SteroidPotion"}],"is_trial":false,"path_per_floor":["M","?","$","?","$","E","R","E","T","E","?","M","M","?","R","B",null,"M","$","M","?","?","R","E"],"character_chosen":"IRONCLAD","items_purchased":["Flame Barrier","Heavy Blade+1","Limit Break"],"campfire_rested":0,"item_purchase_floors":[3,5,19],"current_hp_per_floor":[74,74,74,63,63,69,69,75,75,60,60,66,72,61,61,48,78,59,59,65,40,40,40,0],"gold":149,"neow_bonus":"THREE_ENEMY_KILL","is_prod":false,"is_daily":false,"chose_seed":false,"campfire_upgraded":3,"win_rate":0,"timestamp":1554925206,"path_taken":["M","?","$","?","?","E","R","E","T","E","?","?","M","?","R","BOSS","M","$","M","?","?","R","E"],"build_version":"2019-04-04","purchased_purges":1,"victory":false,"max_hp_per_floor":[75,75,75,75,75,75,75,75,75,75,75,75,75,75,75,75,85,85,85,85,90,90,90,90],"card_choices":[{"not_picked":["Fire Breathing","Rampage","Corruption"],"picked":"SKIP","floor":1},{"not_picked":["Flex","Spot Weakness","Ghostly Armor"],"picked":"SKIP","floor":6},{"not_picked":["Combust","Heavy Blade+1","Armaments"],"picked":"SKIP","floor":8},{"not_picked":["Metallicize","Havoc"],"picked":"Inflame","floor":10},{"not_picked":["Thunderclap+1","Sentinel","Armaments"],"picked":"SKIP","floor":12},{"not_picked":["Disarm","Blood for Blood+1"],"picked":"Twin Strike+1","floor":13},{"not_picked":["Offering","Dark Embrace"],"picked":"Immolate+1","floor":16},{"not_picked":["Cleave+1","Twin Strike+1","Entrench"],"picked":"SKIP","floor":18},{"not_picked":["Iron Wave+1","Perfected Strike+1","Clothesline+1"],"picked":"SKIP","floor":20}],"player_experience":1353425,"relics_obtained":[{"floor":6,"key":"Pen Nib"},{"floor":8,"key":"FossilizedHelix"},{"floor":9,"key":"Bag of Preparation"},{"floor":10,"key":"Ornamental Fan"},{"floor":17,"key":"Happy Flower"},{"floor":17,"key":"Pear"},{"floor":17,"key":"Peace Pipe"}],"event_choices":[{"damage_healed":0,"gold_gain":0,"player_choice":"Grow","damage_taken":0,"max_hp_gain":0,"max_hp_loss":0,"event_name":"Living Wall","floor":2,"gold_loss":0,"cards_upgraded":["Bash"]},{"damage_healed":0,"gold_gain":0,"player_choice":"Success","damage_taken":11,"relics_obtained":["Molten Egg 2"],"max_hp_gain":0,"max_hp_loss":0,"event_name":"Scrap Ooze","floor":4,"gold_loss":0},{"damage_healed":0,"gold_gain":0,"player_choice":"Got Potions","damage_taken":0,"max_hp_gain":0,"max_hp_loss":0,"event_name":"Lab","floor":11,"gold_loss":0},{"damage_healed":0,"gold_gain":75,"player_choice":"Gather Gold","damage_taken":11,"max_hp_gain":0,"max_hp_loss":0,"event_name":"World of Goop","floor":14,"gold_loss":0},{"damage_healed":0,"gold_gain":0,"player_choice":"Shed Blood","damage_taken":30,"max_hp_gain":5,"max_hp_loss":0,"event_name":"Forgotten Altar","floor":21,"gold_loss":0},{"damage_healed":0,"gold_gain":50,"player_choice":"Stole From Cult","damage_taken":0,"max_hp_gain":0,"max_hp_loss":0,"event_name":"Nest","floor":22,"gold_loss":0}],"is_beta":true,"boss_relics":[{"not_picked":["Runic Dome","Mark of Pain"],"picked":"Calling Bell"}],"items_purged_floors":[19],"is_endless":false,"potions_floor_spawned":[1,12,16],"killed_by":"Gremlin Leader","ascension_level":20}