{"gold_per_floor":[117,117,131,56,70,70,50,64,64,64,84,84],"floor_reached":12,"playtime":339,"items_purged":["Normality"],"score":140,"play_id":"84153550-ba17-420a-86ff-5e09e4dbb55a","local_time":"20190322223616","is_ascension_mode":true,"campfire_choices":[{"data":"Bash","floor":6,"key":"SMITH"}],"neow_cost":"CURSE","seed_source_timestamp":166922420236200,"circlet_count":0,"master_deck":["AscendersBane","Strike_R","Strike_R","Strike_R+1","Strike_R","Strike_R","Defend_R","Defend_R","Defend_R","Defend_R","Bash+1","Reaper","Shrug It Off+1","Sword Boomerang+1"],"relics":["Burning Blood","Molten Egg 2","Kunai"],"potions_floor_usage":[11,11],"damage_taken":[{"damage":7,"enemies":"Cultist","floor":1,"turns":4},{"damage":7,"enemies":"Small Slimes","floor":3,"turns":4},{"damage":0,"enemies":"2 Louse","floor":5,"turns":4},{"damage":19,"enemies":"Large Slime","floor":8,"turns":7},{"damage":30,"enemies":"Gremlin Gang","floor":11,"turns":8},{"damage":44,"enemies":"3 Sentries","floor":12,"turns":4}],"seed_played":"396573933884291860","potions_obtained":[{"floor":1,"key":"Energy Potion"},{"floor":5,"key":"Block Potion"},{"floor":7,"key":"Energy Potion"},{"floor":8,"key":"BloodPotion"}],"is_trial":false,"path_per_floor":["M","?","M","$","M","R","?","M","T","?","M","E"],"character_chosen":"IRONCLAD","items_purchased":[],"campfire_rested":0,"item_purchase_floors":[],"current_hp_per_floor":[71,71,74,74,75,75,75,62,62,39,30,0],"gold":84,"neow_bonus":"THREE_RARE_CARDS","is_prod":false,"is_daily":false,"chose_seed":false,"campfire_upgraded":1,"win_rate":0,"timestamp":1553290576,"path_taken":["M","?","?","$","M","R","?","?","T","?","M","E"],"build_version":"2019-03-15","purchased_purges":1,"victory":false,"max_hp_per_floor":[75,75,75,75,75,75,75,75,75,75,75,75],"card_choices":[{"not_picked":["Impervious","Exhume"],"picked":"Reaper","floor":0},{"not_picked":["Pommel Strike","Intimidate"],"picked":"Shrug It Off","floor":1},{"not_picked":["True Grit","Intimidate","Havoc"],"picked":"SKIP","floor":3},{"not_picked":["Carnage+1","Flex","Sever Soul+1"],"picked":"SKIP","floor":5},{"not_picked":["Pommel Strike+1","Perfected Strike+1"],"picked":"Sword Boomerang+1","floor":8},{"not_picked":["Seeing Red","Warcry","Rampage+1"],"picked":"SKIP","floor":11}],"player_experience":1271478,"relics_obtained":[{"floor":9,"key":"Kunai"}],"event_choices":[{"damage_healed":0,"gold_gain":0,"player_choice":"Gave Potion","damage_taken":0,"relics_obtained":["Molten Egg 2"],"max_hp_gain":0,"max_hp_loss":0,"event_name":"WeMeetAgain","floor":2,"gold_loss":0},{"damage_healed":0,"gold_gain":0,"player_choice":"Bought 1 Potion","damage_taken":0,"max_hp_gain":0,"max_hp_loss":0,"event_name":"The Woman in Blue","floor":7,"gold_loss":0},{"damage_healed":0,"gold_gain":0,"player_choice":"Entered Light","damage_taken":23,"max_hp_gain":0,"max_hp_loss":0,"event_name":"Shining Light","floor":10,"gold_loss":0,"cards_upgraded":["Shrug It Off","Strike_R"]}],"is_beta":true,"boss_relics":[],"items_purged_floors":[4],"is_endless":false,"potions_floor_spawned":[1,5,8],"killed_by":"3 Sentries","ascension_level":20}