{"gold_per_floor":[110,90,9,22,22,22,22,47,47,47,63,96,125,148,148,242,242,262,262,108,123,123,123,136,136,136,150,170,170,170,85,85,164,164,176,176,195,34,34,34,48,59,111,126,145,145,145,65,65,65],"floor_reached":50,"playtime":2116,"items_purged":["Writhe","Pain"],"score":930,"play_id":"dde2a1cf-34d9-4c1f-b5e0-474ae4919d1e","local_time":"20190120183253","is_ascension_mode":true,"campfire_choices":[{"data":"Noxious Fumes","floor":6,"key":"SMITH"},{"data":"Neutralize","floor":7,"key":"SMITH"},{"data":"Poisoned Stab","floor":10,"key":"SMITH"},{"floor":15,"key":"REST"},{"data":"Footwork","floor":23,"key":"SMITH"},{"data":"Leg Sweep","floor":29,"key":"SMITH"},{"data":"Tools of the Trade","floor":30,"key":"SMITH"},{"floor":32,"key":"REST"},{"data":"Terror","floor":40,"key":"SMITH"},{"data":"Adrenaline","floor":46,"key":"SMITH"},{"floor":49,"key":"REST"}],"neow_cost":"PERCENT_DAMAGE","seed_source_timestamp":106137538170600,"circlet_count":0,"master_deck":["AscendersBane","Defend_G","Defend_G","Defend_G","Strike_G","Strike_G","Strike_G","Strike_G","Survivor","Neutralize+1","Poisoned Stab+1","Noxious Fumes+1","Cloak And Dagger","Dagger Spray","Terror+1","Backstab","Leg Sweep+1","Tools of the Trade+1","Footwork+1","Dash","Adrenaline+1","Die Die Die+1","Dagger Spray+1","Dagger Throw+1","Backflip+1","Dodge and Roll+1"],"relics":["Ring of the Snake","WingedGreaves","Bloody Idol","Anchor","Bottled Flame","Pear","Odd Mushroom","Eternal Feather","Darkstone Periapt","Bottled Tornado","Thread and Needle","Astrolabe","Potion Belt","WarpedTongs","Centennial Puzzle","The Courier"],"potions_floor_usage":[2,16,16,27,28,37,45],"damage_taken":[{"damage":0,"enemies":"2 Louse","floor":1,"turns":3},{"damage":1,"enemies":"Cultist","floor":4,"turns":4},{"damage":1,"enemies":"Jaw Worm","floor":11,"turns":4},{"damage":22,"enemies":"3 Sentries","floor":12,"turns":5},{"damage":4,"enemies":"The Mushroom Lair","floor":13,"turns":4},{"damage":3,"enemies":"Blue Slaver","floor":14,"turns":4},{"damage":42,"enemies":"Slime Boss","floor":16,"turns":10},{"damage":13,"enemies":"3 Byrds","floor":18,"turns":5},{"damage":19,"enemies":"Spheric Guardian","floor":21,"turns":8},{"damage":9,"enemies":"Centurion and Healer","floor":24,"turns":9},{"damage":10,"enemies":"Snake Plant","floor":27,"turns":4},{"damage":14,"enemies":"3 Cultists","floor":28,"turns":5},{"damage":63,"enemies":"Automaton","floor":33,"turns":14},{"damage":10,"enemies":"Orb Walker","floor":35,"turns":4},{"damage":24,"enemies":"3 Darklings","floor":37,"turns":4},{"damage":21,"enemies":"Maw","floor":41,"turns":9},{"damage":13,"enemies":"4 Shapes","floor":42,"turns":7},{"damage":9,"enemies":"Sphere and 2 Shapes","floor":44,"turns":7},{"damage":9,"enemies":"Spire Growth","floor":45,"turns":6},{"damage":96,"enemies":"Awakened One","floor":50,"turns":16}],"seed_played":"-2011752580125538670","potions_obtained":[{"floor":2,"key":"Fruit Juice"},{"floor":11,"key":"PowerPotion"},{"floor":13,"key":"SkillPotion"},{"floor":16,"key":"Fire Potion"},{"floor":18,"key":"LiquidBronze"},{"floor":28,"key":"Ancient Potion"},{"floor":35,"key":"Weak Potion"},{"floor":37,"key":"SneckoOil"},{"floor":42,"key":"FearPotion"}],"is_trial":false,"path_per_floor":["M","?","$","M","?","R","R","T","T","R","M","E","?","M","R","B",null,"M","?","$","M","?","R","M","?","T","M","M","R","R","?","R","B",null,"M","?","M","$","?","R","M","M","T","M","M","R","T","$","R","B"],"character_chosen":"THE_SILENT","items_purchased":["Noxious Fumes","Footwork","Potion Belt"],"campfire_rested":3,"item_purchase_floors":[3,20,38],"current_hp_per_floor":[44,49,49,48,48,48,48,48,48,48,47,35,31,28,50,8,58,45,51,51,32,32,44,35,35,35,30,21,33,45,45,80,22,66,61,61,42,42,48,63,47,39,44,40,36,51,51,51,86,0],"gold":65,"neow_bonus":"ONE_RARE_RELIC","is_prod":false,"is_daily":false,"chose_seed":false,"campfire_upgraded":8,"win_rate":0,"timestamp":1548005573,"path_taken":["M","?","$","?","?","R","R","?","T","R","M","E","?","?","R","BOSS","M","?","$","M","?","R","?","?","T","M","M","R","R","?","R","BOSS","M","?","M","$","?","R","M","M","T","M","?","R","?","$","R","BOSS"],"build_version":"2019-01-19","purchased_purges":2,"victory":false,"max_hp_per_floor":[66,71,71,71,64,64,64,64,64,64,64,74,74,74,74,74,74,74,80,80,80,80,80,80,80,80,80,80,80,80,80,80,80,80,80,80,80,80,86,86,86,86,86,86,86,86,86,86,86,86],"card_choices":[{"not_picked":["Prepared","Predator"],"picked":"Poisoned Stab","floor":1},{"not_picked":["PiercingWail","Predator"],"picked":"Cloak And Dagger","floor":4},{"not_picked":["Prepared","Blade Dance"],"picked":"Dagger Spray","floor":11},{"not_picked":["Heel Hook","Blade Dance"],"picked":"Terror","floor":12},{"not_picked":["Deadly Poison","Escape Plan"],"picked":"Backstab","floor":13},{"not_picked":["Calculated Gamble","Terror"],"picked":"Leg Sweep","floor":14},{"not_picked":["A Thousand Cuts","Phantasmal Killer"],"picked":"Tools of the Trade","floor":16},{"not_picked":["Terror","Bouncing Flask","Slice"],"picked":"SKIP","floor":18},{"not_picked":["Distraction","Slice+1","Poisoned Stab"],"picked":"SKIP","floor":21},{"not_picked":["Sucker Punch","Crippling Poison"],"picked":"Dash","floor":24},{"not_picked":["Prepared","Poisoned Stab+1","Deflect"],"picked":"SKIP","floor":27},{"not_picked":["Finisher","Dagger Throw","Deadly Poison"],"picked":"SKIP","floor":28},{"not_picked":["After Image","Doppelganger"],"picked":"Adrenaline","floor":33},{"not_picked":["Cloak And Dagger","Expertise","Distraction"],"picked":"SKIP","floor":35},{"not_picked":["PiercingWail","Poisoned Stab"],"picked":"Backflip+1","floor":37},{"not_picked":["Quick Slash","Masterful Stab","Bouncing Flask"],"picked":"SKIP","floor":41},{"not_picked":["Riddle With Holes","Choke","Prepared"],"picked":"SKIP","floor":42},{"not_picked":["Backstab+1","Underhanded Strike"],"picked":"Dodge and Roll+1","floor":44},{"not_picked":["Blade Dance","Deadly Poison","Dagger Throw"],"picked":"SKIP","floor":45}],"player_experience":1055172,"relics_obtained":[{"floor":8,"key":"Anchor"},{"floor":9,"key":"Bottled Flame"},{"floor":12,"key":"Pear"},{"floor":13,"key":"Odd Mushroom"},{"floor":26,"key":"Bottled Tornado"},{"floor":43,"key":"Centennial Puzzle"},{"floor":47,"key":"The Courier"}],"event_choices":[{"damage_healed":0,"gold_gain":0,"player_choice":"Bought 1 Potion","damage_taken":0,"max_hp_gain":0,"max_hp_loss":0,"event_name":"The Woman in Blue","floor":2,"gold_loss":0},{"damage_healed":0,"gold_gain":0,"player_choice":"Lose Max HP","damage_taken":0,"relics_obtained":["Golden Idol"],"max_hp_gain":0,"max_hp_loss":7,"event_name":"Golden Idol","floor":5,"gold_loss":0},{"damage_healed":0,"gold_gain":0,"player_choice":"Fought Mushrooms","damage_taken":0,"max_hp_gain":0,"max_hp_loss":0,"event_name":"Mushrooms","floor":13,"gold_loss":0},{"damage_healed":0,"gold_gain":0,"player_choice":"Opened","damage_taken":0,"relics_obtained":["Darkstone Periapt"],"max_hp_gain":0,"max_hp_loss":0,"event_name":"The Mausoleum","floor":19,"gold_loss":0,"cards_obtained":["Writhe"]},{"damage_healed":0,"gold_gain":0,"player_choice":"0 cards matched","damage_taken":0,"max_hp_gain":0,"max_hp_loss":0,"event_name":"Match and Keep!","floor":22,"gold_loss":0,"cards_obtained":[]},{"damage_healed":0,"gold_gain":0,"player_choice":"Gave Idol","damage_taken":0,"relics_obtained":["Bloody Idol"],"max_hp_gain":0,"max_hp_loss":0,"event_name":"Forgotten Altar","floor":25,"relics_lost":["Golden Idol"],"gold_loss":0},{"damage_healed":0,"gold_gain":0,"player_choice":"Obtained Relic","damage_taken":0,"relics_obtained":["Thread and Needle"],"max_hp_gain":0,"max_hp_loss":0,"event_name":"Addict","floor":31,"gold_loss":85},{"damage_healed":0,"gold_gain":0,"player_choice":"Memory 1","damage_taken":0,"max_hp_gain":0,"max_hp_loss":0,"event_name":"SensoryStone","floor":36,"gold_loss":0},{"damage_healed":0,"gold_gain":0,"player_choice":"Rummage","damage_taken":0,"relics_obtained":["WarpedTongs"],"max_hp_gain":0,"max_hp_loss":0,"event_name":"Accursed Blacksmith","floor":39,"gold_loss":0,"cards_obtained":["Pain"]}],"is_beta":true,"boss_relics":[{"not_picked":["Empty Cage","Busted Crown"],"picked":"Eternal Feather"},{"not_picked":["Fusion Hammer","Ring of the Serpent"],"picked":"Astrolabe"}],"items_purged_floors":[20,48],"is_endless":false,"potions_floor_spawned":[11,13,16,18,21,28,35,37,42],"killed_by":"Awakened One","ascension_level":20}