{"gold_per_floor":[114,114,114,130,130,171,10,23,23,23,57,57,76,119,119,209,209,234,92,116,116,0,0,40,40,65,65],"floor_reached":27,"playtime":576,"items_purged":["Strike_R","Defend_R"],"score":544,"play_id":"b4ecbb2b-6abd-4b4c-bdf3-bc198ab97684","local_time":"20190328231618","is_ascension_mode":true,"campfire_choices":[{"data":"Inflame","floor":12,"key":"SMITH"},{"floor":15,"key":"REST"},{"data":"Bash","floor":23,"key":"SMITH"}],"neow_cost":"NONE","seed_source_timestamp":687513679252800,"circlet_count":0,"master_deck":["AscendersBane","Strike_R","Strike_R","Defend_R+1","Defend_R+1","Bash+1","Fiend Fire+1","Inflame+1","Pommel Strike","Limit Break","Impervious+1","Pain"],"relics":["Burning Blood","NeowsBlessing","Golden Idol","Bag of Preparation","Pear","The Courier","Matryoshka","Snecko Eye","Regal Pillow","WarpedTongs","War Paint"],"potions_floor_usage":[16,16,20],"damage_taken":[{"damage":0,"enemies":"Small Slimes","floor":1,"turns":1},{"damage":0,"enemies":"2 Louse","floor":4,"turns":1},{"damage":0,"enemies":"Lagavulin","floor":6,"turns":1},{"damage":0,"enemies":"Cultist","floor":8,"turns":3},{"damage":8,"enemies":"Gremlin Nob","floor":11,"turns":3},{"damage":0,"enemies":"Large Slime","floor":13,"turns":3},{"damage":20,"enemies":"Lagavulin","floor":14,"turns":4},{"damage":39,"enemies":"The Guardian","floor":16,"turns":8},{"damage":11,"enemies":"2 Thieves","floor":18,"turns":2},{"damage":7,"enemies":"3 Byrds","floor":20,"turns":4},{"damage":20,"enemies":"Gremlin Leader","floor":24,"turns":4},{"damage":0,"enemies":"3 Cultists","floor":27,"turns":1}],"seed_played":"-8012886651340385214","potions_obtained":[{"floor":4,"key":"FearPotion"},{"floor":11,"key":"Strength Potion"},{"floor":16,"key":"Explosive Potion"},{"floor":20,"key":"EssenceOfSteel"},{"floor":24,"key":"Fire Potion"}],"is_trial":false,"path_per_floor":["M","?","?","M","?","E","$","M","T","?","E","R","M","E","R","B",null,"M","$","M","?","?","R","E","?","T","M"],"character_chosen":"IRONCLAD","items_purchased":["Inflame","Impervious"],"campfire_rested":1,"item_purchase_floors":[7,19],"current_hp_per_floor":[74,48,41,47,47,53,53,59,69,43,41,41,47,33,58,25,70,65,65,64,64,64,64,50,50,50,50],"gold":65,"neow_bonus":"THREE_ENEMY_KILL","is_prod":false,"is_daily":false,"chose_seed":false,"campfire_upgraded":2,"win_rate":0,"timestamp":1553811378,"path_taken":["M","?","?","M","?","E","$","?","T","?","E","R","M","E","R","BOSS","M","$","M","?","?","R","E","?","T","?"],"build_version":"2019-03-15","purchased_purges":2,"victory":false,"max_hp_per_floor":[75,75,75,75,75,75,75,75,85,85,85,85,85,85,85,85,85,85,85,85,85,85,85,85,85,85,85],"card_choices":[{"not_picked":["Flex","True Grit","Body Slam"],"picked":"SKIP","floor":1},{"not_picked":["Anger","Infernal Blade","Metallicize"],"picked":"SKIP","floor":4},{"not_picked":["Bloodletting","Pommel Strike"],"picked":"Fiend Fire","floor":6},{"not_picked":["Entrench","Perfected Strike","Armaments"],"picked":"SKIP","floor":8},{"not_picked":["Intimidate","Thunderclap"],"picked":"Pommel Strike","floor":11},{"not_picked":["Shockwave","Warcry","Wild Strike"],"picked":"SKIP","floor":13},{"not_picked":["Reckless Charge","Clash","Havoc"],"picked":"SKIP","floor":14},{"not_picked":["Double Tap","Reaper"],"picked":"Limit Break","floor":16},{"not_picked":["Perfected Strike+1","Clothesline","Dropkick"],"picked":"SKIP","floor":18},{"not_picked":["Reckless Charge","Wild Strike","Cleave"],"picked":"SKIP","floor":20},{"not_picked":["Body Slam","Clash","Rupture"],"picked":"SKIP","floor":24}],"player_experience":1299896,"relics_obtained":[{"floor":6,"key":"Bag of Preparation"},{"floor":9,"key":"Pear"},{"floor":11,"key":"The Courier"},{"floor":14,"key":"Matryoshka"},{"floor":24,"key":"Regal Pillow"},{"floor":26,"key":"War Paint"}],"event_choices":[{"damage_healed":0,"gold_gain":0,"player_choice":"Take Damage","damage_taken":26,"relics_obtained":["Golden Idol"],"max_hp_gain":0,"max_hp_loss":0,"event_name":"Golden Idol","floor":2,"gold_loss":0},{"cards_removed":["Defend_R"],"damage_healed":0,"gold_gain":0,"player_choice":"Card Removal","damage_taken":7,"max_hp_gain":0,"max_hp_loss":0,"event_name":"Golden Wing","floor":3,"gold_loss":0},{"cards_removed":["Strike_R"],"damage_healed":0,"gold_gain":0,"player_choice":"Card Removal","damage_taken":0,"max_hp_gain":0,"max_hp_loss":0,"event_name":"Wheel of Change","floor":5,"gold_loss":0},{"damage_healed":0,"gold_gain":0,"player_choice":"Entered Light","damage_taken":26,"max_hp_gain":0,"max_hp_loss":0,"event_name":"Shining Light","floor":10,"gold_loss":0,"cards_upgraded":["Defend_R","Fiend Fire"]},{"cards_removed":["Strike_R"],"damage_healed":0,"gold_gain":0,"player_choice":"Elegance","damage_taken":0,"max_hp_gain":0,"max_hp_loss":0,"event_name":"Back to Basics","floor":21,"gold_loss":0},{"damage_healed":0,"gold_gain":0,"player_choice":"Paid Fearfully","damage_taken":0,"max_hp_gain":0,"max_hp_loss":0,"event_name":"Masked Bandits","floor":22,"gold_loss":116},{"damage_healed":0,"gold_gain":0,"player_choice":"Rummage","damage_taken":0,"relics_obtained":["WarpedTongs"],"max_hp_gain":0,"max_hp_loss":0,"event_name":"Accursed Blacksmith","floor":25,"gold_loss":0,"cards_obtained":["Pain"]}],"is_beta":true,"boss_relics":[{"not_picked":["White Beast Statue","Orrery"],"picked":"Snecko Eye"}],"items_purged_floors":[7,19],"is_endless":false,"potions_floor_spawned":[4,11,13,16,20,24],"killed_by":"3 Cultists","ascension_level":20}