{"gold_per_floor":[113,54,74,74,89,89,105,105,132,142,142,67,67,99,99,175,175,189,203,203,213,29,29],"floor_reached":23,"playtime":440,"items_purged":["Defend_R"],"score":382,"play_id":"f00e7516-f844-4352-81af-d19b39b8643a","local_time":"20190330001844","is_ascension_mode":true,"campfire_choices":[{"data":"Bash","floor":6,"key":"SMITH"},{"data":"Heavy Blade","floor":8,"key":"SMITH"},{"data":"Spot Weakness","floor":11,"key":"SMITH"},{"floor":13,"key":"RECALL"},{"data":"Shrug It Off","floor":15,"key":"SMITH"}],"neow_cost":"NONE","seed_source_timestamp":777799531938900,"circlet_count":0,"master_deck":["AscendersBane","Strike_R","Strike_R","Strike_R","Defend_R","Bash+1","Heavy Blade+1","Spot Weakness+1","Shrug It Off+1","Immolate","Bludgeon+1","Clash+1","Metallicize+1","Writhe","Sword Boomerang","Inflame"],"relics":["Burning Blood","NeowsBlessing","Pen Nib","Boot","Astrolabe","Red Skull"],"potions_floor_usage":[14,14,16,16,21,23],"damage_taken":[{"damage":0,"enemies":"Cultist","floor":1,"turns":1},{"damage":0,"enemies":"Small Slimes","floor":3,"turns":1},{"damage":0,"enemies":"Jaw Worm","floor":5,"turns":1},{"damage":13,"enemies":"3 Louse","floor":7,"turns":4},{"damage":6,"enemies":"2 Fungi Beasts","floor":10,"turns":4},{"damage":25,"enemies":"Lagavulin","floor":14,"turns":5},{"damage":32,"enemies":"Hexaghost","floor":16,"turns":7},{"damage":24,"enemies":"Shell Parasite","floor":18,"turns":4},{"damage":0,"enemies":"Spheric Guardian","floor":19,"turns":2},{"damage":22,"enemies":"Chosen and Byrds","floor":21,"turns":4},{"damage":37,"enemies":"Slavers","floor":23,"turns":3}],"seed_played":"3984942787272235537","potions_obtained":[{"floor":5,"key":"EssenceOfSteel"},{"floor":10,"key":"EntropicBrew"},{"floor":19,"key":"LiquidBronze"}],"is_trial":false,"path_per_floor":["M","$","M","?","M","R","M","R","T","M","R","$","R","E","R","B",null,"M","M","?","M","$","E"],"character_chosen":"IRONCLAD","items_purchased":["Heavy Blade","Block Potion","Sword Boomerang","Inflame"],"campfire_rested":0,"item_purchase_floors":[2,22,22,22],"current_hp_per_floor":[74,74,75,75,75,75,68,68,68,68,68,68,68,49,49,23,62,44,50,50,34,34,0],"gold":29,"neow_bonus":"THREE_ENEMY_KILL","is_prod":false,"is_daily":false,"chose_seed":false,"campfire_upgraded":4,"win_rate":0,"timestamp":1553901524,"path_taken":["M","$","?","?","?","R","M","R","T","?","R","$","R","E","R","BOSS","M","M","?","M","$","E"],"build_version":"2019-03-15","purchased_purges":1,"victory":false,"max_hp_per_floor":[75,75,75,75,75,75,75,75,75,75,75,75,75,75,75,75,75,75,75,75,75,75,75],"card_choices":[{"not_picked":["Body Slam","Headbutt","Sentinel"],"picked":"SKIP","floor":1},{"not_picked":["Perfected Strike","Wild Strike","Heavy Blade"],"picked":"SKIP","floor":3},{"not_picked":["Intimidate","Dual Wield"],"picked":"Spot Weakness","floor":5},{"not_picked":["Cleave","Warcry"],"picked":"Shrug It Off","floor":7},{"not_picked":["Flex","Bludgeon","Clothesline"],"picked":"SKIP","floor":10},{"not_picked":["Uppercut","Power Through","Havoc"],"picked":"SKIP","floor":14},{"not_picked":["Dark Embrace","Reaper"],"picked":"Immolate","floor":16},{"not_picked":["Twin Strike","Burning Pact","Whirlwind"],"picked":"SKIP","floor":18},{"not_picked":["Cleave+1","Dropkick","Wild Strike"],"picked":"SKIP","floor":19},{"not_picked":["Bloodletting","Thunderclap","Rage"],"picked":"SKIP","floor":21}],"player_experience":1302525,"relics_obtained":[{"floor":9,"key":"Pen Nib"},{"floor":14,"key":"Boot"}],"event_choices":[{"cards_removed":["Defend_R"],"damage_healed":0,"gold_gain":0,"player_choice":"Purged","damage_taken":0,"max_hp_gain":0,"max_hp_loss":0,"event_name":"Purifier","floor":4,"gold_loss":0},{"damage_healed":0,"gold_gain":0,"player_choice":"Opened","damage_taken":0,"relics_obtained":["Red Skull"],"max_hp_gain":0,"max_hp_loss":0,"event_name":"The Mausoleum","floor":20,"gold_loss":0,"cards_obtained":["Writhe"]}],"is_beta":true,"boss_relics":[{"not_picked":["Ectoplasm","Empty Cage"],"picked":"Astrolabe"}],"items_purged_floors":[12],"is_endless":false,"potions_floor_spawned":[5,10,14,19],"killed_by":"Slavers","ascension_level":20}