{"gold_per_floor":[116,291,303,23,39,39,68,68,68,68,78,78,78,97,97,97],"floor_reached":16,"playtime":305,"items_purged":["Doubt"],"score":150,"play_id":"b8936c71-d7c6-4951-8145-71a4991772fb","local_time":"20181026000602","is_ascension_mode":true,"campfire_choices":[{"data":"Perfected Strike","floor":6,"key":"SMITH"},{"data":"Uppercut","floor":8,"key":"SMITH"},{"data":"Wild Strike","floor":15,"key":"SMITH"}],"neow_cost":"CURSE","seed_source_timestamp":706558809223100,"circlet_count":0,"master_deck":["Strike_R","Strike_R","Strike_R","Strike_R","Strike_R","Defend_R","Defend_R","Defend_R","Defend_R","Bash","AscendersBane","Swift Strike","Bandage Up","Perfected Strike+1","Wild Strike+1","Uppercut+1","Pommel Strike","Double Tap"],"relics":["Burning Blood","Strange Spoon","Pear","Mercury Hourglass","Letter Opener","Golden Idol"],"potions_floor_usage":[],"damage_taken":[{"damage":0,"enemies":"Small Slimes","floor":1,"turns":3},{"damage":13,"enemies":"Jaw Worm","floor":3,"turns":4},{"damage":7,"enemies":"2 Louse","floor":5,"turns":2},{"damage":16,"enemies":"Gremlin Nob","floor":7,"turns":3},{"damage":11,"enemies":"Exordium Thugs","floor":11,"turns":2},{"damage":21,"enemies":"Blue Slaver","floor":14,"turns":3},{"damage":39,"enemies":"The Guardian","floor":16,"turns":7}],"seed_played":"-5124393269935492279","potions_obtained":[{"floor":7,"key":"LiquidBronze"},{"floor":11,"key":"Swift Potion"},{"floor":14,"key":"Ancient Potion"}],"is_trial":false,"path_per_floor":["M","?","M","$","M","R","E","R","T","?","M","?","?","M","R"],"character_chosen":"IRONCLAD","items_purchased":["Strange Spoon"],"campfire_rested":0,"item_purchase_floors":[4],"current_hp_per_floor":[80,80,77,77,80,80,80,80,80,80,75,68,46,35,35,0],"gold":97,"neow_bonus":"RANDOM_COLORLESS_2","is_prod":false,"is_daily":false,"chose_seed":false,"campfire_upgraded":3,"win_rate":0,"timestamp":1540537562,"path_taken":["M","?","M","?","M","R","E","R","T","?","M","?","?","M","R","BOSS"],"build_version":"2018-10-25v2","purchased_purges":1,"victory":false,"max_hp_per_floor":[80,80,80,80,80,80,90,90,90,90,90,90,90,90,90,90],"card_choices":[{"not_picked":["True Grit","Wild Strike"],"picked":"Perfected Strike","floor":1},{"not_picked":["Thunderclap","Second Wind"],"picked":"Wild Strike","floor":3},{"not_picked":["Clash","Headbutt"],"picked":"Uppercut","floor":5},{"not_picked":["Sword Boomerang","Anger"],"picked":"Pommel Strike","floor":7},{"not_picked":["Pommel Strike","Second Wind"],"picked":"Double Tap","floor":11},{"not_picked":["Havoc","Flex","Clash"],"picked":"SKIP","floor":14}],"player_experience":389676,"relics_obtained":[{"floor":7,"key":"Pear"},{"floor":9,"key":"Mercury Hourglass"}],"event_choices":[{"damage_healed":0,"gold_gain":175,"player_choice":"AGREE","damage_taken":0,"max_hp_gain":0,"max_hp_loss":0,"event_name":"Liars Game","floor":2,"gold_loss":0,"cards_obtained":["Doubt"]},{"damage_healed":0,"gold_gain":0,"player_choice":"Gave Potion","damage_taken":0,"relics_obtained":["Letter Opener"],"max_hp_gain":0,"max_hp_loss":0,"event_name":"WeMeetAgain","floor":10,"gold_loss":0},{"cards_removed":["Writhe"],"damage_healed":0,"gold_gain":0,"player_choice":"Card Removal","damage_taken":7,"max_hp_gain":0,"max_hp_loss":0,"event_name":"Golden Wing","floor":12,"gold_loss":0},{"damage_healed":0,"gold_gain":0,"player_choice":"Take Damage","damage_taken":22,"relics_obtained":["Golden Idol"],"max_hp_gain":0,"max_hp_loss":0,"event_name":"Golden Idol","floor":13,"gold_loss":0}],"is_beta":true,"boss_relics":[],"items_purged_floors":[4],"is_endless":false,"potions_floor_spawned":[7,11,14],"killed_by":"The Guardian","ascension_level":10}