{"gold_per_floor":[117,267,267,313,328,363,381,412,412,412,425,440,440,472,472,545,545,560,560,571,486,496,496,529,529,529,529,546,556,568,579,579,654,654,674,692,692,708,152,187,187,187,187,213,213,224,32,44,44,44,44,44,44,44,44],"floor_reached":55,"playtime":1893,"items_purged":["Pain"],"score":2013,"play_id":"03e0e2d7-852e-4d72-aa6a-1957ae63aeec","local_time":"20190427182509","is_ascension_mode":true,"campfire_choices":[{"data":"Bash","floor":10.0,"key":"SMITH"},{"data":"Inflame","floor":15.0,"key":"SMITH"},{"floor":23.0,"key":"REST"},{"floor":27,"key":"REST"},{"floor":32,"key":"REST"},{"floor":41,"key":"RECALL"},{"floor":45,"key":"REST"},{"floor":49,"key":"REST"},{"data":"Demon Form","floor":53,"key":"SMITH"}],"neow_cost":"NONE","seed_source_timestamp":0,"circlet_count":0,"master_deck":["AscendersBane","Strike_R","Strike_R+1","Strike_R","Strike_R+1","Strike_R","Defend_R","Defend_R","Defend_R","Bash+1","Pummel","Inflame+1","Twin Strike","Sword Boomerang","Demon Form+1","Sword Boomerang+1","Feed+1","Searing Blow+2","Injury","Heavy Blade+1","Shrug It Off","Reaper+1","Uppercut+1","Shrug It Off","Shrug It Off+1"],"special_seed":0,"relics":["Burning Blood","NeowsBlessing","Happy Flower","Darkstone Periapt","Lantern","PreservedInsect","Bag of Preparation","Cursed Key","WarpedTongs","Red Skull","Molten Egg 2","Snecko Eye","Mercury Hourglass","Omamori","Potion Belt","Kunai","Mummified Hand"],"potions_floor_usage":[33,33,40,48,50,50,51,51],"damage_taken":[{"damage":0.0,"enemies":"Small Slimes","floor":1.0,"turns":1.0},{"damage":0.0,"enemies":"Jaw Worm","floor":5.0,"turns":1.0},{"damage":0.0,"enemies":"Lagavulin","floor":6.0,"turns":1.0},{"damage":0.0,"enemies":"Cultist","floor":7.0,"turns":3.0},{"damage":32.0,"enemies":"Gremlin Nob","floor":8.0,"turns":4.0},{"damage":7.0,"enemies":"Looter","floor":11.0,"turns":3.0},{"damage":11.0,"enemies":"2 Fungi Beasts","floor":12.0,"turns":3.0},{"damage":0.0,"enemies":"Lagavulin","floor":14.0,"turns":4.0},{"damage":14.0,"enemies":"Slime Boss","floor":16.0,"turns":6.0},{"damage":23.0,"enemies":"3 Byrds","floor":18.0,"turns":4.0},{"damage":29.0,"enemies":"2 Thieves","floor":20.0,"turns":3.0},{"damage":1.0,"enemies":"Snecko","floor":22.0,"turns":3.0},{"damage":32.0,"enemies":"Gremlin Leader","floor":24.0,"turns":5.0},{"damage":21,"enemies":"Centurion and Healer","floor":28,"turns":3},{"damage":26,"enemies":"3 Cultists","floor":29,"turns":4},{"damage":3,"enemies":"Chosen and Byrds","floor":30,"turns":3},{"damage":16,"enemies":"Cultist and Chosen","floor":31,"turns":4},{"damage":34,"enemies":"Automaton","floor":33,"turns":6},{"damage":29,"enemies":"3 Shapes","floor":35,"turns":10},{"damage":26,"enemies":"Orb Walker","floor":36,"turns":3},{"damage":12,"enemies":"Transient","floor":38,"turns":6},{"damage":54,"enemies":"Giant Head","floor":40,"turns":6},{"damage":73,"enemies":"Reptomancer","floor":44,"turns":5},{"damage":25,"enemies":"Spire Growth","floor":46,"turns":3},{"damage":33,"enemies":"3 Darklings","floor":48,"turns":6},{"damage":54,"enemies":"Time Eater","floor":50,"turns":7},{"damage":49,"enemies":"Awakened One","floor":51,"turns":6},{"damage":97,"enemies":"Shield and Spear","floor":55,"turns":3}],"seed_played":"3775909380843151694","potions_obtained":[{"floor":1.0,"key":"FearPotion"},{"floor":6.0,"key":"AttackPotion"},{"floor":8.0,"key":"Dexterity Potion"},{"floor":14.0,"key":"Swift Potion"},{"floor":24.0,"key":"PowerPotion"},{"floor":33,"key":"Ancient Potion"},{"floor":40,"key":"Strength Potion"},{"floor":46,"key":"Explosive Potion"},{"floor":48,"key":"BloodPotion"}],"is_trial":false,"path_per_floor":["M","?","?","T","M","E","M","E","T","R","M","M","?","E","R","B",null,"M","?","M","?","M","R","E","?","T","R","M","M","M","M","R","B",null,"M","M","?","M","$","E","R","?","T","E","R","M","$","M","R","B","B",null,"R","$","E"],"character_chosen":"IRONCLAD","items_purchased":["Mercury Hourglass","Omamori","PowerPotion","Shrug It Off","Regen Potion","BloodPotion"],"campfire_rested":5,"item_purchase_floors":[39,39,39,47,47,47],"current_hp_per_floor":[74,74,51,51,57,63,69,43,43,43,42,37,30,36,36,28,63,46,52,29,29,34,58,32,32,38,64,53,37,40,30,58,30,79,83,75,75,93,93,77,77,77,77,25,54,42,42,49,78,47,53,88,88,88,0],"gold":44,"neow_bonus":"THREE_ENEMY_KILL","is_prod":false,"is_daily":false,"chose_seed":false,"campfire_upgraded":3,"win_rate":0,"timestamp":1556382309,"path_taken":["M","?","?","?","?","E","M","E","T","R","M","M","?","E","R","BOSS","M","?","?","?","M","R","E","?","T","R","M","?","M","M","R","BOSS","M","?","?","M","$","E","R","?","T","E","R","M","$","M","R","BOSS","BOSS","R","$","E"],"build_version":"2019-04-23","purchased_purges":1,"victory":false,"max_hp_per_floor":[75,75,75,75,75,75,75,75,75,75,75,75,75,75,75,75,75,75,81,81,81,81,81,81,81,87,87,91,95,95,95,95,95,95,99,99,99,99,99,99,99,99,99,99,99,99,99,99,99,99,99,99,99,99,99],"card_choices":[{"not_picked":["Second Wind","Entrench","Rage"],"picked":"SKIP","floor":1.0},{"not_picked":["Searing Blow","Seeing Red"],"picked":"Pummel","floor":5.0},{"not_picked":["Thunderclap","True Grit"],"picked":"Inflame","floor":6.0},{"not_picked":["Clothesline","Wild Strike","Flex"],"picked":"SKIP","floor":7.0},{"not_picked":["Carnage","Clash"],"picked":"Twin Strike","floor":8.0},{"not_picked":["Searing Blow","Second Wind","Havoc"],"picked":"SKIP","floor":11.0},{"not_picked":["Intimidate","Power Through"],"picked":"Sword Boomerang","floor":12.0},{"not_picked":["Armaments","Reaper","Feel No Pain"],"picked":"SKIP","floor":14.0},{"not_picked":["Brutality","Offering"],"picked":"Demon Form","floor":16.0},{"not_picked":["Body Slam+1","Pommel Strike"],"picked":"Sword Boomerang+1","floor":18.0},{"not_picked":["Fire Breathing+1","Iron Wave","Thunderclap"],"picked":"SKIP","floor":20.0},{"not_picked":["Iron Wave","Spot Weakness","Burning Pact"],"picked":"SKIP","floor":22.0},{"not_picked":["Bloodletting","Dark Embrace","Anger+1"],"picked":"SKIP","floor":24.0},{"not_picked":["Sever Soul+1","Clash+1","Shockwave+1"],"picked":"SKIP","floor":28},{"not_picked":["Sever Soul+1","Thunderclap+1"],"picked":"Heavy Blade+1","floor":29},{"not_picked":["Sentinel","Infernal Blade","Flex"],"picked":"SKIP","floor":30},{"not_picked":["Perfected Strike+1","Hemokinesis+1"],"picked":"Shrug It Off","floor":31},{"not_picked":["Bludgeon+1","Immolate+1"],"picked":"Reaper+1","floor":33},{"not_picked":["Iron Wave+1","Pommel Strike+1","Entrench"],"picked":"SKIP","floor":35},{"not_picked":["Uppercut+1","Metallicize","Infernal Blade"],"picked":"SKIP","floor":36},{"not_picked":["Metallicize","Infernal Blade"],"picked":"Uppercut+1","floor":36},{"not_picked":["Iron Wave+1","Body Slam+1","Seeing Red+1"],"picked":"SKIP","floor":38},{"not_picked":["Burning Pact","Flex","Clothesline+1"],"picked":"SKIP","floor":40},{"not_picked":["Carnage+1","Hemokinesis+1","Twin Strike+1"],"picked":"SKIP","floor":44},{"not_picked":["Bloodletting+1","Combust","Spot Weakness"],"picked":"SKIP","floor":46},{"not_picked":["Body Slam+1","Wild Strike+1"],"picked":"Shrug It Off+1","floor":48}],"player_experience":1415960,"relics_obtained":[{"floor":4.0,"key":"Happy Flower"},{"floor":6.0,"key":"Darkstone Periapt"},{"floor":8.0,"key":"Lantern"},{"floor":9.0,"key":"PreservedInsect"},{"floor":14.0,"key":"Bag of Preparation"},{"floor":24.0,"key":"Molten Egg 2"},{"floor":40,"key":"Potion Belt"},{"floor":43,"key":"Kunai"},{"floor":44,"key":"Mummified Hand"}],"event_choices":[{"damage_healed":0.0,"max_hp_gain":0.0,"max_hp_loss":0.0,"gold_gain":150.0,"event_name":"Liars Game","player_choice":"AGREE","floor":2.0,"gold_loss":0.0,"damage_taken":0.0,"cards_obtained":["Doubt"]},{"damage_healed":0.0,"max_hp_gain":0.0,"max_hp_loss":0.0,"gold_gain":0.0,"event_name":"Shining Light","player_choice":"Entered Light","floor":3.0,"gold_loss":0.0,"damage_taken":23.0,"cards_upgraded":["Strike_R","Strike_R"]},{"cards_removed":["Doubt"],"damage_healed":0.0,"max_hp_gain":0.0,"max_hp_loss":0.0,"gold_gain":0.0,"event_name":"Golden Wing","player_choice":"Card Removal","floor":13.0,"gold_loss":0.0,"damage_taken":7.0},{"damage_healed":0.0,"max_hp_gain":0.0,"max_hp_loss":0.0,"gold_gain":0.0,"event_name":"Accursed Blacksmith","player_choice":"Rummage","floor":19.0,"gold_loss":0.0,"damage_taken":0.0,"relics_obtained":["WarpedTongs"],"cards_obtained":["Pain"]},{"damage_healed":0.0,"max_hp_gain":0.0,"max_hp_loss":0.0,"gold_gain":0.0,"event_name":"Addict","player_choice":"Obtained Relic","floor":21.0,"gold_loss":85.0,"damage_taken":0.0,"relics_obtained":["Red Skull"]},{"damage_healed":0,"gold_gain":0,"player_choice":"2 cards matched","damage_taken":0,"max_hp_gain":0,"max_hp_loss":0,"event_name":"Match and Keep!","floor":25,"gold_loss":0,"cards_obtained":["Feed","Searing Blow"]},{"damage_healed":0,"gold_gain":0,"player_choice":"Ignored","damage_taken":0,"max_hp_gain":0,"max_hp_loss":0,"event_name":"Tomb of Lord Red Mask","floor":37,"gold_loss":0},{"cards_removed":["Defend_R"],"damage_healed":0,"gold_gain":0,"player_choice":"Removed Skill","damage_taken":0,"max_hp_gain":0,"max_hp_loss":0,"event_name":"Falling","floor":42,"gold_loss":0}],"is_beta":true,"boss_relics":[{"not_picked":["Velvet Choker","Astrolabe"],"picked":"Cursed Key"},{"not_picked":["Fusion Hammer","Black Star"],"picked":"Snecko Eye"}],"items_purged_floors":[39],"is_endless":false,"potions_floor_spawned":[1,6,8,14,24,29,30,31,33,40,46,48],"killed_by":"Shield and Spear","ascension_level":20}