{"path_per_floor":["M","M","M","?","?","R","E","M","T","?","M","E","M","M","R"],"character_chosen":"THE_SILENT","items_purchased":[],"gold_per_floor":[114,129,146,146,146,146,171,188,188,188,208,235,248,259,259,259],"floor_reached":16,"campfire_rested":0,"playtime":574,"item_purchase_floors":[],"current_hp_per_floor":[70,65,65,70,70,70,34,33,33,33,33,28,28,28,28,0],"items_purged":[],"gold":259,"score":114,"play_id":"df48b727-9e2f-4dcd-921a-02aaf82e3550","local_time":"20180520191629","is_prod":false,"is_daily":false,"chose_seed":false,"is_ascension_mode":false,"campfire_upgraded":2,"timestamp":1526868989,"campfire_choices":[{"data":"Neutralize","floor":6,"key":"SMITH"},{"data":"Cloak And Dagger","floor":15,"key":"SMITH"}],"path_taken":["M","M","M","?","?","R","E","M","T","?","M","E","M","M","R","BOSS"],"build_version":"2018-05-18","seed_source_timestamp":207263000624484,"purchased_purges":0,"victory":false,"master_deck":["Defend_G","Defend_G","Defend_G","Defend_G","Defend_G","Strike_G","Strike_G","Strike_G","Strike_G","Strike_G","Survivor","Neutralize+1","Quick Slash","Dash","Dagger Spray","Expertise","Dagger Spray","Bullet Time","Cloak And Dagger+1"],"max_hp_per_floor":[70,70,70,75,75,75,75,75,75,75,75,75,75,75,75,75],"relics":["Ring of the Snake","Calipers","Prayer Wheel","Du-Vu Doll"],"card_choices":[{"not_picked":["Deflect","PiercingWail"],"picked":"Quick Slash","floor":1},{"not_picked":["Flechettes","Catalyst"],"picked":"Dash","floor":2},{"not_picked":["Bane","Prepared","Blade Dance"],"picked":"SKIP","floor":3},{"not_picked":["Distraction","Crippling Poison"],"picked":"Dagger Spray","floor":7},{"not_picked":["Bane","Underhanded Strike","Flying Knee"],"picked":"SKIP","floor":8},{"not_picked":["Endless Agony","Quick Slash"],"picked":"Cloak And Dagger","floor":11},{"not_picked":["Predator","Phantasmal Killer","Dagger Throw"],"picked":"SKIP","floor":11},{"not_picked":["Well Laid Plans","Flying Knee","Poisoned Stab"],"picked":"SKIP","floor":12},{"not_picked":["Slice","Well Laid Plans","Accuracy"],"picked":"SKIP","floor":13},{"not_picked":["Predator","Dagger Throw","Dagger Spray"],"picked":"SKIP","floor":13},{"not_picked":["Deadly Poison","Wraith Form v2","Catalyst"],"picked":"SKIP","floor":14},{"not_picked":["Backstab","Dagger Spray","Masterful Stab"],"picked":"SKIP","floor":14}],"player_experience":96319,"potions_floor_usage":[16],"damage_taken":[{"damage":0,"enemies":"Small Slimes","floor":1,"turns":4},{"damage":5,"enemies":"2 Louse","floor":2,"turns":3},{"damage":0,"enemies":"Cultist","floor":3,"turns":4},{"damage":36,"enemies":"Gremlin Nob","floor":7,"turns":6},{"damage":1,"enemies":"Blue Slaver","floor":8,"turns":4},{"damage":0,"enemies":"2 Fungi Beasts","floor":11,"turns":3},{"damage":5,"enemies":"3 Sentries","floor":12,"turns":6},{"damage":0,"enemies":"3 Louse","floor":13,"turns":2},{"damage":0,"enemies":"Lots of Slimes","floor":14,"turns":2},{"damage":37,"enemies":"The Guardian","floor":16,"turns":7}],"relics_obtained":[{"floor":7,"key":"Calipers"},{"floor":9,"key":"Prayer Wheel"},{"floor":12,"key":"Du-Vu Doll"}],"event_choices":[{"event_name":"Big Fish","player_choice":"Donut","floor":4,"damage_taken":0},{"event_name":"Liars Game","player_choice":"disagreed","floor":5,"damage_taken":0},{"event_name":"Match and Keep!","player_choice":"3 cards matched","floor":10,"damage_taken":0}],"boss_relics":[],"items_purged_floors":[],"potions_floor_spawned":[7,13],"seed_played":"-6360012021635283167","killed_by":"The Guardian","ascension_level":0,"potions_obtained":[{"floor":7,"key":"SteroidPotion"},{"floor":13,"key":"PowerPotion"}],"is_trial":false}