{"gold_per_floor":[366,55,55,69,85,119,119,136,166,166,183,183,203,214,214,312,312,322,337,337,337,349,349,359,64,133,133,151,161,161,172,172,275,275,291,302,327,343,355,355,369,369,369,389,389,161,161,161],"floor_reached":48,"playtime":1871,"items_purged":["Parasite"],"score":440,"play_id":"21a3ae69-d7a4-452c-ac0f-b1646f0a05d1","local_time":"20190206221520","is_ascension_mode":false,"campfire_choices":[{"data":"Perfected Strike","floor":7,"key":"SMITH"},{"data":"Bash","floor":10,"key":"SMITH"},{"data":"Shrug It Off","floor":12,"key":"SMITH"},{"data":"Shrug It Off","floor":15,"key":"SMITH"},{"data":"Clash","floor":23,"key":"SMITH"},{"data":"Wild Strike","floor":27,"key":"SMITH"},{"data":"Pommel Strike","floor":30,"key":"SMITH"},{"data":"Defend_R","floor":32,"key":"SMITH"},{"data":"Defend_R","floor":40,"key":"SMITH"},{"data":"Strike_R","floor":42,"key":"SMITH"}],"neow_cost":"CURSE","seed_source_timestamp":1588597778304500,"circlet_count":0,"master_deck":["Strike_R","Strike_R","Strike_R","Strike_R","Strike_R+1","Defend_R","Defend_R+1","Defend_R+1","Bash+1","Shrug It Off+1","Perfected Strike+1","Wild Strike+1","Shrug It Off+1","Clash+1","Thunderclap+1"],"relics":["Burning Blood","Matryoshka","CultistMask","Oddly Smooth Stone","Art of War","Tiny Chest","Eternal Feather","MutagenicStrength","Ice Cream","Vajra","Kunai","White Beast Statue","Blood Vial","Bottled Flame","Juzu Bracelet"],"potions_floor_usage":[6,13,22,24,28,33,33,39,41,44],"damage_taken":[{"damage":1,"enemies":"2 Louse","floor":1,"turns":4},{"damage":15,"enemies":"Cultist","floor":4,"turns":4},{"damage":1,"enemies":"Jaw Worm","floor":5,"turns":3},{"damage":14,"enemies":"Gremlin Nob","floor":6,"turns":4},{"damage":6,"enemies":"Blue Slaver","floor":8,"turns":3},{"damage":20,"enemies":"Red Slaver","floor":11,"turns":6},{"damage":7,"enemies":"Gremlin Gang","floor":13,"turns":5},{"damage":6,"enemies":"Blue Slaver","floor":14,"turns":3},{"damage":32,"enemies":"The Guardian","floor":16,"turns":14},{"damage":4,"enemies":"Chosen","floor":18,"turns":5},{"damage":19,"enemies":"Spheric Guardian","floor":19,"turns":6},{"damage":2,"enemies":"Snecko","floor":22,"turns":4},{"damage":21,"enemies":"Snake Plant","floor":24,"turns":3},{"damage":13,"enemies":"3 Cultists","floor":28,"turns":5},{"damage":3,"enemies":"Snecko","floor":29,"turns":3},{"damage":29,"enemies":"Snake Plant","floor":31,"turns":5},{"damage":78,"enemies":"Collector","floor":33,"turns":18},{"damage":10,"enemies":"Orb Walker","floor":35,"turns":3},{"damage":9,"enemies":"3 Shapes","floor":36,"turns":5},{"damage":10,"enemies":"Spire Growth","floor":38,"turns":4},{"damage":19,"enemies":"Transient","floor":39,"turns":5},{"damage":31,"enemies":"Writhing Mass","floor":41,"turns":8},{"damage":18,"enemies":"Maw","floor":44,"turns":8},{"damage":73,"enemies":"Transient","floor":48,"turns":5}],"seed_played":"6901774682786211706","potions_obtained":[{"floor":1,"key":"Poison Potion"},{"floor":5,"key":"Ancient Potion"},{"floor":6,"key":"SpeedPotion"},{"floor":8,"key":"Energy Potion"},{"floor":18,"key":"PowerPotion"},{"floor":22,"key":"Poison Potion"},{"floor":24,"key":"PowerPotion"},{"floor":29,"key":"FairyPotion"},{"floor":35,"key":"Poison Potion"},{"floor":36,"key":"Strength Potion"},{"floor":38,"key":"Dexterity Potion"},{"floor":39,"key":"SkillPotion"},{"floor":41,"key":"Weak Potion"},{"floor":44,"key":"Dexterity Potion"}],"is_trial":false,"path_per_floor":["M","$","?","M","M","E","R","M","T","R","M","R","M","M","R","B",null,"M","M","?","?","M","R","M","$","T","R","M","M","R","M","R","B",null,"M","M","T","M","M","R","M","R","T","M","?","$","?","M"],"character_chosen":"IRONCLAD","items_purchased":["Shrug It Off","Matryoshka","Ice Cream","Juzu Bracelet"],"campfire_rested":0,"item_purchase_floors":[2,2,25,46],"current_hp_per_floor":[80,80,80,71,76,68,68,68,68,68,54,54,53,53,53,27,80,80,67,67,67,71,80,65,65,65,74,67,70,79,56,65,14,80,76,73,73,71,60,69,46,55,55,45,45,45,45,0],"gold":161,"neow_bonus":"TWO_FIFTY_GOLD","is_prod":false,"is_daily":false,"chose_seed":false,"campfire_upgraded":10,"win_rate":0,"timestamp":1549487720,"path_taken":["M","$","?","M","M","E","R","?","T","R","M","R","M","M","R","BOSS","M","M","?","?","M","R","M","$","T","R","M","M","R","M","R","BOSS","M","M","?","?","M","R","M","R","T","M","?","?","?","M"],"build_version":"2019-01-23","purchased_purges":1,"victory":false,"max_hp_per_floor":[80,80,80,80,80,80,80,80,80,80,80,80,80,80,80,80,80,80,80,80,80,80,80,80,80,80,80,80,80,80,80,80,80,80,80,80,80,80,80,80,80,80,80,80,80,77,77,77],"card_choices":[{"not_picked":["Uppercut","Rage","Anger"],"picked":"SKIP","floor":1},{"not_picked":["Bloodletting","Uppercut"],"picked":"Perfected Strike","floor":4},{"not_picked":["Flex","Bloodletting","Double Tap"],"picked":"SKIP","floor":5},{"not_picked":["Metallicize","Rampage"],"picked":"Wild Strike","floor":6},{"not_picked":["Heavy Blade","Sword Boomerang","Warcry"],"picked":"SKIP","floor":8},{"not_picked":["Dropkick","Battle Trance"],"picked":"Shrug It Off","floor":11},{"not_picked":["Rage","Corruption","Warcry"],"picked":"SKIP","floor":13},{"not_picked":["Clothesline","Demon Form","Blood for Blood"],"picked":"SKIP","floor":14},{"not_picked":["Twin Strike","Clothesline"],"picked":"Clash","floor":18},{"not_picked":["Cleave","Burning Pact"],"picked":"Thunderclap+1","floor":19},{"not_picked":["Second Wind","Whirlwind","Sword Boomerang"],"picked":"SKIP","floor":22},{"not_picked":["Anger+1","Burning Pact","Seeing Red+1"],"picked":"SKIP","floor":24},{"not_picked":["Flex","Warcry"],"picked":"Pommel Strike","floor":28},{"not_picked":["Clash+1","Clothesline+1","Thunderclap"],"picked":"SKIP","floor":29},{"not_picked":["Clash+1","Clothesline+1","Thunderclap"],"picked":"SKIP","floor":29},{"not_picked":["Entrench","Hemokinesis","Perfected Strike"],"picked":"SKIP","floor":31},{"not_picked":["Twin Strike","Corruption","Sword Boomerang+1"],"picked":"SKIP","floor":35},{"not_picked":["Disarm","Headbutt+1","Clash+1"],"picked":"SKIP","floor":36},{"not_picked":["Cleave","Dropkick+1","Heavy Blade+1"],"picked":"SKIP","floor":38},{"not_picked":["Anger+1","Clothesline+1","Bludgeon"],"picked":"SKIP","floor":39},{"not_picked":["Iron Wave+1","Headbutt","Disarm+1"],"picked":"SKIP","floor":41},{"not_picked":["Seeing Red","Warcry","Anger"],"picked":"SKIP","floor":44}],"player_experience":1126485,"relics_obtained":[{"floor":6,"key":"Oddly Smooth Stone"},{"floor":9,"key":"Art of War"},{"floor":9,"key":"Tiny Chest"},{"floor":26,"key":"Vajra"},{"floor":26,"key":"Kunai"},{"floor":37,"key":"Blood Vial"},{"floor":43,"key":"Bottled Flame"}],"event_choices":[{"damage_healed":0,"gold_gain":0,"player_choice":"Trade","damage_taken":0,"relics_obtained":["CultistMask"],"max_hp_gain":0,"max_hp_loss":0,"event_name":"FaceTrader","floor":3,"gold_loss":0},{"damage_healed":0,"gold_gain":0,"player_choice":"Inject Mutagens","damage_taken":0,"relics_obtained":["MutagenicStrength"],"max_hp_gain":0,"max_hp_loss":0,"event_name":"Drug Dealer","floor":20,"gold_loss":0},{"damage_healed":0,"gold_gain":0,"player_choice":"Bought 0 Potions","damage_taken":0,"max_hp_gain":0,"max_hp_loss":0,"event_name":"The Woman in Blue","floor":21,"gold_loss":0},{"cards_removed":["Pommel Strike"],"damage_healed":0,"gold_gain":0,"player_choice":"Removed Attack","damage_taken":0,"max_hp_gain":0,"max_hp_loss":0,"event_name":"Falling","floor":45,"gold_loss":0},{"cards_removed":["Defend_R"],"damage_healed":0,"gold_gain":0,"player_choice":"Purged","damage_taken":0,"max_hp_gain":0,"max_hp_loss":0,"event_name":"Purifier","floor":47,"gold_loss":0}],"is_beta":true,"boss_relics":[{"not_picked":["Fusion Hammer","Mark of Pain"],"picked":"Eternal Feather"},{"not_picked":["Orrery","Snecko Eye"],"picked":"White Beast Statue"}],"items_purged_floors":[46],"is_endless":false,"potions_floor_spawned":[1,5,6,8,11,18,22,24,29,35,36,38,39,41,44],"killed_by":"Transient","ascension_level":0}