{"gold_per_floor":[117,117,128,43,43,43,118,162,186,186,220,239,239,257,257,257],"floor_reached":16,"playtime":325,"items_purged":[],"score":266,"play_id":"efd8a409-02a9-4da1-a435-8efb13c36755","local_time":"20190412005417","is_ascension_mode":true,"campfire_choices":[{"data":"Cleave","floor":6,"key":"SMITH"},{"floor":10,"key":"REST"},{"data":"Inflame","floor":13,"key":"SMITH"},{"data":"Inflame","floor":15,"key":"SMITH"}],"neow_cost":"NONE","seed_source_timestamp":128245653335200,"circlet_count":0,"master_deck":["AscendersBane","Strike_R","Strike_R","Strike_R","Strike_R","Strike_R","Defend_R","Defend_R","Defend_R","Defend_R","Bash+1","Cleave+1","Inflame+1","Inflame+1"],"relics":["Burning Blood","NeowsBlessing","Golden Idol","Centennial Puzzle","Peace Pipe"],"potions_floor_usage":[11,16],"damage_taken":[{"damage":0,"enemies":"Jaw Worm","floor":1,"turns":1},{"damage":0,"enemies":"2 Louse","floor":3,"turns":1},{"damage":0,"enemies":"Gremlin Nob","floor":8,"turns":1},{"damage":25,"enemies":"Lagavulin","floor":11,"turns":5},{"damage":8,"enemies":"Small Slimes","floor":12,"turns":4},{"damage":11,"enemies":"Exordium Wildlife","floor":14,"turns":4},{"damage":41,"enemies":"The Guardian","floor":16,"turns":6}],"seed_played":"-6843175495830588173","potions_obtained":[{"floor":1,"key":"FairyPotion"},{"floor":3,"key":"Energy Potion"},{"floor":8,"key":"Strength Potion"}],"is_trial":false,"path_per_floor":["M","?","M","$","?","R","?","E","T","R","E","M","R","M","R","B"],"character_chosen":"IRONCLAD","items_purchased":["Inflame"],"campfire_rested":1,"item_purchase_floors":[4],"current_hp_per_floor":[74,74,75,75,49,49,38,44,44,66,47,45,45,40,40,0],"gold":257,"neow_bonus":"THREE_ENEMY_KILL","is_prod":false,"is_daily":false,"chose_seed":false,"campfire_upgraded":3,"win_rate":0,"timestamp":1555023257,"path_taken":["M","?","M","$","?","R","?","E","T","R","E","M","R","M","R","BOSS"],"build_version":"2019-04-04","purchased_purges":0,"victory":false,"max_hp_per_floor":[75,75,75,75,75,75,75,75,75,75,75,75,75,75,75,75],"card_choices":[{"not_picked":["Ghostly Armor","Searing Blow","Reckless Charge"],"picked":"SKIP","floor":1},{"not_picked":["Wild Strike","Iron Wave"],"picked":"Cleave","floor":3},{"not_picked":["Whirlwind","Thunderclap"],"picked":"Inflame","floor":8},{"not_picked":["Sentinel","Warcry","Infernal Blade"],"picked":"SKIP","floor":11},{"not_picked":["Iron Wave","Carnage","Reckless Charge"],"picked":"SKIP","floor":12},{"not_picked":["Iron Wave","Carnage","Reckless Charge"],"picked":"SKIP","floor":12},{"not_picked":["Headbutt","Dropkick","Sever Soul"],"picked":"SKIP","floor":14}],"player_experience":1364060,"relics_obtained":[{"floor":8,"key":"Centennial Puzzle"},{"floor":11,"key":"Peace Pipe"}],"event_choices":[{"damage_healed":0,"gold_gain":0,"player_choice":"Grow","damage_taken":0,"max_hp_gain":0,"max_hp_loss":0,"event_name":"Living Wall","floor":2,"gold_loss":0,"cards_upgraded":["Bash"]},{"damage_healed":0,"gold_gain":0,"player_choice":"Take Damage","damage_taken":26,"relics_obtained":["Golden Idol"],"max_hp_gain":0,"max_hp_loss":0,"event_name":"Golden Idol","floor":5,"gold_loss":0},{"damage_healed":0,"gold_gain":75,"player_choice":"Gather Gold","damage_taken":11,"max_hp_gain":0,"max_hp_loss":0,"event_name":"World of Goop","floor":7,"gold_loss":0}],"is_beta":true,"boss_relics":[],"items_purged_floors":[],"is_endless":false,"potions_floor_spawned":[1,3,8],"killed_by":"The Guardian","ascension_level":20}