{"gold_per_floor":[109,109,128,203,39,56,84,95,95,117,133,133,19,45,45,123,123,139,139,139,139,64,92,92,127,150,179,193,226,226,226,226,305,305,319,219,267,267,282,282,314,314,369,401,419,446,446,463,463,463,463,463,463,38,63,63],"floor_reached":57,"playtime":83104,"items_purged":["Strike_R","Strike_R+1","Bash"],"score":3494,"play_id":"a340c02f-6d2a-428e-81d9-10435af26cbf","local_time":"20190425171813","is_ascension_mode":true,"campfire_choices":[{"data":"Armaments","floor":12.0,"key":"SMITH"},{"data":"Offering","floor":15.0,"key":"SMITH"},{"floor":24.0,"key":"REST"},{"floor":30.0,"key":"RECALL"},{"floor":32.0,"key":"REST"},{"floor":40.0,"key":"REST"},{"floor":42.0,"key":"REST"},{"floor":47.0,"key":"REST"},{"floor":49.0,"key":"REST"},{"floor":53.0,"key":"REST"}],"neow_cost":"NONE","seed_source_timestamp":0,"circlet_count":0,"master_deck":["AscendersBane","Defend_R","Defend_R","Defend_R","Defend_R","Body Slam+1","Carnage","Armaments+1","Offering+1","Dual Wield","Battle Trance","Shockwave+1","Uppercut","Exhume","Havoc+1","Iron Wave","Impervious+1","Body Slam","Shrug It Off","Seeing Red","Ghostly","Ghostly","Ghostly","Offering","Shockwave+1","Entrench","Shrug It Off+1","Feel No Pain","True Grit","Battle Trance","Feel No Pain","Shockwave"],"special_seed":0,"relics":["Black Blood","Oddly Smooth Stone","Paper Frog","Letter Opener","Odd Mushroom","Whetstone","Fusion Hammer","Strawberry","Gambling Chip","War Paint","Kunai","Magic Flower","Incense Burner","Ancient Tea Set","Red Skull","Bronze Scales","Bottled Lightning","ClockworkSouvenir","Centennial Puzzle"],"potions_floor_usage":[56,56],"damage_taken":[{"damage":3.0,"enemies":"2 Louse","floor":1.0,"turns":4.0},{"damage":7.0,"enemies":"Cultist","floor":3.0,"turns":4.0},{"damage":6.0,"enemies":"Jaw Worm","floor":6.0,"turns":3.0},{"damage":26.0,"enemies":"3 Sentries","floor":7.0,"turns":8.0},{"damage":21.0,"enemies":"Exordium Thugs","floor":8.0,"turns":5.0},{"damage":6.0,"enemies":"The Mushroom Lair","floor":10.0,"turns":4.0},{"damage":0.0,"enemies":"3 Louse","floor":11.0,"turns":5.0},{"damage":6.0,"enemies":"Lagavulin","floor":14.0,"turns":5.0},{"damage":6.0,"enemies":"Slime Boss","floor":16.0,"turns":3.0},{"damage":5.0,"enemies":"2 Thieves","floor":18.0,"turns":4.0},{"damage":21.0,"enemies":"Gremlin Leader","floor":23.0,"turns":4.0},{"damage":18.0,"enemies":"Book of Stabbing","floor":25.0,"turns":4.0},{"damage":6.0,"enemies":"Gremlin Leader","floor":27.0,"turns":7.0},{"damage":0.0,"enemies":"3 Byrds","floor":28.0,"turns":3.0},{"damage":2.0,"enemies":"Slavers","floor":29.0,"turns":4.0},{"damage":37.0,"enemies":"Collector","floor":33.0,"turns":4.0},{"damage":3.0,"enemies":"3 Shapes","floor":35.0,"turns":2.0},{"damage":8.0,"enemies":"2 Orb Walkers","floor":37.0,"turns":3.0},{"damage":6.0,"enemies":"Orb Walker","floor":39.0,"turns":1.0},{"damage":12.0,"enemies":"Giant Head","floor":41.0,"turns":3.0},{"damage":12.0,"enemies":"Nemesis","floor":44.0,"turns":3.0},{"damage":7.0,"enemies":"4 Shapes","floor":45.0,"turns":6.0},{"damage":3.0,"enemies":"Reptomancer","floor":46.0,"turns":1.0},{"damage":8.0,"enemies":"Maw","floor":48.0,"turns":3.0},{"damage":13.0,"enemies":"Donu and Deca","floor":50.0,"turns":9.0},{"damage":18.0,"enemies":"Awakened One","floor":51.0,"turns":5.0},{"damage":2,"enemies":"Shield and Spear","floor":55,"turns":2},{"damage":25,"enemies":"The Heart","floor":56,"turns":11}],"seed_played":"5305103069449595192","potions_obtained":[{"floor":3.0,"key":"Ancient Potion"},{"floor":7.0,"key":"Block Potion"},{"floor":8.0,"key":"SkillPotion"},{"floor":10.0,"key":"Weak Potion"},{"floor":14.0,"key":"Fire Potion"},{"floor":18.0,"key":"GamblersBrew"},{"floor":23.0,"key":"Poison Potion"},{"floor":27.0,"key":"AttackPotion"},{"floor":33.0,"key":"FearPotion"},{"floor":35.0,"key":"Energy Potion"},{"floor":39.0,"key":"Dexterity Potion"},{"floor":48.0,"key":"PowerPotion"}],"is_trial":false,"path_per_floor":["M","?","M","?","$","M","E","M","T","?","M","R","$","E","R","B",null,"M","?","?","?","?","E","R","E","T","E","M","E","R","?","R","B",null,"M","$","?","?","M","R","E","R","T","E","M","E","R","M","R","B","B",null,"R","$","E","B",null],"character_chosen":"IRONCLAD","items_purchased":["Oddly Smooth Stone","Shockwave","Feel No Pain","ClockworkSouvenir"],"campfire_rested":7,"item_purchase_floors":[5,13,54,54],"current_hp_per_floor":[71,71,70,59,59,59,39,24,24,24,30,30,30,30,30,30,64,65,65,65,44,44,36,62,50,50,50,56,60,60,43,43,15,36,43,43,43,43,43,43,43,43,43,43,43,43,43,43,43,43,40,42,43,43,43,33],"gold":63,"neow_bonus":"REMOVE_CARD","is_prod":false,"is_daily":false,"chose_seed":false,"campfire_upgraded":2,"win_rate":0,"timestamp":1556234293,"path_taken":["M","?","?","?","?","M","E","M","T","?","M","R","$","E","R","BOSS","M","?","?","?","?","E","R","E","T","E","M","E","R","?","R","BOSS","M","$","?","?","M","R","E","R","T","E","?","E","R","M","R","BOSS","BOSS","R","$","E","BOSS"],"build_version":"2019-04-23","purchased_purges":3,"victory":true,"max_hp_per_floor":[75,75,75,75,75,75,75,75,75,75,75,75,75,75,75,75,75,75,75,75,80,80,87,87,87,87,87,87,87,87,43,43,43,43,43,43,43,43,43,43,43,43,43,43,43,43,43,43,43,43,43,43,43,43,43,43],"card_choices":[{"not_picked":["Sword Boomerang","Havoc"],"picked":"Body Slam","floor":1.0},{"not_picked":["Clothesline","Clash"],"picked":"Carnage","floor":3.0},{"not_picked":["Dark Embrace","Perfected Strike"],"picked":"Armaments","floor":6.0},{"not_picked":["Clothesline","Ghostly Armor"],"picked":"Offering","floor":7.0},{"not_picked":["Infernal Blade","Searing Blow","Clash"],"picked":"SKIP","floor":8.0},{"not_picked":["Twin Strike","Armaments"],"picked":"Dual Wield","floor":10.0},{"not_picked":["Thunderclap","Flex"],"picked":"Battle Trance","floor":11.0},{"not_picked":["Perfected Strike","Twin Strike"],"picked":"Uppercut","floor":14.0},{"not_picked":["Demon Form","Brutality"],"picked":"Exhume","floor":16.0},{"not_picked":["True Grit","Warcry"],"picked":"Havoc+1","floor":18.0},{"not_picked":["Clash","Infernal Blade"],"picked":"Iron Wave","floor":23.0},{"not_picked":["Clash","Bloodletting"],"picked":"Impervious","floor":25.0},{"not_picked":["Power Through","Intimidate"],"picked":"Body Slam","floor":27.0},{"not_picked":["Dropkick","Cleave"],"picked":"Shrug It Off","floor":28.0},{"not_picked":["Thunderclap","Rage"],"picked":"Seeing Red","floor":29.0},{"not_picked":["Dark Embrace","Brutality"],"picked":"Offering","floor":33.0},{"not_picked":["Rampage","Iron Wave"],"picked":"Shockwave+1","floor":35.0},{"not_picked":["Havoc","Warcry+1"],"picked":"Entrench","floor":37.0},{"not_picked":["Sentinel","Fire Breathing"],"picked":"Shrug It Off+1","floor":39.0},{"not_picked":["Disarm","Warcry"],"picked":"Feel No Pain","floor":41.0},{"not_picked":["Combust","Thunderclap"],"picked":"True Grit","floor":44.0},{"not_picked":["Heavy Blade+1","Iron Wave","Combust+1"],"picked":"SKIP","floor":45.0},{"not_picked":["Immolate","Rupture","Havoc"],"picked":"SKIP","floor":46.0},{"not_picked":["Flex+1","Reckless Charge"],"picked":"Battle Trance","floor":48.0},{"not_picked":["Cleave","Heavy Blade"],"picked":"Shockwave","floor":55}],"player_experience":2977177,"relics_obtained":[{"floor":7.0,"key":"Paper Frog"},{"floor":9.0,"key":"Letter Opener"},{"floor":10.0,"key":"Odd Mushroom"},{"floor":14.0,"key":"Whetstone"},{"floor":23.0,"key":"Strawberry"},{"floor":25.0,"key":"Gambling Chip"},{"floor":26.0,"key":"War Paint"},{"floor":27.0,"key":"Kunai"},{"floor":29.0,"key":"Magic Flower"},{"floor":37.0,"key":"Incense Burner"},{"floor":41.0,"key":"Red Skull"},{"floor":44.0,"key":"Bronze Scales"},{"floor":46.0,"key":"Bottled Lightning"},{"floor":55,"key":"Centennial Puzzle"}],"event_choices":[{"cards_removed":["Strike_R"],"damage_healed":0.0,"max_hp_gain":0.0,"max_hp_loss":0.0,"gold_gain":0.0,"event_name":"Wheel of Change","player_choice":"Card Removal","floor":2.0,"gold_loss":0.0,"damage_taken":0.0},{"damage_healed":0.0,"max_hp_gain":0.0,"max_hp_loss":0.0,"gold_gain":75.0,"event_name":"World of Goop","player_choice":"Gather Gold","floor":4.0,"gold_loss":0.0,"damage_taken":11.0},{"damage_healed":0.0,"max_hp_gain":0.0,"max_hp_loss":0.0,"gold_gain":0.0,"event_name":"Mushrooms","player_choice":"Fought Mushrooms","floor":10.0,"gold_loss":0.0,"damage_taken":0.0},{"damage_healed":0.0,"max_hp_gain":0.0,"max_hp_loss":0.0,"gold_gain":0.0,"event_name":"The Mausoleum","player_choice":"Ignored","floor":19.0,"gold_loss":0.0,"damage_taken":0.0},{"damage_healed":0.0,"max_hp_gain":0.0,"max_hp_loss":0.0,"gold_gain":0.0,"event_name":"Vampires","player_choice":"Ignored","floor":20.0,"gold_loss":0.0,"damage_taken":0.0},{"damage_healed":0.0,"max_hp_gain":5.0,"max_hp_loss":0.0,"gold_gain":0.0,"event_name":"Forgotten Altar","player_choice":"Shed Blood","floor":21.0,"gold_loss":0.0,"damage_taken":26.0},{"cards_removed":["Strike_R"],"damage_healed":0.0,"max_hp_gain":0.0,"max_hp_loss":0.0,"gold_gain":0.0,"event_name":"Beggar","player_choice":"Gave Gold","floor":22.0,"gold_loss":75.0,"damage_taken":0.0},{"damage_healed":0.0,"max_hp_gain":0.0,"max_hp_loss":44.0,"gold_gain":0.0,"event_name":"Ghosts","player_choice":"Became a Ghost","floor":31.0,"gold_loss":0.0,"damage_taken":0.0,"cards_obtained":["Ghostly","Ghostly","Ghostly"]},{"damage_healed":0.0,"max_hp_gain":0.0,"max_hp_loss":0.0,"gold_gain":0.0,"event_name":"Mysterious Sphere","player_choice":"Fight","floor":37.0,"gold_loss":0.0,"damage_taken":0.0},{"damage_healed":0.0,"max_hp_gain":0.0,"max_hp_loss":0.0,"gold_gain":0.0,"event_name":"WeMeetAgain","player_choice":"Gave Potion","floor":38.0,"gold_loss":0.0,"damage_taken":0.0,"relics_obtained":["Ancient Tea Set"]}],"is_beta":true,"boss_relics":[{"not_picked":["Astrolabe","Mark of Pain"],"picked":"Fusion Hammer"},{"not_picked":["Sozu","Philosopher\u0027s Stone"],"picked":"Black Blood"}],"items_purged_floors":[13,36,54],"is_endless":false,"potions_floor_spawned":[3,7,8,10,14,16,18,23,27,33,35,37,39,48],"ascension_level":20}