{"gold_per_floor":[364,364,7,36,36,36,36,79,106,106,106,171,207,248,248,373,373,387,387,420,420,435,435,435,144,169,48,60],"floor_reached":28,"playtime":705,"items_purged":["Strike_R"],"score":301,"play_id":"b63d98d9-9455-4acf-9fea-eec1efbf800d","local_time":"20180817221914","is_ascension_mode":true,"campfire_choices":[{"data":"HandOfGreed","floor":6,"key":"SMITH"},{"data":"Inflame","floor":11,"key":"SMITH"},{"data":"Fiend Fire","floor":15,"key":"SMITH"},{"floor":23,"key":"REST"}],"neow_cost":"TEN_PERCENT_HP_LOSS","seed_source_timestamp":164837069914500,"circlet_count":0,"master_deck":["Strike_R","Defend_R","Defend_R","Defend_R","Defend_R","Flex+1","HandOfGreed+1","Heavy Blade","Fiend Fire+1","Inflame+1","Pummel","Exhume","Barricade","Shrug It Off","Reckless Charge"],"relics":["Burning Blood","Membership Card","Bloody Idol","Centennial Puzzle","Bottled Lightning","Empty Cage","Ice Cream","Strawberry","MawBank"],"potions_floor_usage":[14,20,20,28],"damage_taken":[{"damage":6,"enemies":"Cultist","floor":1,"turns":3},{"damage":2,"enemies":"Jaw Worm","floor":4,"turns":3},{"damage":5,"enemies":"Small Slimes","floor":8,"turns":3},{"damage":10,"enemies":"Gremlin Gang","floor":12,"turns":4},{"damage":0,"enemies":"2 Fungi Beasts","floor":13,"turns":2},{"damage":0,"enemies":"Gremlin Nob","floor":14,"turns":2},{"damage":54,"enemies":"The Guardian","floor":16,"turns":7},{"damage":26,"enemies":"Shell Parasite","floor":18,"turns":3},{"damage":16,"enemies":"2 Thieves","floor":20,"turns":3},{"damage":19,"enemies":"Snake Plant","floor":22,"turns":2},{"damage":62,"enemies":"Gremlin Leader","floor":28,"turns":8}],"seed_played":"6554114150834187227","potions_obtained":[{"floor":4,"key":"Block Potion"},{"floor":12,"key":"Energy Potion"},{"floor":13,"key":"Fruit Juice"},{"floor":22,"key":"Dexterity Potion"}],"is_trial":false,"path_per_floor":["M","?","$","M","?","R","?","M","T","?","R","M","M","E","R","B",null,"M","?","M","?","M","R","?","$","T","$"],"character_chosen":"IRONCLAD","items_purchased":["Membership Card","HandOfGreed","Ice Cream","MawBank"],"campfire_rested":1,"item_purchase_floors":[3,3,25,27],"current_hp_per_floor":[72,72,72,72,72,72,54,55,55,72,72,68,72,77,77,29,65,45,38,28,28,20,43,43,43,55,55,0],"gold":60,"neow_bonus":"TWO_FIFTY_GOLD","is_prod":false,"is_daily":false,"chose_seed":false,"campfire_upgraded":3,"win_rate":0,"timestamp":1534569554,"path_taken":["M","?","$","M","?","R","?","M","T","?","R","?","?","E","R","BOSS","M","?","?","?","M","R","?","$","T","$","E"],"build_version":"2018-08-16","purchased_purges":1,"victory":false,"max_hp_per_floor":[72,72,72,72,72,72,72,72,72,72,72,72,72,77,77,77,77,77,77,77,77,77,77,77,77,84,84,84],"card_choices":[{"not_picked":["Heavy Blade","Pommel Strike"],"picked":"Flex","floor":1},{"not_picked":["Dual Wield","Anger"],"picked":"Heavy Blade","floor":4},{"not_picked":["Headbutt","Warcry"],"picked":"Inflame","floor":8},{"not_picked":["Combust","Twin Strike"],"picked":"Pummel","floor":12},{"not_picked":["Bloodletting","Flex","Twin Strike"],"picked":"SKIP","floor":13},{"not_picked":["Metallicize","Sentinel"],"picked":"Exhume","floor":14},{"not_picked":["Exhume","Demon Form"],"picked":"Barricade","floor":16},{"not_picked":["Anger+1","Pommel Strike","Cleave"],"picked":"SKIP","floor":18},{"not_picked":["Corruption","Evolve+1","Perfected Strike"],"picked":"SKIP","floor":20},{"not_picked":["Anger","Heavy Blade"],"picked":"Shrug It Off","floor":22}],"player_experience":230025,"relics_obtained":[{"floor":9,"key":"Centennial Puzzle"},{"floor":14,"key":"Bottled Lightning"},{"floor":26,"key":"Strawberry"}],"event_choices":[{"event_name":"Living Wall","player_choice":"Grow","floor":2,"damage_taken":0},{"event_name":"Transmorgrifier","player_choice":"Transform","floor":5,"damage_taken":0},{"event_name":"Golden Idol","player_choice":"Take Damage","floor":7,"damage_taken":0},{"event_name":"Big Fish","player_choice":"Banana","floor":10,"damage_taken":0},{"event_name":"Knowing Skull","player_choice":"","floor":19,"damage_taken":0},{"event_name":"Forgotten Altar","player_choice":"Gave Idol","floor":21,"damage_taken":0},{"event_name":"Transmorgrifier","player_choice":"Transform","floor":24,"damage_taken":0}],"is_beta":true,"boss_relics":[{"not_picked":["White Beast Statue","Black Star"],"picked":"Empty Cage"}],"items_purged_floors":[25],"is_endless":false,"potions_floor_spawned":[4,12,13,22],"killed_by":"Gremlin Leader","ascension_level":5}