{"gold_per_floor":[111,111,111,111,124,124,40,74,74,74,108,120,140,171,171,244,244,259,275,550,569,569],"floor_reached":22,"playtime":969,"items_purged":[],"score":458,"play_id":"d20bc2f7-a523-4da6-9adb-cb605894bd41","local_time":"20190121194329","is_ascension_mode":true,"campfire_choices":[{"data":"Neutralize","floor":6,"key":"SMITH"},{"data":"Footwork","floor":15,"key":"SMITH"}],"neow_cost":"NONE","seed_source_timestamp":197924597240200,"circlet_count":0,"master_deck":["AscendersBane","Defend_G","Defend_G","Defend_G","Defend_G","Strike_G","Strike_G","Strike_G","Strike_G","Strike_G","Survivor","Neutralize+1","Sucker Punch+1","Footwork+1","Tools of the Trade","Poisoned Stab","Tools of the Trade","Terror+1","Regret"],"relics":["Ring of the Serpent","NeowsBlessing","Thread and Needle","Potion Belt","Toxic Egg 2","Mercury Hourglass"],"potions_floor_usage":[11,11,19],"damage_taken":[{"damage":0,"enemies":"Cultist","floor":1,"turns":1},{"damage":0,"enemies":"Jaw Worm","floor":5,"turns":1},{"damage":0,"enemies":"3 Sentries","floor":8,"turns":2},{"damage":8,"enemies":"Lagavulin","floor":11,"turns":8},{"damage":0,"enemies":"Small Slimes","floor":12,"turns":4},{"damage":0,"enemies":"2 Fungi Beasts","floor":13,"turns":4},{"damage":7,"enemies":"3 Sentries","floor":14,"turns":11},{"damage":3,"enemies":"The Guardian","floor":16,"turns":17},{"damage":4,"enemies":"Spheric Guardian","floor":18,"turns":7},{"damage":15,"enemies":"2 Thieves","floor":19,"turns":4},{"damage":26,"enemies":"Snecko","floor":21,"turns":8},{"damage":0,"enemies":"3 Cultists","floor":22,"turns":2}],"seed_played":"-5000799880314242970","potions_obtained":[{"floor":1,"key":"Fire Potion"},{"floor":8,"key":"Poison Potion"},{"floor":12,"key":"FearPotion"},{"floor":16,"key":"Block Potion"},{"floor":19,"key":"Dexterity Potion"}],"is_trial":false,"path_per_floor":["?","?","M","?","M"],"character_chosen":"THE_SILENT","items_purchased":["Footwork"],"campfire_rested":0,"item_purchase_floors":[7],"current_hp_per_floor":[59,59,59,59,59,59,59,59,59,59,51,51,51,44,44,41,60,56,41,41,15,15],"gold":569,"neow_bonus":"THREE_ENEMY_KILL","is_prod":false,"is_daily":false,"chose_seed":false,"campfire_upgraded":2,"win_rate":0,"timestamp":1548096209,"path_taken":["M","?","$","?","M","R","$","E","T","$","E","?","M","E","R","BOSS","M","M","?","?","M"],"build_version":"2019-01-20","purchased_purges":0,"victory":false,"max_hp_per_floor":[66,66,66,66,66,66,66,66,66,66,66,66,66,66,66,66,66,66,66,66,66,66],"card_choices":[{"not_picked":["Concentrate","Prepared"],"picked":"Sucker Punch","floor":1},{"not_picked":["Slice","Infinite Blades","Dagger Throw"],"picked":"SKIP","floor":5},{"not_picked":["Eviscerate","Slice","Underhanded Strike"],"picked":"SKIP","floor":8},{"not_picked":["Unload","Deflect"],"picked":"Tools of the Trade","floor":11},{"not_picked":["Noxious Fumes","Sucker Punch","Slice"],"picked":"SKIP","floor":12},{"not_picked":["Reflex+1","Dagger Spray"],"picked":"Poisoned Stab","floor":13},{"not_picked":["PiercingWail+1","Choke","Dagger Throw"],"picked":"SKIP","floor":14},{"not_picked":["Night Terror+1","Doppelganger+1"],"picked":"Tools of the Trade","floor":16},{"not_picked":["Distraction+1","Masterful Stab"],"picked":"Terror+1","floor":18},{"not_picked":["Slice+1","Bane","Sucker Punch+1"],"picked":"SKIP","floor":19},{"not_picked":["Poisoned Stab","Dagger Throw","Blade Dance+1"],"picked":"SKIP","floor":21}],"player_experience":1064507,"relics_obtained":[{"floor":8,"key":"Thread and Needle"},{"floor":9,"key":"Potion Belt"},{"floor":11,"key":"Toxic Egg 2"},{"floor":14,"key":"Mercury Hourglass"}],"event_choices":[{"damage_healed":0,"gold_gain":0,"player_choice":"Grow","damage_taken":0,"max_hp_gain":0,"max_hp_loss":0,"event_name":"Living Wall","floor":2,"gold_loss":0,"cards_upgraded":["Sucker Punch"]},{"cards_removed":["Defend_G"],"damage_healed":0,"gold_gain":0,"player_choice":"Purged","damage_taken":0,"max_hp_gain":0,"max_hp_loss":0,"event_name":"Purifier","floor":4,"gold_loss":0},{"damage_healed":0,"gold_gain":275,"player_choice":"Desecrate","damage_taken":0,"max_hp_gain":0,"max_hp_loss":0,"event_name":"Golden Shrine","floor":20,"gold_loss":0,"cards_obtained":["Regret"]}],"is_beta":true,"boss_relics":[{"not_picked":["Ectoplasm","Eternal Feather"],"picked":"Ring of the Serpent"}],"items_purged_floors":[],"is_endless":false,"potions_floor_spawned":[1,8,12,16,19],"killed_by":"3 Cultists","ascension_level":20}