{"gold_per_floor":[361,286,66,76,76,101,101,112,112,128,128,19,19,31,31,108,108,126,126,138,138],"floor_reached":21,"playtime":966,"items_purged":[],"score":340,"play_id":"21c4bb71-9843-46bb-9969-8de2e419196f","local_time":"20190429132221","is_ascension_mode":true,"campfire_choices":[{"floor":7,"key":"REST"},{"data":"FTL","floor":11,"key":"SMITH"},{"data":"Coolheaded","floor":13,"key":"SMITH"},{"data":"Zap","floor":15,"key":"SMITH"}],"neow_cost":"CURSE","seed_source_timestamp":2430119200915446,"circlet_count":0,"master_deck":["AscendersBane","Strike_B","Strike_B","Strike_B","Strike_B+1","Defend_B","Defend_B","Defend_B","Defend_B","Zap+1","Dualcast","Coolheaded+1","Rebound","Compile Driver","Leap+1","Defragment","FTL+1","Streamline+1","Capacitor","Stack","Steam","Sweeping Beam+1","Go for the Eyes+1","Electrodynamics","Cold Snap+1","Sweeping Beam+1"],"relics":["Cracked Core","Molten Egg 2","Letter Opener","White Beast Statue"],"potions_floor_usage":[6,18],"damage_taken":[{"damage":2,"enemies":"Jaw Worm","floor":1,"turns":5},{"damage":8,"enemies":"Small Slimes","floor":4,"turns":3},{"damage":20,"enemies":"Lagavulin","floor":6,"turns":6},{"damage":0,"enemies":"Cultist","floor":8,"turns":3},{"damage":7,"enemies":"Blue Slaver","floor":10,"turns":4},{"damage":6,"enemies":"Exordium Thugs","floor":14,"turns":5},{"damage":20,"enemies":"The Guardian","floor":16,"turns":12},{"damage":8,"enemies":"3 Byrds","floor":18,"turns":3},{"damage":24,"enemies":"Spheric Guardian","floor":20,"turns":4},{"damage":22,"enemies":"3 Cultists","floor":21,"turns":4}],"seed_played":"4657015771913489644","potions_obtained":[{"floor":1,"key":"Block Potion"},{"floor":6,"key":"SmokeBomb"},{"floor":8,"key":"Weak Potion"},{"floor":18,"key":"AttackPotion"}],"is_trial":false,"path_per_floor":["M","?","$","M","?","E","R","M","T","M","R","$","R","M","R","B",null,"M","?","M","M"],"character_chosen":"DEFECT","items_purchased":["Rebound","Compile Driver","Leap","Defragment","Steam","Sweeping Beam+1"],"campfire_rested":1,"item_purchase_floors":[3,3,3,3,12,12],"current_hp_per_floor":[62,62,62,54,33,13,34,34,34,27,27,27,27,21,21,1,54,46,46,22,0],"gold":138,"neow_bonus":"TWO_FIFTY_GOLD","is_prod":false,"is_daily":false,"chose_seed":false,"campfire_upgraded":3,"win_rate":0,"timestamp":1556522541,"path_taken":["M","?","$","M","?","E","R","M","T","M","R","$","R","M","R","BOSS","M","?","M","M"],"build_version":"2019-01-23","purchased_purges":0,"victory":false,"max_hp_per_floor":[71,71,71,71,71,71,71,71,71,71,71,71,71,71,71,71,71,71,71,71,71],"card_choices":[{"not_picked":["Chaos","Hologram"],"picked":"Coolheaded","floor":1},{"not_picked":["Turbo","Leap"],"picked":"FTL","floor":4},{"not_picked":["Amplify","Loop"],"picked":"Streamline","floor":6},{"not_picked":["Leap","Streamline+1"],"picked":"Capacitor","floor":8},{"not_picked":["Gash+1","Blizzard+1"],"picked":"Stack","floor":10},{"not_picked":["Leap","White Noise"],"picked":"Go for the Eyes+1","floor":14},{"not_picked":["Reboot","Echo Form"],"picked":"Electrodynamics","floor":16},{"not_picked":["Aggregate","Steam"],"picked":"Cold Snap+1","floor":18},{"not_picked":["Fusion","Beam Cell+1","Turbo"],"picked":"SKIP","floor":20}],"player_experience":1250629,"relics_obtained":[{"floor":6,"key":"Molten Egg 2"},{"floor":9,"key":"Letter Opener"}],"event_choices":[{"cards_removed":["Injury"],"damage_healed":0,"gold_gain":0,"player_choice":"Card Removal","damage_taken":0,"max_hp_gain":0,"max_hp_loss":0,"event_name":"The Cleric","floor":2,"gold_loss":75},{"damage_healed":0,"gold_gain":0,"player_choice":"Entered Light","damage_taken":21,"max_hp_gain":0,"max_hp_loss":0,"event_name":"Shining Light","floor":5,"gold_loss":0,"cards_upgraded":["Strike_B","Leap"]},{"damage_healed":0,"gold_gain":0,"player_choice":"Copied","damage_taken":0,"max_hp_gain":0,"max_hp_loss":0,"event_name":"Duplicator","floor":19,"gold_loss":0,"cards_obtained":["Sweeping Beam"]}],"is_beta":false,"boss_relics":[{"not_picked":["Eternal Feather","Velvet Choker"],"picked":"White Beast Statue"}],"items_purged_floors":[],"is_endless":false,"potions_floor_spawned":[1,6,8,18,20],"killed_by":"3 Cultists","ascension_level":18}