{"gold_per_floor":[110,110,110,58,58,58,89,105,131,151,151,165,241,241,241,371,434,448,373,398,421,520,520,553,553,577,596,612,630,194,194,194,313,313,331,331,159,234,248,248,261,277,277,402,418,437,129,167,167,167],"floor_reached":51,"playtime":1952,"items_purged":["Defend_R","Strike_R","Strike_R+1"],"score":899,"play_id":"14afdeae-4d03-48d0-969d-05f39a652faf","local_time":"20190217165538","is_ascension_mode":false,"campfire_choices":[{"data":"Bash","floor":6,"key":"SMITH"},{"data":"Shrug It Off","floor":11,"key":"SMITH"},{"data":"Strike_R","floor":15,"key":"SMITH"},{"floor":23,"key":"REST"},{"floor":32,"key":"REST"},{"data":"Clash","floor":40,"key":"SMITH"},{"floor":49,"key":"REST"}],"neow_cost":"PERCENT_DAMAGE","seed_source_timestamp":45688239676500,"circlet_count":0,"master_deck":["Strike_R+1","Bash+1","Shrug It Off+1","Dropkick+1","Clash+1"],"relics":["Burning Blood","Golden Idol","Bronze Scales","Strawberry","Art of War","Paper Frog","Tiny House","Dead Branch","Lantern","Ancient Tea Set","Medical Kit","Empty Cage","Meat on the Bone","Nunchaku","Vajra","Bag of Preparation","Magic Flower"],"potions_floor_usage":[13,20,21,24,24,31,33,45,48,50,50],"damage_taken":[{"damage":5,"enemies":"2 Louse","floor":1,"turns":4},{"damage":15,"enemies":"Gremlin Nob","floor":7,"turns":4},{"damage":3,"enemies":"Jaw Worm","floor":8,"turns":3},{"damage":0,"enemies":"Small Slimes","floor":10,"turns":4},{"damage":0,"enemies":"Exordium Wildlife","floor":12,"turns":4},{"damage":34,"enemies":"3 Sentries","floor":13,"turns":8},{"damage":13,"enemies":"The Guardian","floor":16,"turns":12},{"damage":32,"enemies":"2 Thieves","floor":18,"turns":4},{"damage":3,"enemies":"Spheric Guardian","floor":20,"turns":5},{"damage":22,"enemies":"Shelled Parasite and Fungi","floor":21,"turns":7},{"damage":16,"enemies":"Book of Stabbing","floor":24,"turns":4},{"damage":54,"enemies":"3 Cultists","floor":27,"turns":5},{"damage":8,"enemies":"Snake Plant","floor":28,"turns":3},{"damage":7,"enemies":"Centurion and Healer","floor":29,"turns":7},{"damage":0,"enemies":"Chosen and Byrds","floor":31,"turns":1},{"damage":44,"enemies":"Champ","floor":33,"turns":12},{"damage":0,"enemies":"3 Shapes","floor":35,"turns":5},{"damage":0,"enemies":"3 Darklings","floor":39,"turns":5},{"damage":0,"enemies":"4 Shapes","floor":41,"turns":6},{"damage":2,"enemies":"Jaw Worm Horde","floor":42,"turns":4},{"damage":27,"enemies":"Mind Bloom Boss Battle","floor":44,"turns":7},{"damage":0,"enemies":"Writhing Mass","floor":45,"turns":3},{"damage":6,"enemies":"4 Shapes","floor":46,"turns":4},{"damage":45,"enemies":"Reptomancer","floor":48,"turns":4},{"damage":62,"enemies":"Donu and Deca","floor":50,"turns":8}],"seed_played":"3008325901616411359","potions_obtained":[{"floor":1,"key":"Strength Potion"},{"floor":7,"key":"Weak Potion"},{"floor":12,"key":"BloodPotion"},{"floor":17,"key":"SpeedPotion"},{"floor":18,"key":"Strength Potion"},{"floor":20,"key":"FearPotion"},{"floor":21,"key":"SmokeBomb"},{"floor":28,"key":"Dexterity Potion"},{"floor":29,"key":"LiquidBronze"},{"floor":35,"key":"Ancient Potion"},{"floor":42,"key":"Ancient Potion"},{"floor":45,"key":"AttackPotion"}],"is_trial":false,"path_per_floor":["M","?","?","$","?","R","E","M","T","M","R","M","?","?","R","B",null,"M","$","M","M","?","R","E","?","T","M","M","M","$","M","R","B",null,"M","?","$","?","M","R","M","M","T","?","M","M","$","E","R","B",null],"character_chosen":"IRONCLAD","items_purchased":["Shrug It Off","Ancient Tea Set","Medical Kit","Clash","Vajra","Bag of Preparation"],"campfire_rested":3,"item_purchase_floors":[4,30,30,37,47,47],"current_hp_per_floor":[57,41,21,21,47,47,38,41,48,54,54,60,40,40,40,33,92,66,66,69,53,53,80,70,70,70,22,20,19,19,25,52,14,92,92,92,92,83,89,89,92,92,92,71,77,77,77,50,77,42],"gold":167,"neow_bonus":"REMOVE_TWO","is_prod":false,"is_daily":false,"chose_seed":false,"campfire_upgraded":4,"win_rate":0,"timestamp":1550418938,"path_taken":["M","?","?","?","?","R","E","M","T","M","R","?","?","?","R","BOSS","M","$","M","?","?","R","E","?","T","M","?","M","?","M","R","BOSS","M","?","$","?","M","R","M","?","T","?","M","M","$","E","R","BOSS"],"build_version":"2019-02-06","purchased_purges":3,"victory":true,"max_hp_per_floor":[80,80,80,80,80,80,80,80,87,87,87,87,87,87,87,87,92,92,92,92,92,92,92,92,92,92,92,92,92,92,92,92,92,92,92,92,92,92,92,92,92,92,92,92,92,92,92,92,92,92],"card_choices":[{"not_picked":["Pummel","Searing Blow","Bloodletting"],"picked":"SKIP","floor":1},{"not_picked":["Pommel Strike","Reaper","Anger"],"picked":"SKIP","floor":7},{"not_picked":["Sever Soul","Blood for Blood","Clothesline"],"picked":"SKIP","floor":8},{"not_picked":["Shrug It Off","Spot Weakness","Metallicize"],"picked":"SKIP","floor":10},{"not_picked":["Berserk","Dual Wield","Shrug It Off"],"picked":"SKIP","floor":12},{"not_picked":["Berserk","Dual Wield","Shrug It Off"],"picked":"SKIP","floor":12},{"not_picked":["Wild Strike","Pommel Strike","Flex"],"picked":"SKIP","floor":18},{"not_picked":["Corruption","Armaments","Reckless Charge"],"picked":"SKIP","floor":20},{"not_picked":["Body Slam+1","Second Wind"],"picked":"Dropkick","floor":21},{"not_picked":["True Grit","Uppercut","Havoc"],"picked":"SKIP","floor":24},{"not_picked":["Exhume","Power Through+1","Havoc"],"picked":"SKIP","floor":27},{"not_picked":["Anger","Cleave+1","Dual Wield"],"picked":"SKIP","floor":28},{"not_picked":["Flex","Iron Wave+1","Dual Wield+1"],"picked":"SKIP","floor":29},{"not_picked":["Whirlwind","Sword Boomerang","Anger"],"picked":"SKIP","floor":35},{"not_picked":["True Grit","Warcry+1","Armaments"],"picked":"SKIP","floor":39},{"not_picked":["Berserk","Infernal Blade","Spot Weakness+1"],"picked":"SKIP","floor":41},{"not_picked":["Headbutt+1","Sword Boomerang","Carnage"],"picked":"SKIP","floor":42},{"not_picked":["Dual Wield+1","Headbutt","Spot Weakness"],"picked":"SKIP","floor":45},{"not_picked":["Inflame","Thunderclap","Havoc"],"picked":"SKIP","floor":46},{"not_picked":["Juggernaut","Reckless Charge+1","Flex+1"],"picked":"SKIP","floor":48}],"player_experience":1150704,"relics_obtained":[{"floor":7,"key":"Bronze Scales"},{"floor":9,"key":"Strawberry"},{"floor":13,"key":"Art of War"},{"floor":24,"key":"Dead Branch"},{"floor":26,"key":"Lantern"},{"floor":43,"key":"Meat on the Bone"},{"floor":44,"key":"Nunchaku"},{"floor":48,"key":"Magic Flower"}],"event_choices":[{"damage_healed":0,"gold_gain":0,"player_choice":"Entered Light","damage_taken":16,"max_hp_gain":0,"max_hp_loss":0,"event_name":"Shining Light","floor":2,"gold_loss":0,"cards_upgraded":["Defend_R","Strike_R"]},{"damage_healed":0,"gold_gain":0,"player_choice":"Take Damage","damage_taken":20,"relics_obtained":["Golden Idol"],"max_hp_gain":0,"max_hp_loss":0,"event_name":"Golden Idol","floor":3,"gold_loss":0},{"damage_healed":26,"gold_gain":0,"player_choice":"Banana","damage_taken":0,"max_hp_gain":0,"max_hp_loss":0,"event_name":"Big Fish","floor":5,"gold_loss":0},{"damage_healed":0,"gold_gain":0,"player_choice":"Searched \u00272\u0027 times","damage_taken":0,"max_hp_gain":0,"max_hp_loss":0,"event_name":"Dead Adventurer","floor":13,"gold_loss":0},{"damage_healed":0,"gold_gain":0,"player_choice":"Gave Potion","damage_taken":0,"relics_obtained":["Paper Frog"],"max_hp_gain":0,"max_hp_loss":0,"event_name":"WeMeetAgain","floor":14,"gold_loss":0},{"damage_healed":0,"gold_gain":99,"player_choice":"Stole From Cult","damage_taken":0,"max_hp_gain":0,"max_hp_loss":0,"event_name":"Nest","floor":22,"gold_loss":0},{"damage_healed":0,"gold_gain":0,"player_choice":"Upgraded","damage_taken":0,"max_hp_gain":0,"max_hp_loss":0,"event_name":"Upgrade Shrine","floor":25,"gold_loss":0,"cards_upgraded":["Dropkick"]},{"cards_removed":["Defend_R"],"damage_healed":0,"gold_gain":0,"player_choice":"Removed Skill","damage_taken":0,"max_hp_gain":0,"max_hp_loss":0,"event_name":"Falling","floor":36,"gold_loss":0},{"damage_healed":0,"gold_gain":75,"player_choice":"Touch","damage_taken":9,"max_hp_gain":0,"max_hp_loss":0,"event_name":"FaceTrader","floor":38,"gold_loss":0},{"damage_healed":0,"gold_gain":0,"player_choice":"Fight","damage_taken":0,"max_hp_gain":0,"max_hp_loss":0,"event_name":"MindBloom","floor":44,"gold_loss":0}],"is_beta":true,"boss_relics":[{"not_picked":["Cursed Key","Snecko Eye"],"picked":"Tiny House"},{"not_picked":["Sozu","Black Star"],"picked":"Empty Cage"}],"items_purged_floors":[19,30,37],"is_endless":false,"potions_floor_spawned":[1,7,12,18,20,21,28,29,35,42,45],"ascension_level":0}