{"gold_per_floor":[15,15,15,25,43,43,68,68,68,68,82,52,52],"floor_reached":13,"playtime":343,"items_purged":[],"score":166,"play_id":"ee4e81aa-8255-4fae-a564-c1e2a98801b5","local_time":"20190411234747","is_ascension_mode":true,"campfire_choices":[{"data":"Bash","floor":6,"key":"SMITH"},{"floor":8,"key":"REST"}],"neow_cost":"NO_GOLD","seed_source_timestamp":124237269300700,"circlet_count":0,"master_deck":["AscendersBane","Strike_R","Strike_R","Strike_R","Strike_R","Defend_R","Defend_R","Defend_R","Bash+1","Feed","Fire Breathing","Shrug It Off"],"relics":["Burning Blood","Ornamental Fan","Paper Frog"],"potions_floor_usage":[11,13],"damage_taken":[{"damage":4,"enemies":"Small Slimes","floor":1,"turns":3},{"damage":13,"enemies":"Jaw Worm","floor":4,"turns":6},{"damage":17,"enemies":"Cultist","floor":5,"turns":5},{"damage":46,"enemies":"Gremlin Nob","floor":7,"turns":5},{"damage":6,"enemies":"Looter","floor":11,"turns":3},{"damage":50,"enemies":"3 Sentries","floor":13,"turns":8}],"seed_played":"-6212306656760553255","potions_obtained":[{"floor":4,"key":"Ancient Potion"},{"floor":7,"key":"BloodPotion"},{"floor":12,"key":"SkillPotion"}],"is_trial":false,"path_per_floor":["M","?","?","M","M","R","E","R","T","?","M","?","E"],"character_chosen":"IRONCLAD","items_purchased":[],"campfire_rested":1,"item_purchase_floors":[],"current_hp_per_floor":[70,70,70,66,55,55,15,38,38,38,48,48,0],"gold":52,"neow_bonus":"TRANSFORM_TWO_CARDS","is_prod":false,"is_daily":false,"chose_seed":false,"campfire_upgraded":1,"win_rate":0,"timestamp":1555019267,"path_taken":["M","?","?","M","M","R","E","R","T","?","?","?","E"],"build_version":"2019-04-04","purchased_purges":0,"victory":false,"max_hp_per_floor":[75,75,75,78,78,78,78,78,78,78,81,81,81],"card_choices":[{"not_picked":["Iron Wave","Clash","Entrench"],"picked":"SKIP","floor":1},{"not_picked":["Power Through","Combust"],"picked":"Shrug It Off","floor":4},{"not_picked":["Anger","Brutality","Cleave"],"picked":"SKIP","floor":5},{"not_picked":["Seeing Red","Wild Strike","Fire Breathing"],"picked":"SKIP","floor":7},{"not_picked":["Second Wind","Thunderclap","Havoc"],"picked":"SKIP","floor":11}],"player_experience":1360408,"relics_obtained":[{"floor":7,"key":"Paper Frog"}],"event_choices":[{"damage_healed":0,"gold_gain":0,"player_choice":"Box","damage_taken":0,"relics_obtained":["Ornamental Fan"],"max_hp_gain":0,"max_hp_loss":0,"event_name":"Big Fish","floor":2,"gold_loss":0,"cards_obtained":["Regret"]},{"damage_healed":0,"gold_gain":0,"player_choice":"Leave","damage_taken":0,"max_hp_gain":0,"max_hp_loss":0,"event_name":"The Cleric","floor":3,"gold_loss":0},{"cards_removed":["Regret"],"damage_healed":0,"gold_gain":0,"player_choice":"Forget","damage_taken":0,"max_hp_gain":0,"max_hp_loss":0,"event_name":"Living Wall","floor":10,"gold_loss":0},{"damage_healed":0,"gold_gain":0,"player_choice":"Bought 2 Potions","damage_taken":0,"max_hp_gain":0,"max_hp_loss":0,"event_name":"The Woman in Blue","floor":12,"gold_loss":0}],"is_beta":true,"boss_relics":[],"items_purged_floors":[],"is_endless":false,"potions_floor_spawned":[4,7],"killed_by":"3 Sentries","ascension_level":20}