{"gold_per_floor":[363,60,60,77,52,83,83,118,118,18,45,65,65,65,65,65],"floor_reached":16,"playtime":605,"items_purged":["Doubt","Pain"],"score":209,"play_id":"f7a370dc-3531-4be2-8d3d-3fbcc9d53486","local_time":"20190503144445","is_ascension_mode":true,"campfire_choices":[{"data":"Bash","floor":7,"key":"SMITH"},{"data":"Defend_R","floor":13,"key":"SMITH"},{"data":"Pummel","floor":15,"key":"SMITH"}],"neow_cost":"CURSE","seed_source_timestamp":2781030883520811,"circlet_count":0,"master_deck":["AscendersBane","Strike_R","Strike_R","Strike_R","Strike_R","Strike_R","Defend_R","Defend_R","Defend_R","Defend_R+1","Bash+1","Pummel+1","Sword Boomerang","Twin Strike","Flex"],"relics":["Burning Blood","PreservedInsect","WarpedTongs","Omamori","Ice Cream","Molten Egg 2","Centennial Puzzle","FaceOfCleric"],"potions_floor_usage":[8],"damage_taken":[{"damage":6,"enemies":"Jaw Worm","floor":1,"turns":7},{"damage":7,"enemies":"Cultist","floor":4,"turns":3},{"damage":34,"enemies":"Lagavulin","floor":6,"turns":7},{"damage":5,"enemies":"3 Sentries","floor":8,"turns":4},{"damage":27,"enemies":"Gremlin Nob","floor":11,"turns":4},{"damage":6,"enemies":"2 Louse","floor":12,"turns":2},{"damage":23,"enemies":"Hexaghost","floor":16,"turns":9}],"seed_played":"-3082552913037347114","potions_obtained":[{"floor":6,"key":"Dexterity Potion"}],"is_trial":false,"path_per_floor":["M","$","?","M","$","E","R","E","T","$","E","M","R","?","R","B"],"character_chosen":"IRONCLAD","items_purchased":["PreservedInsect","AttackPotion","Twin Strike"],"campfire_rested":0,"item_purchase_floors":[2,2,5],"current_hp_per_floor":[68,68,68,67,67,39,39,40,40,40,19,19,19,19,19,0],"gold":65,"neow_bonus":"TWO_FIFTY_GOLD","is_prod":false,"is_daily":false,"chose_seed":false,"campfire_upgraded":3,"win_rate":0,"timestamp":1556873085,"path_taken":["M","$","?","M","$","E","R","E","T","?","E","M","R","?","R","BOSS"],"build_version":"2019-01-23","purchased_purges":2,"victory":false,"max_hp_per_floor":[75,75,75,75,75,75,75,75,75,75,75,75,75,75,75,75],"card_choices":[{"not_picked":["Seeing Red","Havoc"],"picked":"Pummel","floor":1},{"not_picked":["True Grit","Cleave"],"picked":"Sword Boomerang","floor":4},{"not_picked":["Cleave","Anger"],"picked":"Flex","floor":6},{"not_picked":["Perfected Strike","Armaments","Warcry"],"picked":"SKIP","floor":8},{"not_picked":["Blood for Blood+1","Rampage+1","Perfected Strike+1"],"picked":"SKIP","floor":11},{"not_picked":["Fire Breathing","Cleave+1","Perfected Strike+1"],"picked":"SKIP","floor":12}],"player_experience":1276560,"relics_obtained":[{"floor":6,"key":"Omamori"},{"floor":8,"key":"Ice Cream"},{"floor":9,"key":"Molten Egg 2"},{"floor":11,"key":"Centennial Puzzle"}],"event_choices":[{"damage_healed":0,"gold_gain":0,"player_choice":"Rummage","damage_taken":0,"relics_obtained":["WarpedTongs"],"max_hp_gain":0,"max_hp_loss":0,"event_name":"Accursed Blacksmith","floor":3,"gold_loss":0,"cards_obtained":["Pain"]},{"damage_healed":0,"gold_gain":0,"player_choice":"Trade","damage_taken":0,"relics_obtained":["FaceOfCleric"],"max_hp_gain":0,"max_hp_loss":0,"event_name":"FaceTrader","floor":14,"gold_loss":0}],"is_beta":false,"boss_relics":[],"items_purged_floors":[2,10],"is_endless":false,"potions_floor_spawned":[6],"killed_by":"Hexaghost","ascension_level":16}