{"gold_per_floor":[113,130,80,80,80,106,106,126,126,143,177,352,369,97,97,196,196,215,215,94,108,126,126,154,154,154,26,51,51,64,64,64,163,163,177,1176,377,377,397,397,397,8,64,91,41,68,82,94,94,94,94,94,44,71,71],"floor_reached":55,"playtime":2700,"items_purged":["Doubt","Strike_G","Strike_G+1","Normality","Normality","Shame","Parasite"],"score":851,"play_id":"e47a5be1-5a9f-4df5-b09c-dafeb66b97c1","local_time":"20181118215707","is_ascension_mode":false,"campfire_choices":[{"floor":7,"key":"REST"},{"floor":15,"key":"RECALL"},{"data":"Dagger Spray","floor":23,"key":"SMITH"},{"floor":29,"key":"REST"},{"data":"Footwork","floor":32,"key":"SMITH"},{"data":"Footwork","floor":40,"key":"SMITH"},{"data":"Dash","floor":49,"key":"SMITH"},{"data":"Sucker Punch","floor":52,"key":"SMITH"}],"neow_cost":"NONE","seed_source_timestamp":346871805992245,"circlet_count":0,"master_deck":["Defend_G+1","Defend_G+1","Defend_G+1","Strike_G+1","Survivor+1","Neutralize","Footwork+1","Flying Knee","Sucker Punch+1","Backstab","Heel Hook","Dagger Spray+1","Dash+1","Burst","Burst+1","Quick Slash+1","Deflect+1","Well Laid Plans","Footwork+1","Footwork+1","Blade Dance+1","Leg Sweep+1","Tools of the Trade","Backflip+1","Backstab","Cloak And Dagger+1","Accuracy+1","Storm of Steel+1","Footwork+1","Accuracy+1","Dodge and Roll+1"],"relics":["Ring of the Snake","Potion Belt","Incense Burner","Pantograph","Smiling Mask","War Paint","Astrolabe","Toxic Egg 2","PreservedInsect","FossilizedHelix","Thread and Needle","Orrery","Pear","Toolbox","Tingsha","Shuriken","Tiny Chest","Dream Catcher","Oddly Smooth Stone","Snake Skull"],"potions_floor_usage":[11,24,24,28,28,44,50,55,55],"damage_taken":[{"damage":0,"enemies":"Small Slimes","floor":1,"turns":3},{"damage":2,"enemies":"2 Louse","floor":2,"turns":4},{"damage":31,"enemies":"3 Sentries","floor":6,"turns":14},{"damage":0,"enemies":"Jaw Worm","floor":8,"turns":4},{"damage":2,"enemies":"2 Fungi Beasts","floor":10,"turns":5},{"damage":13,"enemies":"Gremlin Nob","floor":11,"turns":6},{"damage":0,"enemies":"Blue Slaver","floor":13,"turns":5},{"damage":7,"enemies":"The Guardian","floor":16,"turns":15},{"damage":1,"enemies":"Shell Parasite","floor":18,"turns":5},{"damage":1,"enemies":"Spheric Guardian","floor":21,"turns":5},{"damage":11,"enemies":"Centurion and Healer","floor":22,"turns":9},{"damage":42,"enemies":"Book of Stabbing","floor":24,"turns":9},{"damage":5,"enemies":"Slavers","floor":28,"turns":6},{"damage":1,"enemies":"Chosen and Byrds","floor":30,"turns":9},{"damage":29,"enemies":"Automaton","floor":33,"turns":18},{"damage":0,"enemies":"3 Shapes","floor":35,"turns":9},{"damage":5,"enemies":"3 Darklings","floor":39,"turns":9},{"damage":9,"enemies":"Reptomancer","floor":44,"turns":7},{"damage":0,"enemies":"Nemesis","floor":46,"turns":5},{"damage":20,"enemies":"Sphere and 2 Shapes","floor":47,"turns":8},{"damage":0,"enemies":"Writhing Mass","floor":48,"turns":7},{"damage":16,"enemies":"Awakened One","floor":50,"turns":20},{"damage":54,"enemies":"Shield and Spear","floor":54,"turns":7},{"damage":50,"enemies":"The Heart","floor":55,"turns":5}],"seed_played":"9121488564385387001","potions_obtained":[{"floor":8,"key":"GhostInAJar"},{"floor":10,"key":"SpeedPotion"},{"floor":11,"key":"SteroidPotion"},{"floor":16,"key":"EssenceOfSteel"},{"floor":18,"key":"GamblersBrew"},{"floor":28,"key":"Energy Potion"},{"floor":30,"key":"LiquidBronze"},{"floor":39,"key":"FearPotion"},{"floor":44,"key":"LiquidBronze"},{"floor":46,"key":"SkillPotion"}],"is_trial":false,"path_per_floor":["M","M","?","?","T","E","R","M","T","M","E","?","M","$","R","B",null,"M","?","$","M","M","R","E","?","T","$","E","R","M","?","R","B",null,"M","?","$","?","M","R","?","$","T","E","$","E","M","M","R","B",null,"R","$","E","B"],"character_chosen":"THE_SILENT","items_purchased":["War Paint","Dash","Well Laid Plans","Footwork","Pear","Toolbox","Tingsha","Shuriken","Storm of Steel+1"],"campfire_rested":2,"item_purchase_floors":[14,14,20,27,37,37,37,42,42],"current_hp_per_floor":[70,68,68,68,68,37,58,58,58,56,43,43,43,43,43,61,70,69,62,62,61,50,50,8,8,8,8,3,24,23,23,23,19,70,70,70,80,80,75,75,75,75,75,66,66,66,46,46,46,55,80,80,77,23,0],"gold":71,"neow_bonus":"RANDOM_COMMON_RELIC","is_prod":false,"is_daily":false,"chose_seed":false,"campfire_upgraded":5,"win_rate":0,"timestamp":1542574627,"path_taken":["M","M","?","?","?","E","R","M","T","M","E","?","M","$","R","BOSS","M","?","$","?","M","R","E","?","T","?","E","R","?","?","R","BOSS","M","?","$","?","?","R","?","?","T","E","$","E","M","M","R","BOSS","R","$","E","BOSS"],"build_version":"2018-11-15","purchased_purges":7,"victory":false,"max_hp_per_floor":[70,70,70,70,70,70,70,70,70,70,70,70,70,70,70,70,70,70,70,70,70,70,70,70,70,70,70,70,70,70,70,70,70,70,70,70,80,80,80,80,80,80,80,80,80,80,80,80,80,80,80,80,77,77,77],"card_choices":[{"not_picked":["PiercingWail","Acrobatics","Dagger Throw"],"picked":"SKIP","floor":1},{"not_picked":["Endless Agony","Slice"],"picked":"Footwork","floor":2},{"not_picked":["Eviscerate","Flechettes"],"picked":"Flying Knee","floor":6},{"not_picked":["Outmaneuver","A Thousand Cuts"],"picked":"Sucker Punch","floor":8},{"not_picked":["Choke","Calculated Gamble"],"picked":"Backstab","floor":10},{"not_picked":["Deflect","Skewer"],"picked":"Heel Hook","floor":11},{"not_picked":["Sucker Punch","Underhanded Strike"],"picked":"Dagger Spray","floor":13},{"not_picked":["Tools of the Trade","Night Terror"],"picked":"Burst","floor":16},{"not_picked":["Prepared","Outmaneuver","Reflex"],"picked":"SKIP","floor":18},{"not_picked":["Slice+1","Underhanded Strike+1"],"picked":"Footwork","floor":21},{"not_picked":["Caltrops","Dagger Throw","Quick Slash"],"picked":"SKIP","floor":22},{"not_picked":["All Out Attack","Acrobatics+1","Predator"],"picked":"SKIP","floor":24},{"not_picked":["Deflect+1","Footwork"],"picked":"Blade Dance+1","floor":28},{"not_picked":["Quick Slash+1","Dodge and Roll+1"],"picked":"Leg Sweep+1","floor":30},{"not_picked":["A Thousand Cuts","Malaise+1"],"picked":"Tools of the Trade","floor":33},{"not_picked":["Infinite Blades","Deflect+1"],"picked":"Backflip+1","floor":34},{"not_picked":["Expertise+1","Slice+1"],"picked":"Backstab","floor":34},{"not_picked":["Blade Dance+1","Prepared+1"],"picked":"Cloak And Dagger+1","floor":35},{"not_picked":["Wraith Form v2","Underhanded Strike"],"picked":"Accuracy+1","floor":39},{"not_picked":["Dagger Throw","Malaise+1","Well Laid Plans"],"picked":"SKIP","floor":44},{"not_picked":["Cloak And Dagger+1","Poisoned Stab+1"],"picked":"Footwork+1","floor":46},{"not_picked":["Dodge and Roll+1","Deadly Poison+1"],"picked":"Accuracy+1","floor":47},{"not_picked":["Skewer+1","Eviscerate+1","Caltrops+1"],"picked":"SKIP","floor":48},{"not_picked":["Infinite Blades","Dagger Spray"],"picked":"Dodge and Roll+1","floor":54}],"player_experience":904297,"relics_obtained":[{"floor":6,"key":"Incense Burner"},{"floor":9,"key":"Pantograph"},{"floor":11,"key":"Smiling Mask"},{"floor":24,"key":"Toxic Egg 2"},{"floor":26,"key":"PreservedInsect"},{"floor":28,"key":"FossilizedHelix"},{"floor":43,"key":"Tiny Chest"},{"floor":44,"key":"Dream Catcher"},{"floor":46,"key":"Oddly Smooth Stone"},{"floor":54,"key":"Snake Skull"}],"event_choices":[{"cards_removed":["Defend_G"],"damage_healed":0,"gold_gain":0,"player_choice":"Card Removal","damage_taken":0,"max_hp_gain":0,"max_hp_loss":0,"event_name":"The Cleric","floor":3,"gold_loss":50},{"damage_healed":0,"gold_gain":0,"player_choice":"Grow","damage_taken":0,"max_hp_gain":0,"max_hp_loss":0,"event_name":"Living Wall","floor":4,"gold_loss":0,"cards_upgraded":["Footwork"]},{"damage_healed":0,"gold_gain":175,"player_choice":"AGREE","damage_taken":0,"max_hp_gain":0,"max_hp_loss":0,"event_name":"Liars Game","floor":12,"gold_loss":0,"cards_obtained":["Doubt"]},{"damage_healed":0,"gold_gain":0,"player_choice":"Damaged","damage_taken":7,"max_hp_gain":0,"max_hp_loss":0,"event_name":"Wheel of Change","floor":19,"gold_loss":0},{"damage_healed":0,"gold_gain":0,"player_choice":"Simplicity","damage_taken":0,"max_hp_gain":0,"max_hp_loss":0,"event_name":"Back to Basics","floor":25,"gold_loss":0,"cards_upgraded":["Defend_G","Defend_G","Strike_G","Strike_G"]},{"damage_healed":0,"gold_gain":0,"player_choice":"Stole Relic","damage_taken":0,"relics_obtained":["Thread and Needle"],"max_hp_gain":0,"max_hp_loss":0,"event_name":"Addict","floor":31,"gold_loss":0,"cards_obtained":["Shame"]},{"damage_healed":0,"gold_gain":999,"player_choice":"Gold","damage_taken":0,"max_hp_gain":0,"max_hp_loss":0,"event_name":"MindBloom","floor":36,"gold_loss":0,"cards_obtained":["Normality","Normality"]},{"damage_healed":0,"gold_gain":0,"player_choice":"Ignored","damage_taken":0,"max_hp_gain":0,"max_hp_loss":0,"event_name":"SecretPortal","floor":38,"gold_loss":0},{"damage_healed":0,"gold_gain":0,"player_choice":"Ignored","damage_taken":0,"max_hp_gain":0,"max_hp_loss":0,"event_name":"Tomb of Lord Red Mask","floor":41,"gold_loss":0}],"is_beta":true,"boss_relics":[{"not_picked":["Runic Pyramid","Busted Crown"],"picked":"Astrolabe"},{"not_picked":["Coffee Dripper","Velvet Choker"],"picked":"Orrery"}],"items_purged_floors":[14,20,27,37,42,45,53],"is_endless":false,"potions_floor_spawned":[8,10,11,16,18,28,30,39,44,46],"killed_by":"The Heart","ascension_level":0}