{"gold_per_floor":[112,112,122,134,134,146,146,180,180,180,17,17,32,48,48,125,125,137,148,148,73,90,90,90,90,90,90,90,109,122,148,148,148],"floor_reached":33,"playtime":1368,"items_purged":["Envenom"],"score":584,"play_id":"24795edc-2598-4f9f-afd1-2e5d6b31b596","local_time":"20190131201838","is_ascension_mode":true,"campfire_choices":[{"data":"Dagger Spray","floor":7,"key":"SMITH"},{"data":"Neutralize","floor":10,"key":"SMITH"},{"data":"Adrenaline","floor":12,"key":"SMITH"},{"floor":15,"key":"REST"},{"floor":23,"key":"REST"},{"floor":27,"key":"REST"},{"floor":32,"key":"REST"}],"neow_cost":"NONE","seed_source_timestamp":1063676784596700,"circlet_count":0,"master_deck":["AscendersBane","Survivor","Neutralize+1","Dodge and Roll","Dagger Spray+1","Adrenaline+1","All Out Attack","Backflip","Corpse Explosion","Deflect","Noxious Fumes","Setup","Poisoned Stab","Unload","Acrobatics","Catalyst","Burst","Night Terror","Deadly Poison","Footwork","Footwork","Backflip"],"relics":["Ring of the Snake","Potion Belt","Blue Candle","Bag of Marbles","Bottled Lightning","Pandora\u0027s Box","Dead Branch","Shuriken"],"potions_floor_usage":[6,8,8,8,8,14,16,16,16,30,30,31,31],"damage_taken":[{"damage":2,"enemies":"Jaw Worm","floor":1,"turns":6},{"damage":7,"enemies":"Cultist","floor":3,"turns":4},{"damage":4,"enemies":"Small Slimes","floor":4,"turns":4},{"damage":0,"enemies":"Blue Slaver","floor":6,"turns":5},{"damage":22,"enemies":"Lagavulin","floor":8,"turns":6},{"damage":0,"enemies":"2 Fungi Beasts","floor":13,"turns":2},{"damage":0,"enemies":"Exordium Wildlife","floor":14,"turns":1},{"damage":31,"enemies":"Slime Boss","floor":16,"turns":9},{"damage":17,"enemies":"Shell Parasite","floor":18,"turns":7},{"damage":10,"enemies":"2 Thieves","floor":19,"turns":2},{"damage":18,"enemies":"Centurion and Healer","floor":22,"turns":6},{"damage":0,"enemies":"Sentry and Sphere","floor":29,"turns":2},{"damage":22,"enemies":"Shelled Parasite and Fungi","floor":30,"turns":7},{"damage":4,"enemies":"Slavers","floor":31,"turns":5},{"damage":33,"enemies":"Collector","floor":33,"turns":7}],"seed_played":"-8848815571500443685","potions_obtained":[{"floor":3,"key":"Swift Potion"},{"floor":4,"key":"FearPotion"},{"floor":5,"key":"EssenceOfSteel"},{"floor":5,"key":"EntropicBrew"},{"floor":8,"key":"GamblersBrew"},{"floor":13,"key":"Swift Potion"},{"floor":16,"key":"GamblersBrew"},{"floor":19,"key":"PowerPotion"},{"floor":22,"key":"Regen Potion"},{"floor":29,"key":"Dexterity Potion"}],"is_trial":false,"path_per_floor":["M","?","M","M","?","M","R","E","T","R","$","R","M","M","R","B",null,"M","M","?","$","M","R","$","?","T","R","?","M","M","E","R","B"],"character_chosen":"THE_SILENT","items_purchased":["Adrenaline"],"campfire_rested":4,"item_purchase_floors":[11],"current_hp_per_floor":[57,57,50,46,46,46,46,24,24,24,24,24,24,24,43,12,53,36,26,26,26,8,27,27,27,27,46,28,28,21,17,38,5],"gold":148,"neow_bonus":"RANDOM_COMMON_RELIC","is_prod":false,"is_daily":false,"chose_seed":false,"campfire_upgraded":3,"win_rate":0,"timestamp":1548962318,"path_taken":["M","?","?","M","?","M","R","E","T","R","$","R","?","M","R","BOSS","M","M","?","$","M","R","?","?","T","R","?","?","M","E","R","BOSS"],"build_version":"2019-01-23","purchased_purges":1,"victory":false,"max_hp_per_floor":[66,66,66,66,66,66,66,66,66,66,66,66,66,66,66,66,66,66,66,66,66,66,66,66,66,66,66,71,71,71,71,71,71],"card_choices":[{"not_picked":["Cloak And Dagger","Bouncing Flask"],"picked":"Crippling Poison","floor":1},{"not_picked":["Blade Dance","Underhanded Strike"],"picked":"Dodge and Roll","floor":3},{"not_picked":["Blade Dance","Quick Slash"],"picked":"Dagger Spray","floor":4},{"not_picked":["Outmaneuver","Wraith Form v2","Deadly Poison"],"picked":"SKIP","floor":6},{"not_picked":["Acrobatics","Bane","Dagger Throw"],"picked":"SKIP","floor":8},{"not_picked":["Deadly Poison","Underhanded Strike"],"picked":"All Out Attack","floor":13},{"not_picked":["Noxious Fumes","Tactician"],"picked":"Backflip","floor":14},{"not_picked":["Grand Finale","Unload"],"picked":"Corpse Explosion","floor":16},{"not_picked":["Sucker Punch","Dagger Spray"],"picked":"Deadly Poison","floor":18},{"not_picked":["Caltrops","Quick Slash"],"picked":"Footwork","floor":19},{"not_picked":["Terror","Setup"],"picked":"Backflip","floor":22},{"not_picked":["Acrobatics","Underhanded Strike","Flechettes"],"picked":"SKIP","floor":29},{"not_picked":["Outmaneuver","Sucker Punch","Doppelganger"],"picked":"SKIP","floor":30},{"not_picked":["Cloak And Dagger","Prepared","Calculated Gamble+1"],"picked":"SKIP","floor":31}],"player_experience":1104980,"relics_obtained":[{"floor":8,"key":"Bag of Marbles"},{"floor":9,"key":"Bottled Lightning"},{"floor":26,"key":"Dead Branch"},{"floor":31,"key":"Shuriken"}],"event_choices":[{"cards_removed":["Crippling Poison"],"damage_healed":0,"gold_gain":0,"player_choice":"Gave Card","damage_taken":0,"relics_obtained":["Blue Candle"],"max_hp_gain":0,"max_hp_loss":0,"event_name":"WeMeetAgain","floor":2,"gold_loss":0},{"damage_healed":0,"gold_gain":0,"player_choice":"Got Potions","damage_taken":0,"max_hp_gain":0,"max_hp_loss":0,"event_name":"Lab","floor":5,"gold_loss":0},{"damage_healed":0,"gold_gain":0,"player_choice":"1 cards matched","damage_taken":0,"max_hp_gain":0,"max_hp_loss":0,"event_name":"Match and Keep!","floor":20,"gold_loss":0,"cards_obtained":["Footwork"]},{"damage_healed":0,"gold_gain":0,"player_choice":"Ignored","damage_taken":0,"max_hp_gain":0,"max_hp_loss":0,"event_name":"Vampires","floor":25,"gold_loss":0},{"damage_healed":0,"gold_gain":0,"player_choice":"Shed Blood","damage_taken":23,"max_hp_gain":5,"max_hp_loss":0,"event_name":"Forgotten Altar","floor":28,"gold_loss":0}],"is_beta":true,"boss_relics":[{"not_picked":["Lizard Tail","Ectoplasm"],"picked":"Pandora\u0027s Box"}],"items_purged_floors":[21],"is_endless":false,"potions_floor_spawned":[3,4,8,13,16,19,22,29],"killed_by":"Collector","ascension_level":20}