{"gold_per_floor":[117,117,131,131,149,181,181,206,233,233,244,119,119,135,135,240,240,252,266,266,266,167,167,180,180,180,199,199],"floor_reached":28,"playtime":1586,"items_purged":["Strike_B","Strike_B"],"score":319,"play_id":"806a7627-bd17-4a29-84b4-44c35b56aa8b","local_time":"20181122163703","is_ascension_mode":true,"campfire_choices":[{"floor":7,"key":"REST"},{"data":"Barrage","floor":10,"key":"SMITH"},{"data":"Defragment","floor":13,"key":"SMITH"},{"floor":15,"key":"REST"},{"data":"Echo Form","floor":23,"key":"SMITH"},{"data":"Capacitor","floor":25,"key":"SMITH"}],"neow_cost":"NONE","seed_source_timestamp":756461490093573,"circlet_count":0,"master_deck":["Strike_B+1","Strike_B+1","Defend_B","Defend_B","Defend_B","Defend_B","Zap","Dualcast","Electrodynamics+1","Barrage+1","Heatsinks","Biased Cognition","Leap","Coolheaded","Defragment+1","Echo Form+1","Loop","Capacitor+1","Coolheaded"],"relics":["Cracked Core","Bag of Marbles","Omamori","Smiling Mask","Runic Pyramid","Blue Candle","Sundial"],"potions_floor_usage":[14,16],"damage_taken":[{"damage":6,"enemies":"Jaw Worm","floor":1,"turns":4},{"damage":7,"enemies":"Small Slimes","floor":3,"turns":3},{"damage":0,"enemies":"Cultist","floor":5,"turns":2},{"damage":20,"enemies":"Lagavulin","floor":6,"turns":5},{"damage":5,"enemies":"3 Sentries","floor":8,"turns":3},{"damage":8,"enemies":"Exordium Thugs","floor":11,"turns":3},{"damage":0,"enemies":"Looter","floor":14,"turns":1},{"damage":14,"enemies":"The Guardian","floor":16,"turns":9},{"damage":15,"enemies":"Shell Parasite","floor":18,"turns":4},{"damage":10,"enemies":"Spheric Guardian","floor":19,"turns":4},{"damage":18,"enemies":"Snake Plant","floor":24,"turns":3},{"damage":9,"enemies":"Snecko","floor":27,"turns":6},{"damage":30,"enemies":"Book of Stabbing","floor":28,"turns":5}],"seed_played":"61975842464970410","potions_obtained":[{"floor":3,"key":"SteroidPotion"},{"floor":6,"key":"Fire Potion"},{"floor":11,"key":"Swift Potion"},{"floor":14,"key":"FocusPotion"}],"is_trial":false,"path_per_floor":["M","?","M","?","M","E","R","E","T","R","M","$","R","M","R","B",null,"M","M","T","?","$","R","M","R","T","M","E"],"character_chosen":"DEFECT","items_purchased":["Defragment","Coolheaded"],"campfire_rested":2,"item_purchase_floors":[12,22],"current_hp_per_floor":[62,47,40,40,40,20,42,37,37,37,29,29,29,29,51,37,66,51,41,41,75,75,75,57,57,57,48,18],"gold":199,"neow_bonus":"ONE_RANDOM_RARE_CARD","is_prod":false,"is_daily":false,"chose_seed":false,"campfire_upgraded":4,"win_rate":0,"timestamp":1542940623,"path_taken":["M","?","M","?","M","E","R","E","T","R","M","$","R","M","R","BOSS","M","?","?","?","$","R","M","R","T","?","E"],"build_version":"2018-11-15","purchased_purges":2,"victory":false,"max_hp_per_floor":[75,75,75,75,75,75,75,75,75,75,75,75,75,75,75,75,75,75,75,75,75,75,75,75,75,75,75,75],"card_choices":[{"not_picked":["Gash","Turbo"],"picked":"Barrage","floor":1},{"not_picked":["Sunder","Turbo"],"picked":"Heatsinks","floor":3},{"not_picked":["Reinforced Body","Ball Lightning"],"picked":"Biased Cognition","floor":5},{"not_picked":["Static Discharge","Blizzard","Fusion"],"picked":"SKIP","floor":6},{"not_picked":["Double Energy","Steam Power"],"picked":"Leap","floor":8},{"not_picked":["Sunder","Beam Cell"],"picked":"Coolheaded","floor":11},{"not_picked":["Steam","Rebound","Go for the Eyes"],"picked":"SKIP","floor":14},{"not_picked":["Biased Cognition","Rainbow"],"picked":"Echo Form","floor":16},{"not_picked":["Beam Cell+1","Turbo"],"picked":"Loop","floor":18},{"not_picked":["Go for the Eyes","Self Repair"],"picked":"Capacitor","floor":19},{"not_picked":["Redo+1","Doom and Gloom+1","Rebound+1"],"picked":"SKIP","floor":24},{"not_picked":["Doom and Gloom+1","Sunder","Go for the Eyes"],"picked":"SKIP","floor":27}],"player_experience":318796,"relics_obtained":[{"floor":6,"key":"Bag of Marbles"},{"floor":8,"key":"Omamori"},{"floor":9,"key":"Smiling Mask"},{"floor":20,"key":"Blue Candle"},{"floor":26,"key":"Sundial"}],"event_choices":[{"damage_healed":0,"gold_gain":0,"player_choice":"Entered Light","damage_taken":15,"max_hp_gain":0,"max_hp_loss":0,"event_name":"Shining Light","floor":2,"gold_loss":0,"cards_upgraded":["Strike_B","Strike_B"]},{"damage_healed":0,"gold_gain":0,"player_choice":"Upgraded","damage_taken":0,"max_hp_gain":0,"max_hp_loss":0,"event_name":"Upgrade Shrine","floor":4,"gold_loss":0,"cards_upgraded":["Electrodynamics"]},{"damage_healed":34,"gold_gain":0,"player_choice":"Full Heal","damage_taken":0,"max_hp_gain":0,"max_hp_loss":0,"event_name":"Wheel of Change","floor":21,"gold_loss":0}],"is_beta":false,"boss_relics":[{"not_picked":["Philosopher\u0027s Stone","Tiny House"],"picked":"Runic Pyramid"}],"items_purged_floors":[12,22],"is_endless":false,"potions_floor_spawned":[3,6,11,14],"killed_by":"Book of Stabbing","ascension_level":8}