{"gold_per_floor":[112,112,112,161,86,86,106,122,122,148,160,173,206,216,216,316,316,335,355,255,272,187,187,204,204,204,204],"floor_reached":27,"playtime":718,"items_purged":["Regret","Defend_R"],"score":225,"play_id":"3c38d671-7240-41b9-b64e-c26e04a2f88e","local_time":"20190216162712","is_ascension_mode":false,"campfire_choices":[{"data":"Strike_R","floor":6.0,"key":"SMITH"},{"data":"Searing Blow","floor":15.0,"key":"SMITH"},{"data":"Searing Blow+1","floor":23.0,"key":"SMITH"},{"data":"Searing Blow+2","floor":25.0,"key":"SMITH"}],"neow_cost":"NONE","seed_source_timestamp":0,"circlet_count":0,"master_deck":["Strike_R","Strike_R","Strike_R","Strike_R","Strike_R+1","Defend_R","Defend_R","Defend_R","Bash+1","Searing Blow+3","Shrug It Off","Pommel Strike","Reaper"],"special_seed":0,"relics":["Black Blood","NeowsBlessing","Meat on the Bone","Potion Belt","Mummified Hand","Lantern","Ice Cream","Happy Flower","Frozen Egg 2"],"potions_floor_usage":[27],"damage_taken":[{"damage":0.0,"enemies":"Small Slimes","floor":1.0,"turns":1.0},{"damage":0.0,"enemies":"Jaw Worm","floor":7.0,"turns":1.0},{"damage":0.0,"enemies":"Cultist","floor":8.0,"turns":1.0},{"damage":53.0,"enemies":"3 Sentries","floor":10.0,"turns":9.0},{"damage":4.0,"enemies":"Gremlin Gang","floor":11.0,"turns":5.0},{"damage":4.0,"enemies":"3 Louse","floor":12.0,"turns":5.0},{"damage":14.0,"enemies":"Gremlin Nob","floor":13.0,"turns":3.0},{"damage":0.0,"enemies":"2 Fungi Beasts","floor":14.0,"turns":4.0},{"damage":45.0,"enemies":"Slime Boss","floor":16.0,"turns":11.0},{"damage":12.0,"enemies":"3 Byrds","floor":18.0,"turns":4.0},{"damage":32.0,"enemies":"Spheric Guardian","floor":19.0,"turns":5.0},{"damage":61.0,"enemies":"Chosen and Byrds","floor":21.0,"turns":9.0},{"damage":0.0,"enemies":"Centurion and Healer","floor":24.0,"turns":6.0},{"damage":80,"enemies":"Gremlin Leader","floor":27,"turns":7}],"seed_played":"7232711852991018411","potions_obtained":[{"floor":1.0,"key":"Block Potion"},{"floor":8.0,"key":"Energy Potion"},{"floor":11.0,"key":"Dexterity Potion"},{"floor":12.0,"key":"LiquidBronze"},{"floor":14.0,"key":"SteroidPotion"},{"floor":24.0,"key":"Poison Potion"}],"is_trial":false,"path_per_floor":["M","?","?","T","$","R","M","M","T","E","M","M","E","M","R","B",null,"M","M","$","M","?","R","M","R","T","E"],"character_chosen":"IRONCLAD","items_purchased":[],"campfire_rested":0,"item_purchase_floors":[],"current_hp_per_floor":[80,80,80,80,80,80,80,80,80,45,47,49,53,59,59,32,80,78,56,56,23,23,23,51,51,51,0],"gold":204,"neow_bonus":"THREE_ENEMY_KILL","is_prod":false,"is_daily":false,"chose_seed":false,"campfire_upgraded":4,"win_rate":0,"timestamp":1550330832,"path_taken":["M","?","?","?","$","R","?","M","T","E","?","?","E","M","R","BOSS","M","M","$","M","?","R","M","R","T","E"],"build_version":"2019-02-06","purchased_purges":2,"victory":false,"max_hp_per_floor":[80,80,80,80,80,80,80,80,80,80,80,80,80,80,80,80,80,80,80,80,80,80,80,80,80,80,80],"card_choices":[{"not_picked":["Disarm","Battle Trance","Clothesline"],"picked":"SKIP","floor":1.0},{"not_picked":["Clothesline","Body Slam"],"picked":"Searing Blow","floor":7.0},{"not_picked":["Blood for Blood","Impervious","Spot Weakness"],"picked":"SKIP","floor":8.0},{"not_picked":["Rupture","Perfected Strike"],"picked":"Shrug It Off","floor":10.0},{"not_picked":["Sword Boomerang","Infernal Blade","Havoc"],"picked":"SKIP","floor":11.0},{"not_picked":["Shrug It Off","Hemokinesis","Power Through"],"picked":"SKIP","floor":12.0},{"not_picked":["Shockwave","Iron Wave","Heavy Blade"],"picked":"SKIP","floor":13.0},{"not_picked":["Metallicize","Shockwave"],"picked":"Pommel Strike","floor":14.0},{"not_picked":["Limit Break","Exhume"],"picked":"Reaper","floor":16.0},{"not_picked":["Battle Trance+1","Anger","Metallicize+1"],"picked":"SKIP","floor":18.0},{"not_picked":["Rage+1","Perfected Strike+1","Clash"],"picked":"SKIP","floor":19.0},{"not_picked":["Pummel+1","Thunderclap","Flex"],"picked":"SKIP","floor":21.0},{"not_picked":["Metallicize","Dual Wield","Sword Boomerang+1"],"picked":"SKIP","floor":24.0}],"player_experience":1149152,"relics_obtained":[{"floor":4.0,"key":"Potion Belt"},{"floor":9.0,"key":"Mummified Hand"},{"floor":10.0,"key":"Lantern"},{"floor":13.0,"key":"Ice Cream"},{"floor":26.0,"key":"Frozen Egg 2"}],"event_choices":[{"damage_healed":0.0,"max_hp_gain":0.0,"max_hp_loss":0.0,"gold_gain":0.0,"event_name":"Big Fish","player_choice":"Box","floor":2.0,"gold_loss":0.0,"damage_taken":0.0,"relics_obtained":["Meat on the Bone"],"cards_obtained":["Regret"]},{"damage_healed":0.0,"max_hp_gain":0.0,"max_hp_loss":0.0,"gold_gain":0.0,"event_name":"Living Wall","player_choice":"Grow","floor":3.0,"gold_loss":0.0,"damage_taken":0.0,"cards_upgraded":["Bash"]},{"damage_healed":0.0,"max_hp_gain":0.0,"max_hp_loss":0.0,"gold_gain":0.0,"event_name":"Addict","player_choice":"Obtained Relic","floor":22.0,"gold_loss":85.0,"damage_taken":0.0,"relics_obtained":["Happy Flower"]}],"is_beta":true,"boss_relics":[{"not_picked":["Eternal Feather","Sozu"],"picked":"Black Blood"}],"items_purged_floors":[5,20],"is_endless":false,"potions_floor_spawned":[1,8,11,12,14,24],"killed_by":"Gremlin Leader","ascension_level":0}