{"gold_per_floor":[19,19,19,19,42,42,83,83,83,96,96,23,37,62,62,62],"floor_reached":16,"playtime":475,"items_purged":[],"score":100,"play_id":"e92ea6f4-418f-4fc0-98df-9f7ac26b97ba","local_time":"20190224031838","is_ascension_mode":false,"campfire_choices":[{"data":"Neutralize","floor":6,"key":"SMITH"},{"floor":8,"key":"REST"},{"data":"Blade Dance","floor":11,"key":"SMITH"},{"floor":15,"key":"REST"}],"neow_cost":"NO_GOLD","seed_source_timestamp":357406592324900,"circlet_count":0,"master_deck":["Defend_G","Defend_G","Defend_G","Defend_G","Defend_G","Strike_G","Strike_G","Strike_G","Strike_G","Strike_G","Survivor","Neutralize+1","After Image","Blade Dance","Footwork","Blade Dance+1","Heel Hook","Dash"],"relics":["Ring of the Snake","Golden Idol","Smiling Mask","Ancient Tea Set"],"potions_floor_usage":[14,16],"damage_taken":[{"damage":1,"enemies":"2 Louse","floor":1,"turns":4},{"damage":5,"enemies":"Jaw Worm","floor":5,"turns":7},{"damage":34,"enemies":"Lagavulin","floor":7,"turns":12},{"damage":0,"enemies":"Cultist","floor":10,"turns":3},{"damage":0,"enemies":"2 Fungi Beasts","floor":13,"turns":3},{"damage":8,"enemies":"Exordium Thugs","floor":14,"turns":3},{"damage":48,"enemies":"Hexaghost","floor":16,"turns":14}],"seed_played":"-5562766255038481840","potions_obtained":[{"floor":5,"key":"Explosive Potion"},{"floor":7,"key":"Ancient Potion"},{"floor":10,"key":"SteroidPotion"}],"is_trial":false,"path_per_floor":["M","?","T","$","M","R","E","R","T","M","R","$","M","M","R","B"],"character_chosen":"THE_SILENT","items_purchased":["Heel Hook"],"campfire_rested":2,"item_purchase_floors":[12],"current_hp_per_floor":[69,52,52,52,47,47,13,34,34,34,34,34,34,26,47,0],"gold":62,"neow_bonus":"THREE_RARE_CARDS","is_prod":false,"is_daily":false,"chose_seed":false,"campfire_upgraded":2,"win_rate":0,"timestamp":1550974718,"path_taken":["M","?","?","?","M","R","E","R","T","M","R","$","?","M","R","BOSS"],"build_version":"2019-02-06","purchased_purges":0,"victory":false,"max_hp_per_floor":[70,70,70,70,70,70,70,70,70,70,70,70,70,70,70,70],"card_choices":[{"not_picked":["Tools of the Trade","Bullet Time"],"picked":"After Image","floor":0},{"not_picked":["Underhanded Strike","Riddle With Holes"],"picked":"Blade Dance","floor":1},{"not_picked":["Endless Agony","Well Laid Plans"],"picked":"Footwork","floor":5},{"not_picked":["Slice","Escape Plan"],"picked":"Blade Dance","floor":7},{"not_picked":["Sucker Punch","Underhanded Strike","Dagger Spray"],"picked":"SKIP","floor":10},{"not_picked":["Sucker Punch","Quick Slash"],"picked":"Dash","floor":13},{"not_picked":["Concentrate","Finisher","Deflect"],"picked":"SKIP","floor":14}],"player_experience":1181576,"relics_obtained":[{"floor":3,"key":"Smiling Mask"},{"floor":7,"key":"Ancient Tea Set"}],"event_choices":[{"damage_healed":0,"gold_gain":0,"player_choice":"Take Damage","damage_taken":17,"relics_obtained":["Golden Idol"],"max_hp_gain":0,"max_hp_loss":0,"event_name":"Golden Idol","floor":2,"gold_loss":0}],"is_beta":true,"boss_relics":[],"items_purged_floors":[],"is_endless":false,"potions_floor_spawned":[5,7,10],"killed_by":"Hexaghost","ascension_level":0}