{"gold_per_floor":[368,368,383,397,397,437,437,437,463,496,508,520,555,229,229,229],"floor_reached":16,"playtime":565,"items_purged":["Strike_R"],"score":125,"play_id":"9e6a2143-d9fe-4ae7-a197-9887cf1292c5","local_time":"20180905231105","is_ascension_mode":true,"campfire_choices":[{"data":"Bloodletting","floor":8.0,"key":"SMITH"},{"data":"Bludgeon","floor":15.0,"key":"SMITH"}],"neow_cost":"TEN_PERCENT_HP_LOSS","seed_source_timestamp":0,"circlet_count":0,"master_deck":["Strike_R","Strike_R","Strike_R","Strike_R","Defend_R","Defend_R","Defend_R","Defend_R","Bloodletting+1","Bludgeon+1","Deep Breath","Blood for Blood","Cleave","Pommel Strike","Uppercut","Warcry","Shrug It Off","Flex"],"special_seed":0,"relics":["Burning Blood","Golden Idol","Regal Pillow","Nunchaku","MawBank","Kunai"],"potions_floor_usage":[],"damage_taken":[{"damage":11.0,"enemies":"Jaw Worm","floor":1.0,"turns":4.0},{"damage":4.0,"enemies":"Cultist","floor":3.0,"turns":3.0},{"damage":10.0,"enemies":"2 Louse","floor":4.0,"turns":2.0},{"damage":18.0,"enemies":"3 Sentries","floor":6.0,"turns":5.0},{"damage":10.0,"enemies":"Large Slime","floor":10.0,"turns":4.0},{"damage":7.0,"enemies":"3 Louse","floor":13.0,"turns":3.0},{"damage":27,"enemies":"The Guardian","floor":16,"turns":8}],"seed_played":"-420468852718340247","potions_obtained":[{"floor":1.0,"key":"AttackPotion"},{"floor":4.0,"key":"SteroidPotion"}],"is_trial":false,"path_per_floor":["M","?","M","M","?","E","?","R","T","M","$","?","M","$","R"],"character_chosen":"IRONCLAD","items_purchased":["Kunai","Flex"],"campfire_rested":0,"item_purchase_floors":[14,14],"current_hp_per_floor":[67,67,69,65,47,35,35,35,35,31,31,31,30,30,30,3],"gold":229,"neow_bonus":"TWO_FIFTY_GOLD","is_prod":false,"is_daily":false,"chose_seed":false,"campfire_upgraded":2,"win_rate":0,"timestamp":1536214265,"path_taken":["M","?","M","M","?","E","?","R","T","M","$","?","M","$","R","BOSS"],"build_version":"2018-09-04-v2","purchased_purges":1,"victory":false,"max_hp_per_floor":[72,72,72,72,72,72,72,72,72,72,72,72,72,72,72,72],"card_choices":[{"not_picked":["Fire Breathing","Clash"],"picked":"Bloodletting","floor":1.0},{"not_picked":["Headbutt","Flex"],"picked":"Blood for Blood","floor":3.0},{"not_picked":["Armaments","Wild Strike"],"picked":"Cleave","floor":4.0},{"not_picked":["Perfected Strike","Twin Strike"],"picked":"Pommel Strike","floor":6.0},{"not_picked":["Rampage","Limit Break"],"picked":"Uppercut","floor":10.0},{"not_picked":["Wild Strike","Combust"],"picked":"Shrug It Off","floor":13.0}],"player_experience":251300,"relics_obtained":[{"floor":6.0,"key":"Regal Pillow"},{"floor":9.0,"key":"MawBank"}],"event_choices":[{"event_name":"Match and Keep!","player_choice":"2 cards matched","floor":2.0,"damage_taken":0.0},{"event_name":"Golden Idol","player_choice":"Take Damage","floor":5.0,"damage_taken":0.0},{"event_name":"WeMeetAgain","player_choice":"Potion","floor":7.0,"damage_taken":0.0},{"event_name":"Transmorgrifier","player_choice":"Transform","floor":12.0,"damage_taken":0.0}],"is_beta":true,"boss_relics":[],"items_purged_floors":[14],"is_endless":false,"potions_floor_spawned":[1,4],"killed_by":"The Guardian","ascension_level":5}