{"gold_per_floor":[111,111,111,131,75,108,108,142,142,159,159,177,102,102,102,178,178,189,189,23,23,35,35,53,53,53,67,81,81,99,115,115,192,242,255,255],"floor_reached":36,"playtime":1998,"items_purged":[],"score":823,"play_id":"df24115d-4c54-44e3-99ff-07e7f84c9c47","local_time":"20190110205912","is_ascension_mode":true,"campfire_choices":[{"floor":7,"key":"REST"},{"floor":11,"key":"REST"},{"floor":15,"key":"REST"},{"floor":23,"key":"REST"},{"floor":29,"key":"REST"},{"data":"Footwork","floor":32,"key":"SMITH"}],"neow_cost":"NONE","seed_source_timestamp":88395958173500,"circlet_count":0,"master_deck":["AscendersBane","Defend_G+1","Defend_G","Defend_G","Defend_G+1","Defend_G","Survivor+1","Neutralize+1","Noxious Fumes+1","Dagger Spray","Poisoned Stab","Sucker Punch","Dodge and Roll","Die Die Die","Backflip+1","Well Laid Plans","Writhe","Cloak And Dagger","Escape Plan+1","Bite","Bite","Bite","Bite","Bite","Leg Sweep+1","Footwork+1","Backflip+1","Venomology"],"relics":["Ring of the Snake","NeowsBlessing","Dodecahedron","Ancient Tea Set","Oddly Smooth Stone","Centennial Puzzle","War Paint","Calling Bell","Juzu Bracelet","Pantograph","Torii","Mummified Hand","Du-Vu Doll","Tiny House"],"potions_floor_usage":[8,22,24,33,33,36,36],"damage_taken":[{"damage":0,"enemies":"Jaw Worm","floor":1,"turns":1},{"damage":0,"enemies":"Cultist","floor":4,"turns":1},{"damage":0,"enemies":"3 Sentries","floor":6,"turns":1},{"damage":39,"enemies":"Lagavulin","floor":8,"turns":11},{"damage":3,"enemies":"2 Louse","floor":10,"turns":3},{"damage":3,"enemies":"Blue Slaver","floor":12,"turns":4},{"damage":46,"enemies":"The Guardian","floor":16,"turns":11},{"damage":13,"enemies":"Shell Parasite","floor":18,"turns":9},{"damage":25,"enemies":"2 Thieves","floor":22,"turns":5},{"damage":15,"enemies":"Cultist and Chosen","floor":24,"turns":9},{"damage":18,"enemies":"Snake Plant","floor":27,"turns":6},{"damage":18,"enemies":"Shelled Parasite and Fungi","floor":28,"turns":9},{"damage":0,"enemies":"Cultist and Chosen","floor":30,"turns":7},{"damage":8,"enemies":"Centurion and Healer","floor":31,"turns":9},{"damage":40,"enemies":"Collector","floor":33,"turns":14},{"damage":47,"enemies":"Orb Walker","floor":35,"turns":6},{"damage":22,"enemies":"3 Darklings","floor":36,"turns":4}],"seed_played":"898241330615747211","potions_obtained":[{"floor":1,"key":"SkillPotion"},{"floor":6,"key":"Ancient Potion"},{"floor":8,"key":"LiquidBronze"},{"floor":12,"key":"Energy Potion"},{"floor":22,"key":"SkillPotion"},{"floor":27,"key":"Dexterity Potion"},{"floor":30,"key":"Strength Potion"},{"floor":34,"key":"Dexterity Potion"}],"is_trial":false,"path_per_floor":["M","?","?","M","?","E","R","E","T","M","R","M","?","?","R","B",null,"M","?","$","?","M","R","M","?","T","M","M","R","M","M","R","B",null,"M","M"],"character_chosen":"THE_SILENT","items_purchased":["Regen Potion","Well Laid Plans"],"campfire_rested":5,"item_purchase_floors":[20,20],"current_hp_per_floor":[59,59,39,39,39,39,58,19,19,16,35,32,32,32,51,5,51,38,38,38,38,28,47,32,32,32,20,18,31,41,44,44,23,45,8,0],"gold":255,"neow_bonus":"THREE_ENEMY_KILL","is_prod":false,"is_daily":false,"chose_seed":false,"campfire_upgraded":1,"win_rate":0,"timestamp":1547150352,"path_taken":["M","?","?","M","?","E","R","E","T","?","R","M","?","?","R","BOSS","M","?","$","?","M","R","M","?","T","M","M","R","M","M","R","BOSS","M","M"],"build_version":"2019-01-09","purchased_purges":0,"victory":false,"max_hp_per_floor":[66,66,66,66,66,66,66,66,66,66,66,66,66,66,66,66,66,66,66,66,66,66,66,66,46,46,46,46,46,46,46,46,46,51,51,51],"card_choices":[{"not_picked":["Eviscerate","All Out Attack"],"picked":"Noxious Fumes","floor":1},{"not_picked":["Underhanded Strike","Flechettes"],"picked":"Dagger Spray","floor":4},{"not_picked":["Setup","Prepared","Flying Knee"],"picked":"SKIP","floor":6},{"not_picked":["Dagger Spray","Riddle With Holes"],"picked":"Poisoned Stab","floor":8},{"not_picked":["Dagger Throw","Riddle With Holes"],"picked":"Sucker Punch","floor":10},{"not_picked":["Poisoned Stab","Prepared"],"picked":"Dodge and Roll","floor":12},{"not_picked":["Corpse Explosion","Wraith Form v2"],"picked":"Die Die Die","floor":16},{"not_picked":["Masterful Stab","Sucker Punch"],"picked":"Backflip","floor":18},{"not_picked":["Skewer","Dodge and Roll"],"picked":"Cloak And Dagger","floor":22},{"not_picked":["Eviscerate","PiercingWail"],"picked":"Escape Plan+1","floor":24},{"not_picked":["Sucker Punch","Acrobatics"],"picked":"Leg Sweep+1","floor":27},{"not_picked":["Acrobatics","Die Die Die","Flechettes+1"],"picked":"SKIP","floor":28},{"not_picked":["Dagger Spray","Sucker Punch"],"picked":"Footwork","floor":30},{"not_picked":["Underhanded Strike","Infinite Blades"],"picked":"Backflip+1","floor":31},{"not_picked":["Malaise","Doppelganger"],"picked":"Venomology","floor":33},{"not_picked":["Tactician","Poisoned Stab","Backflip+1"],"picked":"SKIP","floor":35}],"player_experience":1025320,"relics_obtained":[{"floor":6,"key":"Oddly Smooth Stone"},{"floor":8,"key":"Centennial Puzzle"},{"floor":9,"key":"War Paint"},{"floor":17,"key":"Juzu Bracelet"},{"floor":17,"key":"Pantograph"},{"floor":17,"key":"Torii"},{"floor":26,"key":"Du-Vu Doll"}],"event_choices":[{"damage_healed":0,"gold_gain":0,"player_choice":"Box","damage_taken":0,"relics_obtained":["Dodecahedron"],"max_hp_gain":0,"max_hp_loss":0,"event_name":"Big Fish","floor":2,"gold_loss":0,"cards_obtained":["Regret"]},{"damage_healed":0,"gold_gain":0,"player_choice":"Entered Light","damage_taken":20,"max_hp_gain":0,"max_hp_loss":0,"event_name":"Shining Light","floor":3,"gold_loss":0,"cards_upgraded":["Survivor","Neutralize"]},{"damage_healed":0,"gold_gain":0,"player_choice":"Paid Gold","damage_taken":0,"relics_obtained":["Ancient Tea Set"],"max_hp_gain":0,"max_hp_loss":0,"event_name":"WeMeetAgain","floor":5,"gold_loss":56},{"cards_removed":["Regret"],"damage_healed":0,"gold_gain":0,"player_choice":"Card Removal","damage_taken":0,"max_hp_gain":0,"max_hp_loss":0,"event_name":"The Cleric","floor":13,"gold_loss":75},{"damage_healed":0,"gold_gain":0,"player_choice":"Grow","damage_taken":0,"max_hp_gain":0,"max_hp_loss":0,"event_name":"Living Wall","floor":14,"gold_loss":0,"cards_upgraded":["Noxious Fumes"]},{"cards_removed":["Clumsy","Doubt","Normality"],"damage_healed":0,"gold_gain":0,"player_choice":"Removed Curses","damage_taken":0,"max_hp_gain":0,"max_hp_loss":0,"event_name":"Fountain of Cleansing","floor":19,"gold_loss":0},{"damage_healed":0,"gold_gain":0,"player_choice":"Opened","damage_taken":0,"relics_obtained":["Mummified Hand"],"max_hp_gain":0,"max_hp_loss":0,"event_name":"The Mausoleum","floor":21,"gold_loss":0,"cards_obtained":["Writhe"]},{"damage_healed":0,"gold_gain":0,"player_choice":"Became a vampire","damage_taken":0,"max_hp_gain":0,"max_hp_loss":20,"event_name":"Vampires","floor":25,"gold_loss":0,"cards_obtained":["Bite","Bite","Bite","Bite","Bite"]}],"is_beta":true,"boss_relics":[{"not_picked":["HoveringKite","Runic Pyramid"],"picked":"Calling Bell"},{"not_picked":["WristBlade","Fusion Hammer"],"picked":"Tiny House"}],"items_purged_floors":[],"is_endless":false,"potions_floor_spawned":[1,6,8,12,22,27,30],"killed_by":"3 Darklings","ascension_level":20}