{"gold_per_floor":[118,135,145,156,1,29,29,41,41,53,53,3,3,33,33,33],"floor_reached":16,"playtime":385,"items_purged":[],"score":134,"play_id":"faad5d1f-fee2-4f31-9c53-2d8601c2ba64","local_time":"20180727224836","is_ascension_mode":true,"campfire_choices":[{"data":"Riddle With Holes","floor":15,"key":"SMITH"}],"neow_cost":"NONE","seed_source_timestamp":272408271798699,"circlet_count":0,"master_deck":["Defend_G","Defend_G","Defend_G","Defend_G","Defend_G","Strike_G","Strike_G","Strike_G","Strike_G","Strike_G","Survivor","Neutralize","Cloak And Dagger","Underhanded Strike","Riddle With Holes+1","Caltrops","Outmaneuver","Dodge and Roll"],"relics":["Busted Crown","Dream Catcher","Ninja Scroll","Happy Flower","Paper Crane","Matryoshka","Blue Candle"],"potions_floor_usage":[6,10,14],"damage_taken":[{"damage":4,"enemies":"2 Louse","floor":1,"turns":3},{"damage":0,"enemies":"Small Slimes","floor":2,"turns":4},{"damage":0,"enemies":"Cultist","floor":3,"turns":4},{"damage":8,"enemies":"2 Fungi Beasts","floor":4,"turns":3},{"damage":16,"enemies":"3 Sentries","floor":6,"turns":7},{"damage":7,"enemies":"3 Louse","floor":8,"turns":3},{"damage":0,"enemies":"Blue Slaver","floor":10,"turns":1},{"damage":19,"enemies":"Gremlin Nob","floor":14,"turns":4},{"damage":0,"enemies":"Hexaghost","floor":16,"turns":1}],"seed_played":"-2296151588765796286","potions_obtained":[{"floor":1,"key":"Explosive Potion"},{"floor":8,"key":"Fire Potion"},{"floor":10,"key":"GamblersBrew"}],"is_trial":false,"path_per_floor":["M","M","M","M","$","E","?","M","T","M","$","?","T","E","R"],"character_chosen":"THE_SILENT","items_purchased":["Dream Catcher"],"campfire_rested":0,"item_purchase_floors":[5],"current_hp_per_floor":[66,66,66,58,58,42,42,35,35,35,35,35,35,16,16,16],"gold":33,"neow_bonus":"BOSS_RELIC","is_prod":false,"is_daily":false,"chose_seed":false,"campfire_upgraded":1,"win_rate":0,"timestamp":1532756916,"path_taken":["M","M","M","M","$","E","?","M","T","?","$","?","?","E","R","BOSS"],"build_version":"2018-07-26","purchased_purges":0,"victory":false,"max_hp_per_floor":[70,70,70,70,70,70,70,70,70,70,70,70,70,70,70,70],"card_choices":[{"not_picked":[],"picked":"Cloak And Dagger","floor":1},{"not_picked":[],"picked":"Underhanded Strike","floor":2},{"not_picked":[],"picked":"Riddle With Holes","floor":3},{"not_picked":["Deadly Poison"],"picked":"SKIP","floor":4},{"not_picked":[],"picked":"Caltrops","floor":6},{"not_picked":["Underhanded Strike"],"picked":"SKIP","floor":8},{"not_picked":[],"picked":"Outmaneuver","floor":10},{"not_picked":[],"picked":"Dodge and Roll","floor":14}],"player_experience":184960,"relics_obtained":[{"floor":6,"key":"Ninja Scroll"},{"floor":9,"key":"Paper Crane"},{"floor":13,"key":"Matryoshka"},{"floor":14,"key":"Blue Candle"}],"event_choices":[{"event_name":"Big Fish","player_choice":"Box","floor":7,"damage_taken":0},{"event_name":"The Cleric","player_choice":"Card Removal","floor":12,"damage_taken":0}],"is_beta":true,"boss_relics":[],"items_purged_floors":[],"is_endless":false,"potions_floor_spawned":[1,8,10],"killed_by":"Hexaghost","ascension_level":4}