{"gold_per_floor":[112,112,129,204,204,239,239,255,255,304,178,189,189,206,206,283,283,300,38,38],"floor_reached":20,"playtime":467,"items_purged":["Defend_R","Strike_R"],"score":394,"play_id":"f6142076-f811-475d-90bb-67cae846d361","local_time":"20190412175743","is_ascension_mode":true,"campfire_choices":[{"data":"Bash","floor":7,"key":"SMITH"},{"data":"Pummel","floor":13,"key":"SMITH"},{"data":"Strike_R","floor":15,"key":"SMITH"}],"neow_cost":"NONE","seed_source_timestamp":189513130001400,"circlet_count":0,"master_deck":["AscendersBane","Strike_R","Strike_R","Strike_R+1","Strike_R","Defend_R","Defend_R","Bash+1","Shrug It Off","Pummel+1","Shrug It Off","Limit Break","Sword Boomerang"],"relics":["Black Blood","NeowsBlessing","Turnip","Mango","Regal Pillow"],"potions_floor_usage":[14,16,20],"damage_taken":[{"damage":0,"enemies":"Jaw Worm","floor":1,"turns":1},{"damage":0,"enemies":"Small Slimes","floor":3,"turns":1},{"damage":0,"enemies":"Gremlin Nob","floor":6,"turns":1},{"damage":0,"enemies":"Cultist","floor":8,"turns":3},{"damage":6,"enemies":"Looter","floor":12,"turns":3},{"damage":0,"enemies":"Gremlin Gang","floor":14,"turns":4},{"damage":76,"enemies":"The Guardian","floor":16,"turns":15},{"damage":41,"enemies":"Chosen","floor":18,"turns":6},{"damage":5,"enemies":"3 Byrds","floor":20,"turns":3}],"seed_played":"-7742523488441899675","potions_obtained":[{"floor":1,"key":"Energy Potion"},{"floor":6,"key":"AttackPotion"},{"floor":14,"key":"Ancient Potion"},{"floor":18,"key":"AttackPotion"}],"is_trial":false,"path_per_floor":["M","$","M","?","?","E","R","M","T","T","$","M","R","M","R","B",null,"M","$","M"],"character_chosen":"IRONCLAD","items_purchased":["Shrug It Off","Regal Pillow"],"campfire_rested":0,"item_purchase_floors":[11,19],"current_hp_per_floor":[74,74,75,64,57,63,63,69,83,83,83,83,83,89,89,19,72,41,41,36],"gold":38,"neow_bonus":"THREE_ENEMY_KILL","is_prod":false,"is_daily":false,"chose_seed":false,"campfire_upgraded":3,"win_rate":0,"timestamp":1555084663,"path_taken":["M","$","M","?","?","E","R","M","T","?","$","?","R","?","R","BOSS","M","$","M"],"build_version":"2019-04-04","purchased_purges":2,"victory":false,"max_hp_per_floor":[75,75,75,75,75,75,75,75,89,89,89,89,89,89,89,89,89,89,89,89],"card_choices":[{"not_picked":["Thunderclap","Anger"],"picked":"Shrug It Off","floor":1},{"not_picked":["Infernal Blade","Iron Wave","Flex"],"picked":"SKIP","floor":3},{"not_picked":["Armaments","True Grit"],"picked":"Pummel","floor":6},{"not_picked":["Sever Soul","Flame Barrier","True Grit"],"picked":"SKIP","floor":8},{"not_picked":["Perfected Strike","Armaments","Whirlwind"],"picked":"SKIP","floor":12},{"not_picked":["Reckless Charge","Intimidate","Power Through"],"picked":"SKIP","floor":14},{"not_picked":["Juggernaut","Barricade"],"picked":"Limit Break","floor":16},{"not_picked":["Clothesline","Shockwave"],"picked":"Sword Boomerang","floor":18}],"player_experience":1372502,"relics_obtained":[{"floor":6,"key":"Turnip"},{"floor":9,"key":"Mango"}],"event_choices":[{"damage_healed":0,"gold_gain":75,"player_choice":"Gather Gold","damage_taken":11,"max_hp_gain":0,"max_hp_loss":0,"event_name":"World of Goop","floor":4,"gold_loss":0},{"cards_removed":["Defend_R"],"damage_healed":0,"gold_gain":0,"player_choice":"Card Removal","damage_taken":7,"max_hp_gain":0,"max_hp_loss":0,"event_name":"Golden Wing","floor":5,"gold_loss":0}],"is_beta":true,"boss_relics":[{"not_picked":["Runic Cube","Philosopher\u0027s Stone"],"picked":"Black Blood"}],"items_purged_floors":[11,19],"is_endless":false,"potions_floor_spawned":[1,6,14,18],"killed_by":"3 Byrds","ascension_level":20}