{"gold_per_floor":[210,64,78,24,40,40,75,75,147,158,175,210,86,86,86,186,186,156,72,83,83],"floor_reached":21,"playtime":2175,"items_purged":["Strike_G","Strike_G"],"score":284,"play_id":"24cc0a47-9fdd-49d2-9a2c-e5ee1247732a","local_time":"20190501171947","is_ascension_mode":true,"campfire_choices":[{"data":"Footwork","floor":6,"key":"SMITH"},{"data":"Cloak And Dagger","floor":8,"key":"SMITH"},{"data":"Noxious Fumes","floor":15,"key":"SMITH"}],"neow_cost":"NONE","seed_source_timestamp":290869489334450,"circlet_count":0,"master_deck":["AscendersBane","Defend_G","Defend_G","Defend_G","Defend_G","Defend_G","Strike_G","Strike_G","Strike_G","Survivor","Neutralize","Deflect","Footwork+1","Acrobatics","Cloak And Dagger+1","Dodge and Roll","Expertise","Noxious Fumes+1","Caltrops","Dodge and Roll","Adrenaline","Crippling Poison","Noxious Fumes","Backflip"],"relics":["Ring of the Snake","Omamori","Shuriken","Torii","Sozu"],"potions_floor_usage":[7,16,21,21],"damage_taken":[{"damage":3,"enemies":"Cultist","floor":1,"turns":5},{"damage":1,"enemies":"Jaw Worm","floor":3,"turns":7},{"damage":6,"enemies":"Small Slimes","floor":5,"turns":4},{"damage":11,"enemies":"3 Sentries","floor":7,"turns":20},{"damage":1,"enemies":"Exordium Thugs","floor":10,"turns":5},{"damage":2,"enemies":"Red Slaver","floor":11,"turns":5},{"damage":5,"enemies":"Lagavulin","floor":12,"turns":8},{"damage":15,"enemies":"The Guardian","floor":16,"turns":13},{"damage":1,"enemies":"2 Thieves","floor":18,"turns":5},{"damage":1,"enemies":"Spheric Guardian","floor":20,"turns":6},{"damage":12,"enemies":"Colosseum Slavers","floor":21,"turns":5},{"damage":30,"enemies":"Colosseum Nobs","floor":21,"turns":5}],"seed_played":"-3940414766513782644","potions_obtained":[{"floor":3,"key":"GamblersBrew"},{"floor":5,"key":"Dexterity Potion"},{"floor":10,"key":"LiquidBronze"},{"floor":12,"key":"SteroidPotion"}],"is_trial":false,"path_per_floor":["M","$","M","$","M","R","E","R","T","M","M","E","$","?","R","B",null,"M","$","M","?"],"character_chosen":"THE_SILENT","items_purchased":["Footwork","Cloak And Dagger","Dodge and Roll","Noxious Fumes","Backflip"],"campfire_rested":0,"item_purchase_floors":[2,4,13,19,19],"current_hp_per_floor":[60,60,59,59,53,53,42,42,42,41,39,34,34,34,34,19,57,56,56,55,13],"gold":83,"neow_bonus":"HUNDRED_GOLD","is_prod":false,"is_daily":false,"chose_seed":false,"campfire_upgraded":3,"win_rate":0,"timestamp":1556767187,"path_taken":["M","$","M","$","M","R","E","R","T","M","?","E","$","?","R","BOSS","M","$","M","?"],"build_version":"2019-01-23","purchased_purges":2,"victory":false,"max_hp_per_floor":[70,70,70,70,70,70,70,70,70,70,70,70,70,70,70,70,70,70,70,70,70],"card_choices":[{"not_picked":["Dagger Spray","Prepared"],"picked":"Deflect","floor":1},{"not_picked":["Skewer","Blade Dance"],"picked":"Acrobatics","floor":3},{"not_picked":["Storm of Steel","Flying Knee"],"picked":"Dodge and Roll","floor":5},{"not_picked":["Dagger Throw","Accuracy"],"picked":"Expertise","floor":7},{"not_picked":["Skewer","Eviscerate","All Out Attack"],"picked":"SKIP","floor":10},{"not_picked":["Slice","Dagger Spray"],"picked":"Noxious Fumes","floor":11},{"not_picked":["Outmaneuver","Underhanded Strike"],"picked":"Caltrops","floor":12},{"not_picked":["Wraith Form v2","Grand Finale"],"picked":"Adrenaline","floor":16},{"not_picked":["Cloak And Dagger","Dodge and Roll"],"picked":"Crippling Poison","floor":18},{"not_picked":["Quick Slash","Skewer+1","Blade Dance"],"picked":"SKIP","floor":20}],"player_experience":369531,"relics_obtained":[{"floor":7,"key":"Omamori"},{"floor":9,"key":"Shuriken"},{"floor":12,"key":"Torii"}],"event_choices":[{"damage_healed":0,"gold_gain":0,"player_choice":"Bought 0 Potions","damage_taken":0,"max_hp_gain":0,"max_hp_loss":0,"event_name":"The Woman in Blue","floor":14,"gold_loss":0},{"damage_healed":0,"gold_gain":0,"player_choice":"Fight","damage_taken":0,"max_hp_gain":0,"max_hp_loss":0,"event_name":"Colosseum","floor":21,"gold_loss":0},{"damage_healed":0,"gold_gain":0,"player_choice":"Fought Nobs","damage_taken":0,"max_hp_gain":0,"max_hp_loss":0,"event_name":"Colosseum","floor":21,"gold_loss":0}],"is_beta":false,"boss_relics":[{"not_picked":["White Beast Statue","Philosopher\u0027s Stone"],"picked":"Sozu"}],"items_purged_floors":[2,13],"is_endless":false,"potions_floor_spawned":[3,5,10,12,18,21],"killed_by":"Colosseum Nobs","ascension_level":10}