{"gold_per_floor":[115,126,9,159,3,30,105,105,405,438,22,22],"floor_reached":12,"playtime":994,"items_purged":["Strike_G","Doubt"],"score":168,"play_id":"3ba0d024-0d37-45b4-ba51-da352c96330f","local_time":"20190425191857","is_ascension_mode":true,"campfire_choices":[{"data":"Noxious Fumes","floor":8.0,"key":"SMITH"}],"neow_cost":"NONE","seed_source_timestamp":602747808485438,"circlet_count":0,"master_deck":["AscendersBane","Defend_G","Defend_G","Defend_G","Defend_G","Defend_G","Strike_G","Strike_G","Strike_G","Survivor","Neutralize","Bane","Deadly Poison","Well Laid Plans","Noxious Fumes+1","PiercingWail","Escape Plan","Footwork","Backflip"],"special_seed":0,"relics":["Ring of the Snake","Mango","Old Coin","Meat on the Bone","TwistedFunnel"],"potions_floor_usage":[],"damage_taken":[{"damage":8.0,"enemies":"Cultist","floor":1.0,"turns":6.0},{"damage":0.0,"enemies":"2 Louse","floor":2.0,"turns":4.0},{"damage":12.0,"enemies":"Lagavulin","floor":6.0,"turns":7.0},{"damage":10.0,"enemies":"3 Sentries","floor":10.0,"turns":9.0},{"damage":57,"enemies":"Gremlin Nob","floor":12,"turns":4}],"seed_played":"-146215586554103343","potions_obtained":[{"floor":1.0,"key":"Dexterity Potion"},{"floor":6.0,"key":"EssenceOfSteel"}],"is_trial":false,"path_per_floor":["M","M","$","?","$","E","?","R","T","E","$","E"],"character_chosen":"THE_SILENT","items_purchased":["Well Laid Plans","Noxious Fumes","PiercingWail","Poison Potion","TwistedFunnel","Footwork","Backflip"],"campfire_rested":0,"item_purchase_floors":[3,5,5,5,11,11,11],"current_hp_per_floor":[51,51,51,51,51,53,42,42,42,32,32,0],"gold":22,"neow_bonus":"REMOVE_CARD","is_prod":false,"is_daily":false,"chose_seed":false,"campfire_upgraded":1,"win_rate":0,"timestamp":1556241537,"path_taken":["M","M","?","?","$","E","?","R","T","E","?","E"],"build_version":"2019-04-23","purchased_purges":2,"victory":false,"max_hp_per_floor":[66,66,66,66,66,80,80,80,80,80,80,80],"card_choices":[{"not_picked":["Calculated Gamble","Outmaneuver"],"picked":"Bane","floor":1.0},{"not_picked":["Dodge and Roll","Bane"],"picked":"Deadly Poison","floor":2.0},{"not_picked":["Sucker Punch","Masterful Stab","Deflect"],"picked":"SKIP","floor":6.0},{"not_picked":["Phantasmal Killer","Slice"],"picked":"Escape Plan","floor":10.0}],"player_experience":3065363,"relics_obtained":[{"floor":6.0,"key":"Mango"},{"floor":9.0,"key":"Old Coin"},{"floor":10.0,"key":"Meat on the Bone"}],"event_choices":[{"damage_healed":0.0,"max_hp_gain":0.0,"max_hp_loss":0.0,"gold_gain":150.0,"event_name":"Liars Game","player_choice":"AGREE","floor":4.0,"gold_loss":0.0,"damage_taken":0.0,"cards_obtained":["Doubt"]},{"damage_healed":0.0,"max_hp_gain":0.0,"max_hp_loss":0.0,"gold_gain":75.0,"event_name":"World of Goop","player_choice":"Gather Gold","floor":7.0,"gold_loss":0.0,"damage_taken":11.0}],"is_beta":true,"boss_relics":[],"items_purged_floors":[3,11],"is_endless":false,"potions_floor_spawned":[1,6],"killed_by":"Gremlin Nob","ascension_level":20}