{"gold_per_floor":[366,384,396,411,426,426,454,454,507,507],"floor_reached":10,"playtime":355,"items_purged":[],"score":119,"play_id":"4c7eb094-75be-4ceb-8443-d8bdaec5f41a","local_time":"20190119214902","is_ascension_mode":true,"campfire_choices":[{"data":"Armaments","floor":6.0,"key":"SMITH"},{"floor":8.0,"key":"REST"}],"neow_cost":"CURSE","seed_source_timestamp":0,"circlet_count":0,"master_deck":["AscendersBane","Strike_R","Strike_R","Strike_R","Strike_R","Strike_R","Defend_R","Defend_R","Defend_R","Defend_R","Bash","Clumsy","Rage","Armaments+1","Corruption","Clothesline","Barricade"],"special_seed":0,"relics":["Burning Blood","Calipers","Ancient Tea Set"],"potions_floor_usage":[],"damage_taken":[{"damage":6.0,"enemies":"Cultist","floor":1.0,"turns":4.0},{"damage":18.0,"enemies":"Jaw Worm","floor":2.0,"turns":6.0},{"damage":4.0,"enemies":"Small Slimes","floor":3.0,"turns":4.0},{"damage":4.0,"enemies":"3 Louse","floor":4.0,"turns":4.0},{"damage":27.0,"enemies":"Exordium Wildlife","floor":5.0,"turns":7.0},{"damage":37.0,"enemies":"Gremlin Nob","floor":7.0,"turns":6.0},{"damage":0,"enemies":"3 Sentries","floor":10,"turns":1}],"seed_played":"7394936549712866303","potions_obtained":[{"floor":3.0,"key":"Swift Potion"},{"floor":4.0,"key":"Dexterity Potion"},{"floor":7.0,"key":"Ancient Potion"}],"is_trial":false,"path_per_floor":["M","M","M","M","M","R","E","R","T","E"],"character_chosen":"IRONCLAD","items_purchased":[],"campfire_rested":1,"item_purchase_floors":[],"current_hp_per_floor":[68,56,58,60,39,39,8,30,30,30],"gold":507,"neow_bonus":"TWO_FIFTY_GOLD","is_prod":false,"is_daily":false,"chose_seed":false,"campfire_upgraded":1,"win_rate":0,"timestamp":1547963342,"path_taken":["M","?","M","M","M","R","E","R","T","E"],"build_version":"2019-01-17","purchased_purges":0,"victory":false,"max_hp_per_floor":[75,75,75,75,75,75,75,75,75,75],"card_choices":[{"not_picked":["Perfected Strike","Sword Boomerang"],"picked":"Rage","floor":1.0},{"not_picked":["True Grit","Fiend Fire"],"picked":"Armaments","floor":2.0},{"not_picked":["Shrug It Off","Sentinel"],"picked":"Corruption","floor":3.0},{"not_picked":["Corruption","Entrench"],"picked":"Clothesline","floor":4.0},{"not_picked":["Warcry","Sword Boomerang","Headbutt"],"picked":"SKIP","floor":5.0},{"not_picked":["Flame Barrier","Twin Strike"],"picked":"Barricade","floor":7.0}],"player_experience":559621,"relics_obtained":[{"floor":7.0,"key":"Calipers"},{"floor":9.0,"key":"Ancient Tea Set"}],"event_choices":[],"is_beta":true,"boss_relics":[],"items_purged_floors":[],"is_endless":false,"potions_floor_spawned":[3,4,7],"killed_by":"3 Sentries","ascension_level":14}