{"gold_per_floor":[116,131,56,56,56,56,87,145,145,145,57,77,102,2,2,73,73,84,97,116,128,128,128,156,156,156,156],"floor_reached":27,"playtime":1253,"items_purged":["Strike_R","Strike_R"],"score":528,"play_id":"9f118fae-eda8-43fd-92b5-d4adc9232983","local_time":"20190430224211","is_ascension_mode":true,"campfire_choices":[{"data":"Bash","floor":6.0,"key":"SMITH"},{"data":"Heavy Blade","floor":10.0,"key":"SMITH"},{"data":"True Grit","floor":15.0,"key":"SMITH"},{"data":"Entrench","floor":23.0,"key":"SMITH"},{"floor":25,"key":"REST"}],"neow_cost":"NONE","seed_source_timestamp":1045966786758262,"circlet_count":0,"master_deck":["AscendersBane","Strike_R+1","Strike_R+1","Strike_R","Defend_R","Defend_R","Defend_R+1","Defend_R+1","Bash+1","Body Slam+1","Heavy Blade+1","Feel No Pain","Headbutt","True Grit+1","Barricade","Shrug It Off","Entrench+1","Second Wind"],"special_seed":0,"relics":["Burning Blood","NeowsBlessing","Whetstone","Centennial Puzzle","Bag of Marbles","Shovel","Cursed Key","Omamori","Kunai"],"potions_floor_usage":[24,24],"damage_taken":[{"damage":0.0,"enemies":"Small Slimes","floor":1.0,"turns":1.0},{"damage":0.0,"enemies":"Jaw Worm","floor":2.0,"turns":1.0},{"damage":0.0,"enemies":"Gremlin Nob","floor":7.0,"turns":1.0},{"damage":3.0,"enemies":"Gremlin Nob","floor":8.0,"turns":3.0},{"damage":0.0,"enemies":"2 Louse","floor":12.0,"turns":1.0},{"damage":19.0,"enemies":"Lagavulin","floor":13.0,"turns":6.0},{"damage":52.0,"enemies":"Slime Boss","floor":16.0,"turns":13.0},{"damage":13.0,"enemies":"2 Thieves","floor":18.0,"turns":5.0},{"damage":6.0,"enemies":"Chosen","floor":19.0,"turns":4.0},{"damage":1.0,"enemies":"Centurion and Healer","floor":20.0,"turns":8.0},{"damage":13.0,"enemies":"Snecko","floor":21.0,"turns":7.0},{"damage":32,"enemies":"Slavers","floor":24,"turns":9},{"damage":47,"enemies":"Book of Stabbing","floor":27,"turns":4}],"seed_played":"3596067987112736507","potions_obtained":[{"floor":1.0,"key":"AttackPotion"},{"floor":8.0,"key":"Dexterity Potion"},{"floor":12.0,"key":"SpeedPotion"},{"floor":18.0,"key":"AttackPotion"},{"floor":20.0,"key":"GamblersBrew"}],"is_trial":false,"path_per_floor":["M","M","$","?","?","R","E","?","T","R","$","M","E","$","R","B",null,"M","M","M","M","?","R","E","R","T","E"],"character_chosen":"IRONCLAD","items_purchased":["Feel No Pain"],"campfire_rested":1,"item_purchase_floors":[11],"current_hp_per_floor":[74,75,75,52,52,52,58,61,61,61,61,67,54,54,54,8,58,51,51,56,49,49,49,23,45,45,0],"gold":156,"neow_bonus":"THREE_ENEMY_KILL","is_prod":false,"is_daily":false,"chose_seed":false,"campfire_upgraded":4,"win_rate":0,"timestamp":1556685731,"path_taken":["M","M","$","?","?","R","E","?","T","R","$","M","E","$","R","BOSS","M","M","M","M","?","R","E","R","T","E"],"build_version":"2019-04-23","purchased_purges":2,"victory":false,"max_hp_per_floor":[75,75,75,75,75,75,75,75,75,75,75,75,75,75,75,75,75,75,75,75,75,75,75,75,75,75,75],"card_choices":[{"not_picked":["Perfected Strike","Rage","Flex"],"picked":"SKIP","floor":1.0},{"not_picked":["Hemokinesis","Wild Strike"],"picked":"Body Slam","floor":2.0},{"not_picked":["Havoc","Fire Breathing"],"picked":"Heavy Blade","floor":7.0},{"not_picked":["Clash","Armaments"],"picked":"Headbutt","floor":12.0},{"not_picked":["Hemokinesis","Flex"],"picked":"True Grit","floor":13.0},{"not_picked":["Double Tap","Dark Embrace"],"picked":"Barricade","floor":16.0},{"not_picked":["Heavy Blade","Flex","Warcry"],"picked":"SKIP","floor":18.0},{"not_picked":["Pummel","Cleave","Anger"],"picked":"SKIP","floor":19.0},{"not_picked":["Armaments","Clash"],"picked":"Shrug It Off","floor":20.0},{"not_picked":["Heavy Blade","Body Slam"],"picked":"Entrench","floor":21.0},{"not_picked":["Perfected Strike","Double Tap"],"picked":"Second Wind","floor":24}],"player_experience":3092729,"relics_obtained":[{"floor":7.0,"key":"Whetstone"},{"floor":8.0,"key":"Centennial Puzzle"},{"floor":9.0,"key":"Bag of Marbles"},{"floor":13.0,"key":"Shovel"},{"floor":24,"key":"Omamori"},{"floor":26,"key":"Kunai"}],"event_choices":[{"damage_healed":0.0,"max_hp_gain":0.0,"max_hp_loss":0.0,"gold_gain":0.0,"event_name":"Shining Light","player_choice":"Entered Light","floor":4.0,"gold_loss":0.0,"damage_taken":23.0,"cards_upgraded":["Defend_R","Defend_R"]},{"damage_healed":0.0,"max_hp_gain":0.0,"max_hp_loss":0.0,"gold_gain":0.0,"event_name":"Living Wall","player_choice":"Grow","floor":5.0,"gold_loss":0.0,"damage_taken":0.0,"cards_upgraded":["Body Slam"]},{"damage_healed":0.0,"max_hp_gain":0.0,"max_hp_loss":0.0,"gold_gain":0.0,"event_name":"Dead Adventurer","player_choice":"Searched \u00272\u0027 times","floor":8.0,"gold_loss":0.0,"damage_taken":0.0},{"damage_healed":0.0,"max_hp_gain":0.0,"max_hp_loss":0.0,"gold_gain":0.0,"event_name":"Ghosts","player_choice":"Ignored","floor":22.0,"gold_loss":0.0,"damage_taken":0.0}],"is_beta":true,"boss_relics":[{"not_picked":["Philosopher\u0027s Stone","Runic Cube"],"picked":"Cursed Key"}],"items_purged_floors":[3,14],"is_endless":false,"potions_floor_spawned":[1,8,12,18,20],"killed_by":"Book of Stabbing","ascension_level":20}