{"gold_per_floor":[119,44,44,68,68,68,84,84,84,120,20,43,43,63,63,157,157,182,182,182,205,219,219,234,234],"floor_reached":25,"playtime":758,"items_purged":["Doubt","Pain"],"score":426,"play_id":"4bd632ac-d019-4fff-bdc7-029384b54bac","local_time":"20190401231631","is_ascension_mode":true,"campfire_choices":[{"data":"Bash","floor":8.0,"key":"SMITH"},{"data":"Feed","floor":13.0,"key":"SMITH"},{"data":"Shrug It Off","floor":15.0,"key":"SMITH"},{"floor":23,"key":"REST"}],"neow_cost":"CURSE","seed_source_timestamp":0,"circlet_count":0,"master_deck":["AscendersBane","Strike_R","Strike_R","Strike_R","Strike_R","Strike_R","Defend_R","Defend_R","Defend_R","Defend_R","Bash+1","Feed+1","Shrug It Off+1","Double Tap","Heavy Blade","Sword Boomerang","Shrug It Off"],"special_seed":0,"relics":["Burning Blood","Gambling Chip","Golden Idol","WarpedTongs","Shuriken","Blood Vial","Sozu"],"potions_floor_usage":[],"damage_taken":[{"damage":0.0,"enemies":"Small Slimes","floor":1.0,"turns":4.0},{"damage":2.0,"enemies":"Cultist","floor":4.0,"turns":4.0},{"damage":0.0,"enemies":"Lagavulin","floor":6.0,"turns":1.0},{"damage":10.0,"enemies":"2 Louse","floor":7.0,"turns":3.0},{"damage":6.0,"enemies":"Gremlin Nob","floor":10.0,"turns":3.0},{"damage":3.0,"enemies":"Looter","floor":12.0,"turns":3.0},{"damage":14.0,"enemies":"Exordium Thugs","floor":14.0,"turns":5.0},{"damage":36.0,"enemies":"The Guardian","floor":16.0,"turns":13.0},{"damage":22.0,"enemies":"2 Thieves","floor":18.0,"turns":4.0},{"damage":31,"enemies":"3 Byrds","floor":21,"turns":6},{"damage":46,"enemies":"Shelled Parasite and Fungi","floor":22,"turns":6},{"damage":0,"enemies":"Centurion and Healer","floor":24,"turns":6},{"damage":52,"enemies":"Snecko","floor":25,"turns":6}],"seed_played":"7735989342509207058","potions_obtained":[{"floor":1.0,"key":"SmokeBomb"},{"floor":4.0,"key":"AttackPotion"},{"floor":7.0,"key":"Poison Potion"},{"floor":10.0,"key":"EssenceOfSteel"}],"is_trial":false,"path_per_floor":["M","$","?","M","?","E","M","R","T","E","$","M","R","M","R","B",null,"M","?","?","M","M","R","M","M"],"character_chosen":"IRONCLAD","items_purchased":[],"campfire_rested":1,"item_purchase_floors":[],"current_hp_per_floor":[74,74,68,68,68,68,64,64,64,64,64,71,71,67,67,39,66,56,72,65,46,12,38,46,0],"gold":234,"neow_bonus":"ONE_RARE_RELIC","is_prod":false,"is_daily":false,"chose_seed":false,"campfire_upgraded":3,"win_rate":0,"timestamp":1554153391,"path_taken":["M","$","?","M","?","E","?","R","T","E","$","M","R","M","R","BOSS","M","?","?","?","M","R","M","M"],"build_version":"2019-03-15","purchased_purges":2,"victory":false,"max_hp_per_floor":[75,75,68,68,68,68,68,68,68,68,68,71,71,75,75,75,75,79,79,79,83,87,87,87,87],"card_choices":[{"not_picked":["Perfected Strike","Clothesline","Warcry"],"picked":"SKIP","floor":1.0},{"not_picked":["Power Through","Sever Soul","Cleave"],"picked":"SKIP","floor":4.0},{"not_picked":["Flex","Havoc"],"picked":"Feed","floor":7.0},{"not_picked":["Metallicize","Rage"],"picked":"Shrug It Off","floor":10.0},{"not_picked":["Warcry","Wild Strike","Havoc"],"picked":"SKIP","floor":12.0},{"not_picked":["Pommel Strike","Clothesline","Feel No Pain"],"picked":"SKIP","floor":14.0},{"not_picked":["Barricade","Exhume"],"picked":"Double Tap","floor":16.0},{"not_picked":["Evolve+1","Anger"],"picked":"Heavy Blade","floor":18.0},{"not_picked":["Twin Strike","Shrug It Off"],"picked":"Sword Boomerang","floor":21},{"not_picked":["Flex","Seeing Red","Corruption+1"],"picked":"SKIP","floor":22},{"not_picked":["Evolve+1","Perfected Strike"],"picked":"Shrug It Off","floor":24}],"player_experience":1318761,"relics_obtained":[{"floor":9.0,"key":"Shuriken"},{"floor":10.0,"key":"Blood Vial"}],"event_choices":[{"damage_healed":0.0,"max_hp_gain":0.0,"max_hp_loss":7.0,"gold_gain":0.0,"event_name":"Golden Idol","player_choice":"Lose Max HP","floor":3.0,"gold_loss":0.0,"damage_taken":0.0,"relics_obtained":["Golden Idol"]},{"damage_healed":0.0,"max_hp_gain":0.0,"max_hp_loss":0.0,"gold_gain":0.0,"event_name":"Accursed Blacksmith","player_choice":"Rummage","floor":5.0,"gold_loss":0.0,"damage_taken":0.0,"relics_obtained":["WarpedTongs"],"cards_obtained":["Pain"]},{"damage_healed":16,"gold_gain":0,"player_choice":"Heal","damage_taken":0,"max_hp_gain":0,"max_hp_loss":0,"event_name":"The Library","floor":19,"gold_loss":0},{"damage_healed":0,"gold_gain":0,"player_choice":"","damage_taken":7,"max_hp_gain":0,"max_hp_loss":0,"event_name":"Knowing Skull","floor":20,"potions_obtained":[],"gold_loss":0,"cards_obtained":[]}],"is_beta":true,"boss_relics":[{"not_picked":["Mark of Pain","Runic Cube"],"picked":"Sozu"}],"items_purged_floors":[2,11],"is_endless":false,"potions_floor_spawned":[1,4,7,10,18,21,22],"killed_by":"Snecko","ascension_level":20}