{"gold_per_floor":[119,133,133,133,19,47,47,21,71,82,97,129,139,39,39,114,114,131,131,147,147,162,162,162],"floor_reached":24,"playtime":1437,"items_purged":["Strike_R","Strike_R"],"score":422,"play_id":"728d9a81-551b-458d-a232-ad337d059855","local_time":"20190423151510","is_ascension_mode":true,"campfire_choices":[{"data":"Armaments","floor":7.0,"key":"SMITH"},{"data":"1","floor":15,"key":"LIFT"},{"floor":23,"key":"REST"}],"neow_cost":"NONE","seed_source_timestamp":1917997063604271,"circlet_count":0,"master_deck":["AscendersBane","Strike_R","Strike_R","Defend_R","Defend_R","Defend_R","Defend_R","Bash","Armaments+1","Headbutt","Blood for Blood","Warcry","Havoc","Shockwave","Feel No Pain","Rampage","Spot Weakness","Brutality","Heavy Blade","Evolve","Exhume","RitualDagger"],"special_seed":0,"relics":["Burning Blood","NeowsBlessing","Girya","Boot","FossilizedHelix","Orrery","CultistMask"],"potions_floor_usage":[20,22,22],"damage_taken":[{"damage":0.0,"enemies":"2 Louse","floor":1.0,"turns":1.0},{"damage":0.0,"enemies":"Small Slimes","floor":2.0,"turns":1.0},{"damage":0.0,"enemies":"Lagavulin","floor":6.0,"turns":2.0},{"damage":1.0,"enemies":"Cultist","floor":10.0,"turns":4.0},{"damage":19.0,"enemies":"Red Slaver","floor":11.0,"turns":4.0},{"damage":30,"enemies":"Gremlin Nob","floor":12,"turns":5},{"damage":7,"enemies":"2 Fungi Beasts","floor":13,"turns":4},{"damage":11,"enemies":"Hexaghost","floor":16,"turns":7},{"damage":24,"enemies":"Spheric Guardian","floor":18,"turns":5},{"damage":40,"enemies":"2 Thieves","floor":20,"turns":4},{"damage":0,"enemies":"Chosen and Byrds","floor":22,"turns":7},{"damage":42,"enemies":"3 Cultists","floor":24,"turns":5}],"seed_played":"-8567351476972234254","potions_obtained":[{"floor":1.0,"key":"Ancient Potion"},{"floor":4.0,"key":"EssenceOfSteel"},{"floor":4.0,"key":"SneckoOil"},{"floor":11.0,"key":"Fire Potion"},{"floor":20,"key":"LiquidBronze"}],"is_trial":false,"path_per_floor":["M","M","?","?","$","E","R","$","T","M","M","E","M","$","R","B",null,"M","?","M","?","M","R","M"],"character_chosen":"IRONCLAD","items_purchased":["Blood for Blood","Havoc"],"campfire_rested":1,"item_purchase_floors":[5,8],"current_hp_per_floor":[78,80,73,73,73,79,79,79,79,80,67,43,42,42,42,37,69,51,45,11,11,17,41,0],"gold":162,"neow_bonus":"THREE_ENEMY_KILL","is_prod":false,"is_daily":false,"chose_seed":false,"campfire_upgraded":1,"win_rate":0,"timestamp":1556010910,"path_taken":["M","M","?","?","$","E","R","$","T","M","M","E","?","?","R","BOSS","M","?","M","?","?","R","M"],"build_version":"2019-01-23","purchased_purges":2,"victory":false,"max_hp_per_floor":[80,80,80,80,80,80,80,80,80,80,80,80,80,80,80,80,80,80,80,80,80,80,80,80],"card_choices":[{"not_picked":["Rupture","Sentinel"],"picked":"Armaments","floor":1.0},{"not_picked":["Sever Soul","Warcry"],"picked":"Headbutt","floor":2.0},{"not_picked":["Heavy Blade","Anger"],"picked":"Warcry","floor":6.0},{"not_picked":["Clash","Anger"],"picked":"Shockwave","floor":10.0},{"not_picked":["Inflame","Carnage"],"picked":"Feel No Pain","floor":11.0},{"not_picked":["Clothesline","Flex"],"picked":"Rampage","floor":12},{"not_picked":["Sword Boomerang","Rampage"],"picked":"Spot Weakness","floor":13},{"not_picked":["Juggernaut","Impervious"],"picked":"Brutality","floor":16},{"not_picked":["Thunderclap","Anger"],"picked":"Heavy Blade","floor":17},{"not_picked":["Cleave","Metallicize"],"picked":"Evolve","floor":17},{"not_picked":["Pommel Strike","Dropkick"],"picked":"Exhume","floor":18},{"not_picked":["Anger","Searing Blow","Iron Wave"],"picked":"SKIP","floor":20},{"not_picked":["Sword Boomerang","Heavy Blade","Clothesline+1"],"picked":"SKIP","floor":22}],"player_experience":1189819,"relics_obtained":[{"floor":6.0,"key":"Girya"},{"floor":9.0,"key":"Boot"},{"floor":12,"key":"FossilizedHelix"}],"event_choices":[{"cards_removed":["Strike_R"],"damage_healed":0.0,"max_hp_gain":0.0,"max_hp_loss":0.0,"gold_gain":0.0,"event_name":"Golden Wing","player_choice":"Card Removal","floor":3.0,"gold_loss":0.0,"damage_taken":7.0},{"damage_healed":0.0,"max_hp_gain":0.0,"max_hp_loss":0.0,"gold_gain":0.0,"event_name":"Lab","player_choice":"Got Potions","floor":4.0,"gold_loss":0.0,"damage_taken":0.0},{"damage_healed":0,"gold_gain":0,"player_choice":"Joined the Cult","damage_taken":6,"max_hp_gain":0,"max_hp_loss":0,"event_name":"Nest","floor":19,"gold_loss":0,"cards_obtained":["RitualDagger"]},{"damage_healed":0,"gold_gain":0,"player_choice":"Trade","damage_taken":0,"relics_obtained":["CultistMask"],"max_hp_gain":0,"max_hp_loss":0,"event_name":"FaceTrader","floor":21,"gold_loss":0}],"is_beta":false,"boss_relics":[{"not_picked":["Busted Crown","Mark of Pain"],"picked":"Orrery"}],"items_purged_floors":[5,14],"is_endless":false,"potions_floor_spawned":[1,10,11,12,18,20],"killed_by":"3 Cultists","ascension_level":13}