{"gold_per_floor":[110,110,110,9,21,56,70,70,70,98,110,110,145,172,172,172],"floor_reached":16,"playtime":502,"items_purged":["Regret"],"score":286,"play_id":"3add06a9-470b-4fb0-b329-a4b874df82de","local_time":"20190412155322","is_ascension_mode":true,"campfire_choices":[{"data":"Bash","floor":8,"key":"SMITH"},{"data":"Fiend Fire","floor":12,"key":"SMITH"},{"floor":15,"key":"REST"}],"neow_cost":"NONE","seed_source_timestamp":182017733195800,"circlet_count":0,"master_deck":["AscendersBane","Strike_R","Strike_R","Strike_R","Strike_R","Strike_R","Defend_R","Defend_R","Defend_R","Defend_R","Bash+1","Shrug It Off","Twin Strike","Fiend Fire+1","Double Tap","Sword Boomerang"],"relics":["Burning Blood","NeowsBlessing","WingedGreaves","The Courier","Juzu Bracelet","Paper Frog","Lantern","Potion Belt","Oddly Smooth Stone"],"potions_floor_usage":[16,16],"damage_taken":[{"damage":0,"enemies":"Cultist","floor":1,"turns":1},{"damage":0,"enemies":"Small Slimes","floor":5,"turns":2},{"damage":0,"enemies":"Lagavulin","floor":6,"turns":1},{"damage":7,"enemies":"Jaw Worm","floor":7,"turns":3},{"damage":47,"enemies":"3 Sentries","floor":10,"turns":10},{"damage":5,"enemies":"Red Slaver","floor":11,"turns":3},{"damage":32,"enemies":"Gremlin Nob","floor":13,"turns":4},{"damage":33,"enemies":"Hexaghost","floor":16,"turns":9}],"seed_played":"7127703824683051189","potions_obtained":[{"floor":5,"key":"GamblersBrew"},{"floor":10,"key":"Weak Potion"}],"is_trial":false,"path_per_floor":["M","?","?","$","M","E","M","R","T","E","M","R","E","T","R","B"],"character_chosen":"IRONCLAD","items_purchased":["Shrug It Off"],"campfire_rested":1,"item_purchase_floors":[4],"current_hp_per_floor":[74,63,63,63,69,75,74,74,74,33,34,34,8,8,30,0],"gold":172,"neow_bonus":"THREE_ENEMY_KILL","is_prod":false,"is_daily":false,"chose_seed":false,"campfire_upgraded":2,"win_rate":0,"timestamp":1555077202,"path_taken":["M","?","?","?","?","E","M","R","T","E","M","R","E","?","R","BOSS"],"build_version":"2019-04-04","purchased_purges":1,"victory":false,"max_hp_per_floor":[75,75,75,75,75,75,75,75,75,75,75,75,75,75,75,75],"card_choices":[{"not_picked":["Havoc","Sentinel","Entrench"],"picked":"SKIP","floor":1},{"not_picked":["Clothesline","Cleave"],"picked":"Twin Strike","floor":5},{"not_picked":["Rage","Cleave"],"picked":"Fiend Fire","floor":6},{"not_picked":["Anger","Uppercut","Heavy Blade"],"picked":"SKIP","floor":7},{"not_picked":["Blood for Blood","Reckless Charge"],"picked":"Double Tap","floor":10},{"not_picked":["Pummel","Perfected Strike"],"picked":"Sword Boomerang","floor":11},{"not_picked":["Brutality","Battle Trance","Fire Breathing"],"picked":"SKIP","floor":13}],"player_experience":1365595,"relics_obtained":[{"floor":6,"key":"Juzu Bracelet"},{"floor":9,"key":"Paper Frog"},{"floor":10,"key":"Lantern"},{"floor":13,"key":"Potion Belt"},{"floor":14,"key":"Oddly Smooth Stone"}],"event_choices":[{"damage_healed":0,"gold_gain":0,"player_choice":"Success","damage_taken":11,"relics_obtained":["WingedGreaves"],"max_hp_gain":0,"max_hp_loss":0,"event_name":"Scrap Ooze","floor":2,"gold_loss":0},{"damage_healed":0,"gold_gain":0,"player_choice":"Box","damage_taken":0,"relics_obtained":["The Courier"],"max_hp_gain":0,"max_hp_loss":0,"event_name":"Big Fish","floor":3,"gold_loss":0,"cards_obtained":["Regret"]}],"is_beta":true,"boss_relics":[],"items_purged_floors":[4],"is_endless":false,"potions_floor_spawned":[5,10,11],"killed_by":"Hexaghost","ascension_level":20}