{"path_per_floor":["M","M","?","$","M","E","R","M","T","?","E","?","M","M","R"],"character_chosen":"IRONCLAD","items_purchased":["Sundial","Cleave"],"gold_per_floor":[362,375,375,8,18,51,51,67,67,67,97,97,112,128,128,128],"floor_reached":16,"campfire_rested":0,"playtime":430,"current_hp_per_floor":[43,44,70,70,76,34,34,36,36,18,18,18,24,28,28,0],"items_purged":[],"gold":128,"score":137,"play_id":"48098bbc-61cf-40bf-8eb1-0695a9a2d73b","local_time":"20180516225937","is_prod":false,"is_daily":false,"chose_seed":false,"is_ascension_mode":false,"campfire_upgraded":2,"timestamp":1526536777,"path_taken":["M","?","?","$","?","E","R","?","T","?","E","?","M","?","R","BOSS"],"build_version":"2018-05-15","seed_source_timestamp":170580572611521,"purchased_purges":0,"victory":false,"master_deck":["Strike_R","Strike_R","Strike_R","Strike_R","Strike_R","Defend_R","Defend_R","Defend_R","Defend_R+1","Bash","Shrug It Off","Body Slam+1","Cleave","Body Slam+1","Offering","Iron Wave","Limit Break+1","Armaments","Pommel Strike"],"max_hp_per_floor":[80,80,80,80,80,92,92,92,92,92,92,92,92,97,97,97],"relics":["Burning Blood","Sundial","Strawberry","Bottled Flame","Letter Opener"],"card_choices":[{"not_picked":["True Grit","Clash"],"picked":"Shrug It Off","floor":1},{"not_picked":["Wild Strike","Twin Strike"],"picked":"Body Slam","floor":2},{"not_picked":["Clothesline","Clash"],"picked":"Body Slam","floor":5},{"not_picked":["Shrug It Off","Second Wind"],"picked":"Offering","floor":6},{"not_picked":["Perfected Strike","Warcry"],"picked":"Iron Wave","floor":8},{"not_picked":["Combust","Body Slam"],"picked":"Limit Break","floor":11},{"not_picked":["Perfected Strike","Carnage"],"picked":"Armaments","floor":13},{"not_picked":["Cleave","Power Through"],"picked":"Pommel Strike","floor":14}],"player_experience":82426,"potions_floor_usage":[6,11,14],"damage_taken":[{"damage":3,"enemies":"Cultist","floor":1,"turns":5},{"damage":5,"enemies":"Small Slimes","floor":2,"turns":4},{"damage":0,"enemies":"2 Louse","floor":5,"turns":2},{"damage":60,"enemies":"Lagavulin","floor":6,"turns":7},{"damage":4,"enemies":"Exordium Wildlife","floor":8,"turns":4},{"damage":6,"enemies":"Gremlin Nob","floor":11,"turns":3},{"damage":0,"enemies":"3 Louse","floor":13,"turns":3},{"damage":7,"enemies":"2 Fungi Beasts","floor":14,"turns":3},{"damage":36,"enemies":"Slime Boss","floor":16,"turns":6}],"relics_obtained":[{"floor":6,"key":"Strawberry"},{"floor":9,"key":"Bottled Flame"},{"floor":11,"key":"Letter Opener"}],"event_choices":[{"event_name":"Big Fish","player_choice":"Banana","floor":3,"damage_taken":0},{"event_name":"Shining Light","player_choice":"Entered Light","floor":10,"damage_taken":0},{"event_name":"Liars Game","player_choice":"disagreed","floor":12,"damage_taken":0}],"boss_relics":[],"potions_floor_spawned":[2,8,13],"seed_played":"6378952005551593278","killed_by":"Slime Boss","ascension_level":0,"potions_obtained":[{"floor":2,"key":"Fruit Juice"},{"floor":8,"key":"Poison Potion"},{"floor":13,"key":"Fruit Juice"}],"is_trial":false}