{"gold_per_floor":[113,38,113,38,38,66,135,160,184,184,134,151,168,183,183,183],"floor_reached":16,"playtime":278,"items_purged":["Strike_R","Regret"],"score":316,"play_id":"2e02a92d-16cb-45b3-be76-05fb0e62d955","local_time":"20190412174603","is_ascension_mode":true,"campfire_choices":[{"data":"Bash","floor":10,"key":"SMITH"},{"data":"Heavy Blade","floor":15,"key":"SMITH"}],"neow_cost":"NONE","seed_source_timestamp":189002320056000,"circlet_count":0,"master_deck":["AscendersBane","Strike_R","Strike_R","Strike_R","Strike_R","Defend_R","Defend_R","Defend_R","Bash+1","Heavy Blade+1"],"relics":["Burning Blood","NeowsBlessing","Paper Frog","Art of War","Vajra","Smiling Mask"],"potions_floor_usage":[16,16],"damage_taken":[{"damage":0,"enemies":"2 Louse","floor":1,"turns":1},{"damage":0,"enemies":"Gremlin Nob","floor":6,"turns":1},{"damage":0,"enemies":"Lagavulin","floor":8,"turns":1},{"damage":1,"enemies":"Cultist","floor":12,"turns":3},{"damage":7,"enemies":"Jaw Worm","floor":13,"turns":3},{"damage":16,"enemies":"Exordium Thugs","floor":14,"turns":5},{"damage":83,"enemies":"Hexaghost","floor":16,"turns":8}],"seed_played":"-4082318564494451847","potions_obtained":[{"floor":1,"key":"Swift Potion"},{"floor":8,"key":"Regen Potion"}],"is_trial":false,"path_per_floor":["M","?","?","$","?","E","T","E","T","R","$","M","M","M","R","B"],"character_chosen":"IRONCLAD","items_purchased":[],"campfire_rested":0,"item_purchase_floors":[],"current_hp_per_floor":[74,74,63,63,63,69,69,75,75,75,75,75,74,64,64,0],"gold":183,"neow_bonus":"THREE_ENEMY_KILL","is_prod":false,"is_daily":false,"chose_seed":false,"campfire_upgraded":2,"win_rate":0,"timestamp":1555083963,"path_taken":["M","?","?","$","?","E","?","E","T","R","$","M","M","?","R","BOSS"],"build_version":"2019-04-04","purchased_purges":2,"victory":false,"max_hp_per_floor":[75,75,75,75,75,75,75,75,75,75,75,75,75,75,75,75],"card_choices":[{"not_picked":["Intimidate","Headbutt","Body Slam"],"picked":"SKIP","floor":1},{"not_picked":["Hemokinesis","Thunderclap","Battle Trance"],"picked":"SKIP","floor":6},{"not_picked":["Wild Strike","Warcry","Havoc"],"picked":"SKIP","floor":8},{"not_picked":["Warcry","Twin Strike"],"picked":"Heavy Blade","floor":12},{"not_picked":["Anger","Havoc","Clothesline"],"picked":"SKIP","floor":13},{"not_picked":["Headbutt","Heavy Blade","Fiend Fire"],"picked":"SKIP","floor":14}],"player_experience":1372013,"relics_obtained":[{"floor":6,"key":"Art of War"},{"floor":8,"key":"Vajra"},{"floor":9,"key":"Smiling Mask"}],"event_choices":[{"cards_removed":["Defend_R"],"damage_healed":0,"gold_gain":0,"player_choice":"Card Removal","damage_taken":0,"max_hp_gain":0,"max_hp_loss":0,"event_name":"The Cleric","floor":2,"gold_loss":75},{"damage_healed":0,"gold_gain":75,"player_choice":"Gather Gold","damage_taken":11,"max_hp_gain":0,"max_hp_loss":0,"event_name":"World of Goop","floor":3,"gold_loss":0},{"damage_healed":0,"gold_gain":0,"player_choice":"Box","damage_taken":0,"relics_obtained":["Paper Frog"],"max_hp_gain":0,"max_hp_loss":0,"event_name":"Big Fish","floor":5,"gold_loss":0,"cards_obtained":["Regret"]}],"is_beta":true,"boss_relics":[],"items_purged_floors":[4,11],"is_endless":false,"potions_floor_spawned":[1,8,12],"killed_by":"Hexaghost","ascension_level":20}