{"gold_per_floor":[218,218,218,229,247,247,34,34,34,34,51,61,61,9,9,85,85,98,98,117,32,32,32,42,42,42,54,4,4,4,4,4,78,78,97,197,197,197,209,209,244,256,280,280,335,335,351,49,49,49,49],"floor_reached":51,"playtime":2778,"items_purged":["Regret","Defend_G+1","Defend_G+1"],"score":1247,"play_id":"de93b532-36a6-46e0-8667-0c0810090b50","local_time":"20190115002118","is_ascension_mode":true,"campfire_choices":[{"data":"Neutralize","floor":6,"key":"SMITH"},{"data":"Footwork","floor":8,"key":"SMITH"},{"data":"Cloak And Dagger","floor":15,"key":"SMITH"},{"data":"Cloak And Dagger","floor":23,"key":"SMITH"},{"data":"Blade Dance","floor":25,"key":"SMITH"},{"floor":32,"key":"REST"},{"floor":40,"key":"REST"},{"data":"Dodge and Roll","floor":44,"key":"SMITH"},{"floor":46,"key":"REST"},{"floor":49,"key":"REST"}],"neow_cost":"NONE","seed_source_timestamp":445374723670900,"circlet_count":0,"master_deck":["AscendersBane","Defend_G+1","Defend_G+1","Defend_G+1","Strike_G+1","Strike_G+1","Strike_G+1","Survivor","Neutralize+1","Poisoned Stab","Cloak And Dagger+1","Accuracy+1","Footwork+1","Blade Dance+1","Dodge and Roll+1","Cloak And Dagger+1","Adrenaline","Dodge and Roll+1","Blur","After Image","Blade Dance+1","Terror"],"relics":["Ring of the Snake","Blue Candle","Matryoshka","Philosopher\u0027s Stone","Gremlin Horn","Smiling Mask","Dodecahedron","Regal Pillow","Kunai","MutagenicStrength","Eternal Feather","Turnip","Omamori","Snake Skull","FossilizedHelix","Potion Belt"],"potions_floor_usage":[16,31,33,45,47,50,51,51],"damage_taken":[{"damage":1,"enemies":"Small Slimes","floor":1,"turns":4},{"damage":1,"enemies":"Jaw Worm","floor":4,"turns":7},{"damage":1,"enemies":"Cultist","floor":5,"turns":4},{"damage":0,"enemies":"Looter","floor":11,"turns":4},{"damage":3,"enemies":"3 Louse","floor":12,"turns":6},{"damage":26,"enemies":"The Guardian","floor":16,"turns":13},{"damage":6,"enemies":"Shell Parasite","floor":18,"turns":8},{"damage":5,"enemies":"3 Byrds","floor":20,"turns":6},{"damage":0,"enemies":"Centurion and Healer","floor":24,"turns":8},{"damage":0,"enemies":"3 Cultists","floor":27,"turns":5},{"damage":0,"enemies":"Colosseum Slavers","floor":31,"turns":5},{"damage":18,"enemies":"Champ","floor":33,"turns":21},{"damage":0,"enemies":"3 Shapes","floor":35,"turns":7},{"damage":39,"enemies":"Mind Bloom Boss Battle","floor":36,"turns":8},{"damage":10,"enemies":"3 Darklings","floor":39,"turns":5},{"damage":12,"enemies":"Giant Head","floor":41,"turns":8},{"damage":23,"enemies":"Transient","floor":42,"turns":6},{"damage":33,"enemies":"2 Orb Walkers","floor":45,"turns":7},{"damage":0,"enemies":"Writhing Mass","floor":47,"turns":7},{"damage":25,"enemies":"Awakened One","floor":50,"turns":22},{"damage":44,"enemies":"Donu and Deca","floor":51,"turns":13}],"seed_played":"2434716110400580612","potions_obtained":[{"floor":1,"key":"LiquidBronze"},{"floor":4,"key":"Ancient Potion"},{"floor":20,"key":"Fire Potion"},{"floor":27,"key":"PowerPotion"},{"floor":39,"key":"Block Potion"},{"floor":42,"key":"SteroidPotion"},{"floor":45,"key":"Block Potion"},{"floor":47,"key":"Swift Potion"}],"is_trial":false,"path_per_floor":["M","?","?","M","M","R","$","R","T","?","M","M","?","$","R","B",null,"M","?","M","?","T","R","M","R","T","M","$","?","?","?","R","B",null,"M","?","?","?","M","R","E","M","T","R","?","R","M","$","R","B","B"],"character_chosen":"THE_SILENT","items_purchased":["Footwork","Blade Dance","Cloak And Dagger","Potion Belt","EssenceOfSteel"],"campfire_rested":4,"item_purchase_floors":[7,7,14,48,48],"current_hp_per_floor":[58,58,58,57,56,56,56,56,56,49,49,46,46,46,46,20,55,49,49,44,44,44,44,44,44,44,44,44,44,44,44,66,48,62,62,23,23,23,13,59,47,24,24,36,3,49,49,49,66,41,0],"gold":49,"neow_bonus":"HUNDRED_GOLD","is_prod":false,"is_daily":false,"chose_seed":false,"campfire_upgraded":6,"win_rate":0,"timestamp":1547508078,"path_taken":["M","?","?","M","?","R","$","R","T","?","M","M","?","$","R","BOSS","M","?","M","?","?","R","M","R","T","?","$","?","?","?","R","BOSS","M","?","?","?","M","R","E","M","T","R","?","R","M","$","R","BOSS","BOSS"],"build_version":"2019-01-10","purchased_purges":3,"victory":false,"max_hp_per_floor":[66,66,66,66,66,66,66,66,66,66,66,66,66,66,66,66,66,66,66,66,66,66,66,66,66,66,66,66,66,66,66,66,66,66,66,66,66,66,66,66,66,66,66,66,66,66,66,66,66,66,66],"card_choices":[{"not_picked":["Skewer","Slice"],"picked":"Poisoned Stab","floor":1},{"not_picked":["Acrobatics","Bane"],"picked":"Cloak And Dagger","floor":4},{"not_picked":["Setup","Eviscerate"],"picked":"Accuracy","floor":5},{"not_picked":["Quick Slash","Prepared","Flying Knee"],"picked":"SKIP","floor":11},{"not_picked":["Prepared","Reflex"],"picked":"Dodge and Roll","floor":12},{"not_picked":["Corpse Explosion","Wraith Form v2"],"picked":"Adrenaline","floor":16},{"not_picked":["PiercingWail","Flying Knee"],"picked":"Dodge and Roll+1","floor":18},{"not_picked":["Expertise","PiercingWail"],"picked":"Blur","floor":20},{"not_picked":["Quick Slash+1","Underhanded Strike","Expertise"],"picked":"SKIP","floor":24},{"not_picked":["Noxious Fumes","Skewer","Flying Knee"],"picked":"SKIP","floor":27},{"not_picked":["Doppelganger","Corpse Explosion"],"picked":"After Image","floor":33},{"not_picked":["Blur","Eviscerate"],"picked":"Blade Dance+1","floor":35},{"not_picked":["Catalyst","Choke+1"],"picked":"Terror","floor":36},{"not_picked":["PiercingWail","Dodge and Roll","Dagger Spray+1"],"picked":"SKIP","floor":39},{"not_picked":["Poisoned Stab","Flying Knee","Eviscerate"],"picked":"SKIP","floor":41},{"not_picked":["Heel Hook","Flying Knee","Flechettes"],"picked":"SKIP","floor":42},{"not_picked":["Catalyst","Bane","Outmaneuver"],"picked":"SKIP","floor":47}],"player_experience":1042936,"relics_obtained":[{"floor":9,"key":"Matryoshka"},{"floor":22,"key":"Smiling Mask"},{"floor":22,"key":"Dodecahedron"},{"floor":26,"key":"Regal Pillow"},{"floor":26,"key":"Kunai"},{"floor":36,"key":"Turnip"},{"floor":41,"key":"Omamori"},{"floor":43,"key":"Snake Skull"},{"floor":45,"key":"FossilizedHelix"}],"event_choices":[{"damage_healed":0,"gold_gain":0,"player_choice":"Box","damage_taken":0,"relics_obtained":["Blue Candle"],"max_hp_gain":0,"max_hp_loss":0,"event_name":"Big Fish","floor":2,"gold_loss":0,"cards_obtained":["Regret"]},{"damage_healed":0,"gold_gain":0,"player_choice":"0 cards matched","damage_taken":0,"max_hp_gain":0,"max_hp_loss":0,"event_name":"Match and Keep!","floor":3,"gold_loss":0,"cards_obtained":[]},{"cards_removed":["Strike_G"],"damage_healed":0,"gold_gain":0,"player_choice":"Card Removal","damage_taken":7,"max_hp_gain":0,"max_hp_loss":0,"event_name":"Golden Wing","floor":10,"gold_loss":0},{"damage_healed":0,"gold_gain":0,"player_choice":"Grow","damage_taken":0,"max_hp_gain":0,"max_hp_loss":0,"event_name":"Living Wall","floor":13,"gold_loss":0,"cards_upgraded":["Accuracy"]},{"damage_healed":0,"gold_gain":0,"player_choice":"Simplicity","damage_taken":0,"max_hp_gain":0,"max_hp_loss":0,"event_name":"Back to Basics","floor":19,"gold_loss":0,"cards_upgraded":["Defend_G","Defend_G","Defend_G","Defend_G","Defend_G","Strike_G","Strike_G","Strike_G","Strike_G"]},{"damage_healed":0,"gold_gain":0,"player_choice":"Obtained Relic","damage_taken":0,"relics_obtained":["Gremlin Horn"],"max_hp_gain":0,"max_hp_loss":0,"event_name":"Addict","floor":21,"gold_loss":85},{"damage_healed":0,"gold_gain":0,"player_choice":"Ignored","damage_taken":0,"max_hp_gain":0,"max_hp_loss":0,"event_name":"Beggar","floor":29,"gold_loss":0},{"damage_healed":0,"gold_gain":0,"player_choice":"Inject Mutagens","damage_taken":0,"relics_obtained":["MutagenicStrength"],"max_hp_gain":0,"max_hp_loss":0,"event_name":"Drug Dealer","floor":30,"gold_loss":0},{"damage_healed":0,"gold_gain":0,"player_choice":"Fight","damage_taken":0,"max_hp_gain":0,"max_hp_loss":0,"event_name":"Colosseum","floor":31,"gold_loss":0},{"damage_healed":0,"gold_gain":0,"player_choice":"Fled From Nobs","damage_taken":0,"max_hp_gain":0,"max_hp_loss":0,"event_name":"Colosseum","floor":31,"gold_loss":0},{"damage_healed":0,"gold_gain":0,"player_choice":"Fight","damage_taken":0,"max_hp_gain":0,"max_hp_loss":0,"event_name":"MindBloom","floor":36,"gold_loss":0},{"cards_removed":["Strike_G"],"damage_healed":0,"gold_gain":0,"player_choice":"Removed Attack","damage_taken":0,"max_hp_gain":0,"max_hp_loss":0,"event_name":"Falling","floor":37,"gold_loss":0},{"damage_healed":0,"gold_gain":0,"player_choice":"Memory 1","damage_taken":0,"max_hp_gain":0,"max_hp_loss":0,"event_name":"SensoryStone","floor":38,"gold_loss":0},{"damage_healed":0,"gold_gain":0,"player_choice":"Fight","damage_taken":0,"max_hp_gain":0,"max_hp_loss":0,"event_name":"Mysterious Sphere","floor":45,"gold_loss":0}],"is_beta":true,"boss_relics":[{"not_picked":["Tiny House","Empty Cage"],"picked":"Philosopher\u0027s Stone"},{"not_picked":["Snecko Eye","Fusion Hammer"],"picked":"Eternal Feather"}],"items_purged_floors":[7,28,48],"is_endless":false,"potions_floor_spawned":[1,4,20,27,39,42,45,47],"killed_by":"Donu and Deca","ascension_level":20}