{"gold_per_floor":[119,119,44,62,62,88,88,88,88,88,122,122,132,148,148,226,226,237,162,162,212,222,222,222,222,222,222,120,120,31,50,50,50],"floor_reached":33,"playtime":1017,"items_purged":["Strike_R","Writhe"],"score":548,"play_id":"e2480a26-4da5-4ffd-82f8-0c607337b9a7","local_time":"20190402231632","is_ascension_mode":true,"campfire_choices":[{"data":"Sword Boomerang","floor":7.0,"key":"SMITH"},{"data":"Strike_R","floor":12.0,"key":"SMITH"},{"data":"Strike_R","floor":15.0,"key":"SMITH"},{"floor":23.0,"key":"REST"},{"floor":25.0,"key":"REST"},{"data":"Pummel","floor":27.0,"key":"SMITH"},{"data":"Twin Strike","floor":29.0,"key":"SMITH"},{"floor":32,"key":"REST"}],"neow_cost":"NONE","seed_source_timestamp":0,"circlet_count":0,"master_deck":["AscendersBane","Strike_R+1","Strike_R+1","Defend_R","Defend_R","Bash+1","Sword Boomerang+1","Impervious","Pummel+1","Twin Strike+1","Shrug It Off"],"special_seed":0,"relics":["Burning Blood","NeowsBlessing","Darkstone Periapt","Torii","Art of War","Empty Cage","WingedGreaves","The Courier"],"potions_floor_usage":[31],"damage_taken":[{"damage":0.0,"enemies":"Cultist","floor":1.0,"turns":1.0},{"damage":0.0,"enemies":"2 Louse","floor":4.0,"turns":1.0},{"damage":0.0,"enemies":"Lagavulin","floor":6.0,"turns":1.0},{"damage":32.0,"enemies":"Gremlin Nob","floor":11.0,"turns":4.0},{"damage":0.0,"enemies":"Small Slimes","floor":13.0,"turns":3.0},{"damage":7.0,"enemies":"Looter","floor":14.0,"turns":3.0},{"damage":44.0,"enemies":"The Guardian","floor":16.0,"turns":12.0},{"damage":31.0,"enemies":"3 Byrds","floor":18.0,"turns":7.0},{"damage":41.0,"enemies":"Spheric Guardian","floor":22.0,"turns":6.0},{"damage":50,"enemies":"3 Cultists","floor":31,"turns":6},{"damage":0,"enemies":"Automaton","floor":33,"turns":1}],"seed_played":"827037033789988205","potions_obtained":[{"floor":6.0,"key":"Swift Potion"},{"floor":13.0,"key":"PowerPotion"}],"is_trial":false,"path_per_floor":["M","?","?","M","?","E","R","$","T","?","E","R","M","M","R","B",null,"M","$","?","?","M","R","T","R","T","R","$","R","$","M","R","B"],"character_chosen":"IRONCLAD","items_purchased":["Twin Strike","AttackPotion","FearPotion"],"campfire_rested":3,"item_purchase_floors":[28,30,30],"current_hp_per_floor":[74,74,74,75,80,80,80,80,80,73,47,47,53,52,52,14,64,39,39,45,45,10,35,35,60,60,60,60,60,60,16,41,41],"gold":50,"neow_bonus":"THREE_ENEMY_KILL","is_prod":false,"is_daily":false,"chose_seed":false,"campfire_upgraded":5,"win_rate":0,"timestamp":1554239792,"path_taken":["M","?","?","M","?","E","R","?","T","?","E","R","M","M","R","BOSS","M","$","?","?","M","R","?","R","T","R","$","R","?","M","R","BOSS"],"build_version":"2019-03-15","purchased_purges":2,"victory":false,"max_hp_per_floor":[75,75,75,75,80,80,80,80,80,80,80,80,80,80,80,80,80,80,80,86,86,86,86,86,86,86,86,86,86,86,86,86,86],"card_choices":[{"not_picked":["Flex","Corruption"],"picked":"Sword Boomerang","floor":1.0},{"not_picked":["Anger","Rampage","Flex"],"picked":"SKIP","floor":4.0},{"not_picked":["Sword Boomerang","Perfected Strike","Disarm"],"picked":"SKIP","floor":6.0},{"not_picked":["Armaments","Entrench","Body Slam"],"picked":"SKIP","floor":11.0},{"not_picked":["Body Slam","Battle Trance","Cleave"],"picked":"SKIP","floor":13.0},{"not_picked":["Carnage","Evolve","Headbutt"],"picked":"SKIP","floor":14.0},{"not_picked":["Exhume","Brutality"],"picked":"Impervious","floor":16.0},{"not_picked":["Sever Soul","Cleave"],"picked":"Pummel","floor":18.0},{"not_picked":["Warcry","Seeing Red","Cleave"],"picked":"SKIP","floor":22.0},{"not_picked":["Warcry","Headbutt"],"picked":"Shrug It Off","floor":31}],"player_experience":1323518,"relics_obtained":[{"floor":6.0,"key":"Darkstone Periapt"},{"floor":9.0,"key":"Torii"},{"floor":11.0,"key":"Art of War"},{"floor":26.0,"key":"The Courier"}],"event_choices":[{"damage_healed":0.0,"max_hp_gain":0.0,"max_hp_loss":0.0,"gold_gain":0.0,"event_name":"Living Wall","player_choice":"Grow","floor":2.0,"gold_loss":0.0,"damage_taken":0.0,"cards_upgraded":["Bash"]},{"cards_removed":["Defend_R"],"damage_healed":0.0,"max_hp_gain":0.0,"max_hp_loss":0.0,"gold_gain":0.0,"event_name":"The Cleric","player_choice":"Card Removal","floor":3.0,"gold_loss":75.0,"damage_taken":0.0},{"damage_healed":0.0,"max_hp_gain":5.0,"max_hp_loss":0.0,"gold_gain":0.0,"event_name":"Big Fish","player_choice":"Donut","floor":5.0,"gold_loss":0.0,"damage_taken":0.0},{"cards_removed":["Strike_R"],"damage_healed":0.0,"max_hp_gain":0.0,"max_hp_loss":0.0,"gold_gain":0.0,"event_name":"Golden Wing","player_choice":"Card Removal","floor":10.0,"gold_loss":0.0,"damage_taken":7.0},{"damage_healed":0.0,"max_hp_gain":0.0,"max_hp_loss":0.0,"gold_gain":0.0,"event_name":"The Mausoleum","player_choice":"Opened","floor":20.0,"gold_loss":0.0,"damage_taken":0.0,"relics_obtained":["WingedGreaves"],"cards_obtained":["Writhe"]},{"damage_healed":0.0,"max_hp_gain":0.0,"max_hp_loss":0.0,"gold_gain":50.0,"event_name":"Nest","player_choice":"Stole From Cult","floor":21.0,"gold_loss":0.0,"damage_taken":0.0}],"is_beta":true,"boss_relics":[{"not_picked":["Runic Cube","Runic Dome"],"picked":"Empty Cage"}],"items_purged_floors":[19,28],"is_endless":false,"potions_floor_spawned":[6,13],"killed_by":"Automaton","ascension_level":20}