{"gold_per_floor":[118,193,209,209,209,209,229,199,199,199],"floor_reached":10,"playtime":302,"items_purged":[],"score":84,"play_id":"c3919c6d-0689-479a-ab31-e7cd9c21d7ea","local_time":"20181019201409","is_ascension_mode":true,"campfire_choices":[{"data":"Barricade","floor":6.0,"key":"SMITH"}],"neow_cost":"TEN_PERCENT_HP_LOSS","seed_source_timestamp":0,"circlet_count":0,"master_deck":["Strike_R","Strike_R","Strike_R","Strike_R","Defend_R","Defend_R","Defend_R","Defend_R","Bash","AscendersBane","Barricade+1","Armaments","Cleave","Flame Barrier"],"special_seed":0,"relics":["Burning Blood","Golden Idol","Pear"],"potions_floor_usage":[10],"damage_taken":[{"damage":13.0,"enemies":"2 Louse","floor":1.0,"turns":3.0},{"damage":1.0,"enemies":"Small Slimes","floor":3.0,"turns":6.0},{"damage":6.0,"enemies":"Cultist","floor":7.0,"turns":4.0},{"damage":1.0,"enemies":"Looter","floor":8.0,"turns":4.0},{"damage":51,"enemies":"Gremlin Nob","floor":10,"turns":5}],"seed_played":"-5712132089137228896","potions_obtained":[{"floor":7.0,"key":"PowerPotion"}],"is_trial":false,"path_per_floor":["M","?","M","?","?","R","M","M","T"],"character_chosen":"IRONCLAD","items_purchased":[],"campfire_rested":0,"item_purchase_floors":[],"current_hp_per_floor":[65,54,59,41,34,34,34,39,49,0],"gold":199,"neow_bonus":"THREE_RARE_CARDS","is_prod":false,"is_daily":false,"chose_seed":false,"campfire_upgraded":1,"win_rate":0,"timestamp":1540005249,"path_taken":["M","?","M","?","?","R","M","?","T","E"],"build_version":"2018-10-18","purchased_purges":0,"victory":false,"max_hp_per_floor":[72,72,72,72,72,72,72,72,82,82],"card_choices":[{"not_picked":["Feed","Impervious"],"picked":"Barricade","floor":0.0},{"not_picked":["Power Through","Perfected Strike"],"picked":"Armaments","floor":1.0},{"not_picked":["True Grit","Armaments"],"picked":"Cleave","floor":3.0},{"not_picked":["Evolve","Pummel"],"picked":"Flame Barrier","floor":7.0},{"not_picked":["Reckless Charge","Carnage","Sentinel"],"picked":"SKIP","floor":8.0}],"player_experience":382111,"relics_obtained":[{"floor":9.0,"key":"Pear"}],"event_choices":[{"damage_healed":0.0,"max_hp_gain":0.0,"max_hp_loss":0.0,"gold_gain":75.0,"event_name":"World of Goop","player_choice":"Gather Gold","floor":2.0,"gold_loss":0.0,"damage_taken":11.0},{"damage_healed":0.0,"max_hp_gain":0.0,"max_hp_loss":0.0,"gold_gain":0.0,"event_name":"Golden Idol","player_choice":"Take Damage","floor":4.0,"gold_loss":0.0,"damage_taken":18.0,"relics_obtained":["Golden Idol"]},{"cards_removed":["Strike_R"],"damage_healed":0.0,"max_hp_gain":0.0,"max_hp_loss":0.0,"gold_gain":0.0,"event_name":"Golden Wing","player_choice":"Card Removal","floor":5.0,"gold_loss":0.0,"damage_taken":7.0}],"is_beta":true,"boss_relics":[],"items_purged_floors":[],"is_endless":false,"potions_floor_spawned":[7],"killed_by":"Gremlin Nob","ascension_level":10}