{"gold_per_floor":[118,137,312,28,43,74,74,109,109,74,107,127,127,146,146,146],"floor_reached":16,"playtime":620,"items_purged":["Doubt"],"score":168,"play_id":"ec475971-b6d7-4225-bfd0-e5bfa169b462","local_time":"20181005203607","is_ascension_mode":true,"campfire_choices":[{"data":"Glass Knife","floor":13,"key":"SMITH"},{"data":"Dash","floor":15,"key":"SMITH"}],"neow_cost":"PERCENT_DAMAGE","seed_source_timestamp":7500239062100,"circlet_count":0,"master_deck":["Defend_G","Defend_G","Defend_G","Defend_G","Defend_G","Strike_G","Strike_G","Strike_G","Strike_G","Strike_G","Survivor","Neutralize","Glass Knife+1","All Out Attack","Blur","Backflip","Dash+1"],"relics":["Ring of the Snake","MealTicket","Blue Candle","Singing Bowl","Mercury Hourglass","Art of War"],"potions_floor_usage":[6,8,11],"damage_taken":[{"damage":2,"enemies":"Small Slimes","floor":1,"turns":3},{"damage":0,"enemies":"Jaw Worm","floor":2,"turns":3},{"damage":0,"enemies":"2 Louse","floor":5,"turns":2},{"damage":26,"enemies":"Gremlin Nob","floor":6,"turns":5},{"damage":12,"enemies":"3 Sentries","floor":8,"turns":8},{"damage":10,"enemies":"Gremlin Nob","floor":11,"turns":3},{"damage":0,"enemies":"Exordium Wildlife","floor":12,"turns":2},{"damage":0,"enemies":"3 Louse","floor":14,"turns":2},{"damage":29,"enemies":"Hexaghost","floor":16,"turns":11}],"seed_played":"-4643971617288972680","potions_obtained":[{"floor":1,"key":"Swift Potion"},{"floor":2,"key":"Weak Potion"},{"floor":6,"key":"FearPotion"}],"is_trial":false,"path_per_floor":["M","M","?","$","M","E","$","E","T","?","E","M","R","M","R"],"character_chosen":"THE_SILENT","items_purchased":["MealTicket"],"campfire_rested":0,"item_purchase_floors":[4],"current_hp_per_floor":[43,43,43,43,43,17,27,17,17,35,25,27,27,29,29,0],"gold":146,"neow_bonus":"THREE_RARE_CARDS","is_prod":false,"is_daily":false,"chose_seed":false,"campfire_upgraded":2,"win_rate":0,"timestamp":1538796967,"path_taken":["M","M","?","$","M","E","$","E","T","?","E","M","R","M","R","BOSS"],"build_version":"2018-10-04","purchased_purges":1,"victory":false,"max_hp_per_floor":[70,70,70,70,70,70,70,72,72,72,72,74,74,76,76,76],"card_choices":[{"not_picked":["Night Terror","Doppelganger"],"picked":"Glass Knife","floor":0},{"not_picked":["Heel Hook","Slice"],"picked":"All Out Attack","floor":1},{"not_picked":["Deadly Poison","Slice"],"picked":"Blur","floor":2},{"not_picked":["Acrobatics","Deadly Poison"],"picked":"Backflip","floor":5},{"not_picked":["Expertise","Slice","Caltrops"],"picked":"SKIP","floor":6},{"not_picked":["Sucker Punch","Masterful Stab","Caltrops"],"picked":"Singing Bowl","floor":8},{"not_picked":["Setup","Flying Knee"],"picked":"Dash","floor":11},{"not_picked":["Skewer","Dodge and Roll","Bane"],"picked":"Singing Bowl","floor":12},{"not_picked":["Cloak And Dagger","Deflect","Slice"],"picked":"Singing Bowl","floor":14}],"player_experience":341834,"relics_obtained":[{"floor":6,"key":"Blue Candle"},{"floor":8,"key":"Singing Bowl"},{"floor":9,"key":"Mercury Hourglass"},{"floor":11,"key":"Art of War"}],"event_choices":[{"event_name":"Liars Game","player_choice":"agreed","floor":3,"damage_taken":0},{"event_name":"The Cleric","player_choice":"Healed","floor":10,"damage_taken":0}],"is_beta":true,"boss_relics":[],"items_purged_floors":[4],"is_endless":false,"potions_floor_spawned":[1,2,6],"killed_by":"Hexaghost","ascension_level":8}