{"gold_per_floor":[111,111,111,130,130,130,144,144,170,195,195,195,195,214,214,292,292,303,218,218,218,228,228,254,254,254,270,284,303,316,276,276,351,351,364,376,388,404,53,53],"floor_reached":40,"playtime":1449,"items_purged":["Shame"],"score":891,"play_id":"94b83328-1eb6-4bb5-9894-449528272e3e","local_time":"20190415030840","is_ascension_mode":true,"campfire_choices":[{"data":"Bash","floor":6.0,"key":"SMITH"},{"data":"Twin Strike","floor":8.0,"key":"SMITH"},{"floor":11.0,"key":"REST"},{"data":"Demon Form","floor":13.0,"key":"SMITH"},{"data":"Shrug It Off","floor":15.0,"key":"SMITH"},{"data":"Double Tap","floor":23,"key":"SMITH"},{"data":"Sword Boomerang","floor":25,"key":"SMITH"},{"floor":32,"key":"REST"}],"neow_cost":"PERCENT_DAMAGE","seed_source_timestamp":0,"circlet_count":0,"master_deck":["AscendersBane","Defend_R","Defend_R","Defend_R+1","Bash+1","Shrug It Off","Sword Boomerang+1","Twin Strike+1","Demon Form+1","Shrug It Off+1","Double Tap+1","Bite","Bite","Bite","Bite","Bite","Battle Trance","Sword Boomerang","Shrug It Off","Limit Break"],"special_seed":0,"relics":["Burning Blood","Torii","Pear","Regal Pillow","Cursed Key","Bag of Preparation","Happy Flower","Ginger","Eternal Feather","Potion Belt"],"potions_floor_usage":[16,24,33,33,37,38,40,40,40],"damage_taken":[{"damage":8.0,"enemies":"Small Slimes","floor":1.0,"turns":4.0},{"damage":1.0,"enemies":"2 Louse","floor":4.0,"turns":3.0},{"damage":0.0,"enemies":"Cultist","floor":7.0,"turns":4.0},{"damage":36.0,"enemies":"Lagavulin","floor":10.0,"turns":5.0},{"damage":17.0,"enemies":"Exordium Thugs","floor":14.0,"turns":4.0},{"damage":7,"enemies":"Hexaghost","floor":16,"turns":8},{"damage":27,"enemies":"Shell Parasite","floor":18,"turns":3},{"damage":33,"enemies":"2 Thieves","floor":22,"turns":4},{"damage":0,"enemies":"Gremlin Leader","floor":24,"turns":5},{"damage":41,"enemies":"Shelled Parasite and Fungi","floor":27,"turns":5},{"damage":32,"enemies":"Cultist and Chosen","floor":28,"turns":4},{"damage":27,"enemies":"Centurion and Healer","floor":29,"turns":10},{"damage":43,"enemies":"Shelled Parasite and Fungi","floor":30,"turns":4},{"damage":74,"enemies":"Collector","floor":33,"turns":6},{"damage":57,"enemies":"3 Darklings","floor":35,"turns":9},{"damage":38,"enemies":"Orb Walker","floor":36,"turns":4},{"damage":14,"enemies":"Transient","floor":37,"turns":6},{"damage":40,"enemies":"Sphere and 2 Shapes","floor":38,"turns":15},{"damage":0,"enemies":"Nemesis","floor":40,"turns":2}],"seed_played":"-6654387955137235649","potions_obtained":[{"floor":4.0,"key":"SkillPotion"},{"floor":10.0,"key":"Weak Potion"},{"floor":14.0,"key":"Poison Potion"},{"floor":18,"key":"Strength Potion"},{"floor":30,"key":"SneckoOil"},{"floor":31,"key":"Explosive Potion"},{"floor":33,"key":"Energy Potion"},{"floor":36,"key":"SkillPotion"},{"floor":37,"key":"AttackPotion"},{"floor":38,"key":"Explosive Potion"}],"is_trial":false,"path_per_floor":["M","?","?","M","T","R","M","R","T","E","R","?","R","M","R","B",null,"M","?","?","?","M","R","E","R","T","M","M","M","M","?","R","B",null,"M","M","M","M","$","E"],"character_chosen":"IRONCLAD","items_purchased":["PowerPotion","Potion Belt","AttackPotion"],"campfire_rested":2,"item_purchase_floors":[39,39,39],"current_hp_per_floor":[48,25,25,30,40,40,46,46,46,16,56,49,49,40,40,41,74,55,55,55,72,55,55,75,75,75,58,44,45,20,20,60,12,67,44,20,32,18,18,20],"gold":53,"neow_bonus":"ONE_RARE_RELIC","is_prod":false,"is_daily":false,"chose_seed":false,"campfire_upgraded":6,"win_rate":0,"timestamp":1555290520,"path_taken":["M","?","?","?","?","R","M","R","T","E","R","?","R","M","R","BOSS","M","?","?","?","?","R","E","R","T","M","M","M","M","?","R","BOSS","M","M","M","M","$","E"],"build_version":"2019-04-04","purchased_purges":1,"victory":false,"max_hp_per_floor":[75,75,75,75,85,85,85,85,85,85,85,85,85,85,85,85,85,85,85,85,85,85,85,85,85,85,85,85,85,85,85,85,85,85,85,85,85,85,85,85],"card_choices":[{"not_picked":["Clash","True Grit"],"picked":"Shrug It Off","floor":1.0},{"not_picked":["Armaments","Thunderclap"],"picked":"Sword Boomerang","floor":4.0},{"not_picked":["Pommel Strike","Perfected Strike"],"picked":"Twin Strike","floor":7.0},{"not_picked":["Clash","Intimidate"],"picked":"Demon Form","floor":10.0},{"not_picked":["Anger","Sever Soul"],"picked":"Shrug It Off","floor":14.0},{"not_picked":["Reaper","Barricade"],"picked":"Double Tap","floor":16},{"not_picked":["Thunderclap","Cleave","Flex"],"picked":"SKIP","floor":18},{"not_picked":["Battle Trance","Armaments","Searing Blow"],"picked":"SKIP","floor":22},{"not_picked":["Armaments","Searing Blow"],"picked":"Battle Trance","floor":22},{"not_picked":["Intimidate","Hemokinesis","Pommel Strike"],"picked":"SKIP","floor":24},{"not_picked":["Rampage+1","Thunderclap","Bloodletting+1"],"picked":"SKIP","floor":27},{"not_picked":["Sentinel","Fire Breathing"],"picked":"Sword Boomerang","floor":28},{"not_picked":["Shockwave+1","Reckless Charge","Armaments"],"picked":"SKIP","floor":29},{"not_picked":["Armaments","Metallicize"],"picked":"Shrug It Off","floor":30},{"not_picked":["Exhume","Dark Embrace"],"picked":"Limit Break","floor":33},{"not_picked":["Combust","Headbutt","Body Slam"],"picked":"SKIP","floor":35},{"not_picked":["Clash","Ghostly Armor+1","Sword Boomerang+1"],"picked":"SKIP","floor":36},{"not_picked":["Pommel Strike","Body Slam+1","Spot Weakness+1"],"picked":"SKIP","floor":37},{"not_picked":["Warcry","Pommel Strike","Cleave"],"picked":"SKIP","floor":38}],"player_experience":1389114,"relics_obtained":[{"floor":5.0,"key":"Pear"},{"floor":9.0,"key":"Regal Pillow"},{"floor":10.0,"key":"Blood Vial"},{"floor":24,"key":"Happy Flower"},{"floor":26,"key":"Ginger"}],"event_choices":[{"damage_healed":0.0,"max_hp_gain":0.0,"max_hp_loss":0.0,"gold_gain":0.0,"event_name":"Shining Light","player_choice":"Entered Light","floor":2.0,"gold_loss":0.0,"damage_taken":23.0,"cards_upgraded":["Strike_R","Defend_R"]},{"cards_removed":["Defend_R"],"damage_healed":0.0,"max_hp_gain":0.0,"max_hp_loss":0.0,"gold_gain":0.0,"event_name":"Purifier","player_choice":"Purged","floor":3.0,"gold_loss":0.0,"damage_taken":0.0},{"cards_removed":["Strike_R"],"damage_healed":0.0,"max_hp_gain":0.0,"max_hp_loss":0.0,"gold_gain":0.0,"event_name":"Golden Wing","player_choice":"Card Removal","floor":12.0,"gold_loss":0.0,"damage_taken":7.0},{"damage_healed":0,"gold_gain":0,"player_choice":"Obtained Relic","damage_taken":0,"relics_obtained":["Bag of Preparation"],"max_hp_gain":0,"max_hp_loss":0,"event_name":"Addict","floor":19,"gold_loss":85},{"damage_healed":0,"gold_gain":0,"player_choice":"Became a vampire (Vial)","damage_taken":0,"max_hp_gain":0,"max_hp_loss":0,"event_name":"Vampires","floor":20,"relics_lost":["Blood Vial"],"gold_loss":0,"cards_obtained":["Bite","Bite","Bite","Bite","Bite"]},{"damage_healed":17,"gold_gain":0,"player_choice":"Heal","damage_taken":0,"max_hp_gain":0,"max_hp_loss":0,"event_name":"The Library","floor":21,"gold_loss":0},{"damage_healed":0,"gold_gain":0,"player_choice":"Bought 3 Potions","damage_taken":0,"max_hp_gain":0,"max_hp_loss":0,"event_name":"The Woman in Blue","floor":31,"gold_loss":0}],"is_beta":true,"boss_relics":[{"not_picked":["Lizard Tail","Black Blood"],"picked":"Cursed Key"},{"not_picked":["Runic Pyramid","Empty Cage"],"picked":"Eternal Feather"}],"items_purged_floors":[39],"is_endless":false,"potions_floor_spawned":[4,10,14,18,30,33,36,37,38],"killed_by":"Nemesis","ascension_level":20}