{"gold_per_floor":[111,111,61,77,152,187,187,218,218,218,230,26,26,39,39,134,134,151,151],"floor_reached":19,"playtime":636,"items_purged":[],"score":254,"play_id":"afb195f1-7926-4f04-9ea9-d5d5ca4efc37","local_time":"20181009212649","is_ascension_mode":true,"campfire_choices":[{"floor":7,"key":"REST"},{"floor":10,"key":"REST"},{"data":"Neutralize","floor":15,"key":"SMITH"}],"neow_cost":"","seed_source_timestamp":82975444357900,"circlet_count":0,"master_deck":["Defend_G","Defend_G","Defend_G","Defend_G","Defend_G","Strike_G","Strike_G","Strike_G","Survivor","Neutralize+1","Caltrops","Quick Slash","Blade Dance","Poisoned Stab","Poisoned Stab","Dagger Spray","Tools of the Trade","Backflip"],"relics":["Ring of the Snake","Blood Vial","Bag of Marbles","The Courier","Snake Skull","Snecko Eye"],"potions_floor_usage":[6,6,8],"damage_taken":[{"damage":2,"enemies":"2 Louse","floor":1,"turns":4},{"damage":11,"enemies":"Cultist","floor":4,"turns":6},{"damage":20,"enemies":"3 Sentries","floor":6,"turns":12},{"damage":38,"enemies":"Gremlin Nob","floor":8,"turns":5},{"damage":6,"enemies":"Small Slimes","floor":11,"turns":3},{"damage":3,"enemies":"Looter","floor":14,"turns":3},{"damage":19,"enemies":"Hexaghost","floor":16,"turns":9},{"damage":23,"enemies":"2 Thieves","floor":18,"turns":4},{"damage":40,"enemies":"Masked Bandits","floor":19,"turns":3}],"seed_played":"6595734566458084666","potions_obtained":[{"floor":1,"key":"Dexterity Potion"},{"floor":4,"key":"Fire Potion"},{"floor":6,"key":"FearPotion"}],"is_trial":false,"path_per_floor":["M","?","?","M","?","E","R","E","T","R","M","$","?","M","R","B",null,"M"],"character_chosen":"THE_SILENT","items_purchased":["Snake Skull","Poisoned Stab","Poisoned Stab"],"campfire_rested":2,"item_purchase_floors":[12,12,12],"current_hp_per_floor":[61,61,61,50,39,19,40,4,4,25,21,21,44,43,43,26,59,38,0],"gold":151,"neow_bonus":"","is_prod":false,"is_daily":false,"chose_seed":false,"campfire_upgraded":1,"win_rate":0,"timestamp":1539145609,"path_taken":["M","?","?","M","?","E","R","E","T","R","M","?","?","M","R","BOSS","M","?"],"build_version":"2018-10-08","purchased_purges":0,"victory":false,"max_hp_per_floor":[70,70,70,70,70,70,70,70,70,70,70,70,70,70,70,70,70,70,70],"card_choices":[{"not_picked":["Deflect","Acrobatics"],"picked":"Caltrops","floor":1},{"not_picked":["Acrobatics","Cloak And Dagger","Prepared"],"picked":"SKIP","floor":4},{"not_picked":["Bane","Caltrops","Dodge and Roll"],"picked":"SKIP","floor":6},{"not_picked":["Deadly Poison","Cloak And Dagger","Calculated Gamble"],"picked":"SKIP","floor":8},{"not_picked":["Deadly Poison","Well Laid Plans"],"picked":"Blade Dance","floor":11},{"not_picked":["Bullet Time","PiercingWail"],"picked":"Dagger Spray","floor":14},{"not_picked":["Bullet Time","A Thousand Cuts"],"picked":"Tools of the Trade","floor":16},{"not_picked":["PiercingWail","Slice+1"],"picked":"Backflip","floor":18}],"player_experience":361031,"relics_obtained":[{"floor":6,"key":"Blood Vial"},{"floor":8,"key":"Bag of Marbles"},{"floor":9,"key":"The Courier"}],"event_choices":[{"event_name":"Transmorgrifier","player_choice":"Transform","floor":2,"damage_taken":0},{"event_name":"The Cleric","player_choice":"Card Removal","floor":3,"damage_taken":0},{"event_name":"World of Goop","player_choice":"Gather Gold","floor":5,"damage_taken":0},{"event_name":"Big Fish","player_choice":"Banana","floor":13,"damage_taken":0},{"event_name":"Masked Bandits","player_choice":"Fought Bandits","floor":19,"damage_taken":0}],"is_beta":true,"boss_relics":[{"not_picked":["Astrolabe","Coffee Dripper"],"picked":"Snecko Eye"}],"items_purged_floors":[],"is_endless":false,"potions_floor_spawned":[1,4,6],"killed_by":"Masked Bandits","ascension_level":9}