{"gold_per_floor":[112,112,27,46,46,46,80,80,105,140,156,172,206,217,217,291,291,311,311,236,256,181,210,210,210],"floor_reached":25,"playtime":499,"items_purged":["Strike_R"],"score":528,"play_id":"0b6e5c9c-1310-4319-ab59-f55f0d55a06f","local_time":"20190415003747","is_ascension_mode":true,"campfire_choices":[{"data":"Bash","floor":6,"key":"SMITH"},{"data":"Twin Strike","floor":8,"key":"SMITH"},{"floor":15,"key":"REST"},{"floor":24,"key":"REST"}],"neow_cost":"NONE","seed_source_timestamp":386289795440200,"circlet_count":0,"master_deck":["AscendersBane","Strike_R","Strike_R","Defend_R","Defend_R","Defend_R","Bash+1","Pummel","Twin Strike+1","Offering","Heavy Blade","Pummel","Immolate","Disarm+1","Rage+1","Clothesline+1","Double Tap"],"relics":["Burning Blood","NeowsBlessing","Ginger","PreservedInsect","Bottled Flame","Bag of Preparation","Astrolabe","Pear","Centennial Puzzle"],"potions_floor_usage":[10,16,16],"damage_taken":[{"damage":0,"enemies":"Cultist","floor":1,"turns":1},{"damage":0,"enemies":"2 Louse","floor":4,"turns":1},{"damage":0,"enemies":"Lagavulin","floor":7,"turns":1},{"damage":14,"enemies":"Gremlin Nob","floor":10,"turns":3},{"damage":6,"enemies":"Small Slimes","floor":11,"turns":2},{"damage":12,"enemies":"Blue Slaver","floor":12,"turns":3},{"damage":31,"enemies":"3 Sentries","floor":13,"turns":7},{"damage":6,"enemies":"2 Fungi Beasts","floor":14,"turns":4},{"damage":47,"enemies":"Hexaghost","floor":16,"turns":8},{"damage":28,"enemies":"Spheric Guardian","floor":18,"turns":4},{"damage":27,"enemies":"2 Thieves","floor":21,"turns":3},{"damage":21,"enemies":"Book of Stabbing","floor":23,"turns":4},{"damage":0,"enemies":"Snake Plant","floor":25,"turns":1}],"seed_played":"-5831310314825738351","potions_obtained":[{"floor":1,"key":"Strength Potion"},{"floor":4,"key":"AttackPotion"},{"floor":11,"key":"Energy Potion"}],"is_trial":false,"path_per_floor":["M","?","$","M","$","R","E","R","T","E","M","M","E","M","R","B",null,"M","?","?","M","$","E","R","M"],"character_chosen":"IRONCLAD","items_purchased":["Offering"],"campfire_rested":2,"item_purchase_floors":[3],"current_hp_per_floor":[74,74,74,75,75,75,75,75,75,67,67,61,36,36,58,17,61,39,49,49,28,28,13,38,38],"gold":210,"neow_bonus":"THREE_ENEMY_KILL","is_prod":false,"is_daily":false,"chose_seed":false,"campfire_upgraded":2,"win_rate":0,"timestamp":1555281467,"path_taken":["M","?","$","?","?","R","E","R","T","E","M","M","E","M","R","BOSS","M","?","?","M","$","E","R","M"],"build_version":"2019-04-04","purchased_purges":1,"victory":false,"max_hp_per_floor":[75,75,75,75,75,75,75,75,75,75,75,75,75,75,75,75,75,75,85,85,85,85,85,85,85],"card_choices":[{"not_picked":["Flame Barrier","Power Through"],"picked":"Pummel","floor":1},{"not_picked":["Headbutt","Pommel Strike"],"picked":"Heavy Blade","floor":4},{"not_picked":["Clothesline","Iron Wave","Perfected Strike"],"picked":"SKIP","floor":7},{"not_picked":["Searing Blow","Wild Strike","Cleave"],"picked":"SKIP","floor":10},{"not_picked":["Spot Weakness","Twin Strike","Evolve"],"picked":"SKIP","floor":11},{"not_picked":["Spot Weakness","Twin Strike","Evolve"],"picked":"SKIP","floor":11},{"not_picked":["Whirlwind","Warcry","Flex"],"picked":"SKIP","floor":12},{"not_picked":["Shockwave","Brutality"],"picked":"Pummel","floor":13},{"not_picked":["Combust","Sentinel","Twin Strike"],"picked":"SKIP","floor":14},{"not_picked":["Offering","Juggernaut"],"picked":"Immolate","floor":16},{"not_picked":["Blood for Blood+1","Iron Wave","Sever Soul"],"picked":"SKIP","floor":18},{"not_picked":["Havoc","Clash","Shockwave"],"picked":"SKIP","floor":21},{"not_picked":["Headbutt","Pommel Strike"],"picked":"Double Tap","floor":23}],"player_experience":1388615,"relics_obtained":[{"floor":7,"key":"Ginger"},{"floor":9,"key":"PreservedInsect"},{"floor":10,"key":"Bottled Flame"},{"floor":13,"key":"Bag of Preparation"},{"floor":23,"key":"Centennial Puzzle"}],"event_choices":[{"damage_healed":0,"gold_gain":0,"player_choice":"1 cards matched","damage_taken":0,"max_hp_gain":0,"max_hp_loss":0,"event_name":"Match and Keep!","floor":2,"gold_loss":0,"cards_obtained":["Twin Strike"]},{"damage_healed":0,"gold_gain":0,"player_choice":"Opened","damage_taken":0,"relics_obtained":["Pear"],"max_hp_gain":0,"max_hp_loss":0,"event_name":"The Mausoleum","floor":19,"gold_loss":0,"cards_obtained":["Writhe"]},{"cards_removed":["Writhe"],"damage_healed":0,"gold_gain":0,"player_choice":"Gave Gold","damage_taken":0,"max_hp_gain":0,"max_hp_loss":0,"event_name":"Beggar","floor":20,"gold_loss":75}],"is_beta":true,"boss_relics":[{"not_picked":["Eternal Feather","Empty Cage"],"picked":"Astrolabe"}],"items_purged_floors":[22],"is_endless":false,"potions_floor_spawned":[1,4,11,14],"killed_by":"Snake Plant","ascension_level":20}