{"gold_per_floor":[113,126,126,136,136,171,171,202,202,202,214,245,257,277,277,277],"floor_reached":16,"playtime":698,"items_purged":[],"score":153,"play_id":"601a8aa0-32b1-41da-a807-af368e8736be","local_time":"20180907195220","is_ascension_mode":true,"campfire_choices":[{"data":"Wild Strike","floor":7.0,"key":"SMITH"},{"floor":10.0,"key":"REST"},{"data":"True Grit","floor":15,"key":"SMITH"}],"neow_cost":"NONE","seed_source_timestamp":0,"circlet_count":0,"master_deck":["Strike_R","Strike_R","Strike_R","Defend_R","Defend_R","Defend_R","Defend_R","Bash","Burning Pact","Wild Strike+1","Thunderclap","Flex","Berserk","Cleave","Hemokinesis","True Grit+1"],"special_seed":0,"relics":["Burning Blood","Regal Pillow","Peace Pipe","Meat on the Bone","Dream Catcher"],"potions_floor_usage":[16,16],"damage_taken":[{"damage":13.0,"enemies":"Jaw Worm","floor":1.0,"turns":5.0},{"damage":6.0,"enemies":"Cultist","floor":2.0,"turns":4.0},{"damage":0.0,"enemies":"Small Slimes","floor":4.0,"turns":3.0},{"damage":50.0,"enemies":"3 Sentries","floor":6.0,"turns":11.0},{"damage":32.0,"enemies":"Gremlin Nob","floor":8.0,"turns":4.0},{"damage":7.0,"enemies":"2 Fungi Beasts","floor":11.0,"turns":3.0},{"damage":45.0,"enemies":"3 Sentries","floor":12.0,"turns":9.0},{"damage":22.0,"enemies":"Blue Slaver","floor":13.0,"turns":3.0},{"damage":9,"enemies":"Lots of Slimes","floor":14,"turns":2},{"damage":42,"enemies":"Hexaghost","floor":16,"turns":7}],"seed_played":"-9081973132283071155","potions_obtained":[{"floor":4.0,"key":"Strength Potion"},{"floor":8.0,"key":"GamblersBrew"},{"floor":11.0,"key":"SpeedPotion"},{"floor":12.0,"key":"Regen Potion"},{"floor":13,"key":"Poison Potion"}],"is_trial":false,"path_per_floor":["M","M","?","M","?","E","R","E","T","R","M","E","M","M","R"],"character_chosen":"IRONCLAD","items_purchased":[],"campfire_rested":1,"item_purchase_floors":[],"current_hp_per_floor":[73,73,78,84,77,33,33,7,7,47,58,31,32,41,41,0],"gold":277,"neow_bonus":"TRANSFORM_CARD","is_prod":false,"is_daily":false,"chose_seed":false,"campfire_upgraded":2,"win_rate":0,"timestamp":1536375140,"path_taken":["M","M","?","M","?","E","R","E","T","R","M","E","M","M","R","BOSS"],"build_version":"2018-09-06","purchased_purges":0,"victory":false,"max_hp_per_floor":[80,80,85,85,85,85,85,85,85,85,85,85,85,85,85,85],"card_choices":[{"not_picked":["Heavy Blade","True Grit"],"picked":"Wild Strike","floor":1.0},{"not_picked":["Rage","Intimidate"],"picked":"Thunderclap","floor":2.0},{"not_picked":["Thunderclap","Rage","Rampage"],"picked":"SKIP","floor":4.0},{"not_picked":["Iron Wave","Pummel"],"picked":"Flex","floor":6.0},{"not_picked":["Carnage","Battle Trance"],"picked":"Berserk","floor":8.0},{"not_picked":["Sword Boomerang","Headbutt","Clothesline"],"picked":"SKIP","floor":11.0},{"not_picked":["Thunderclap","Reckless Charge"],"picked":"Cleave","floor":12.0},{"not_picked":["Sever Soul","Disarm"],"picked":"Hemokinesis","floor":13},{"not_picked":["Disarm","Twin Strike"],"picked":"True Grit","floor":14}],"player_experience":254698,"relics_obtained":[{"floor":6.0,"key":"Regal Pillow"},{"floor":8.0,"key":"Peace Pipe"},{"floor":9.0,"key":"Meat on the Bone"},{"floor":12.0,"key":"Dream Catcher"}],"event_choices":[{"event_name":"Big Fish","player_choice":"Donut","floor":3.0,"damage_taken":0.0},{"event_name":"Golden Wing","player_choice":"Card Removal","floor":5.0,"damage_taken":0.0}],"is_beta":true,"boss_relics":[],"items_purged_floors":[],"is_endless":false,"potions_floor_spawned":[4,8,11,12,13],"killed_by":"Hexaghost","ascension_level":5}