{"gold_per_floor":[113,113,133,133,144,144,164,184,184,20,20,34,34,54,54,54],"floor_reached":16,"playtime":392,"items_purged":[],"score":188,"play_id":"f073712b-4e7b-46bf-96bd-6e89e49227b9","local_time":"20190322220422","is_ascension_mode":true,"campfire_choices":[{"data":"Bash","floor":6,"key":"SMITH"},{"floor":13,"key":"REST"},{"data":"Flame Barrier","floor":15,"key":"SMITH"}],"neow_cost":"NONE","seed_source_timestamp":164955588103600,"circlet_count":0,"master_deck":["AscendersBane","Strike_R","Strike_R","Strike_R","Strike_R","Strike_R","Defend_R","Defend_R","Defend_R","Defend_R","Bash+1","Pommel Strike","Flame Barrier+1","Inflame+1","Inflame+1"],"relics":["Burning Blood","Potion Belt","Frozen Egg 2","Incense Burner","Vajra","Unceasing Top"],"potions_floor_usage":[12,15,16],"damage_taken":[{"damage":6,"enemies":"2 Louse","floor":1,"turns":4},{"damage":3,"enemies":"Small Slimes","floor":3,"turns":3},{"damage":6,"enemies":"Cultist","floor":5,"turns":3},{"damage":20,"enemies":"3 Louse","floor":7,"turns":5},{"damage":16,"enemies":"Lots of Slimes","floor":8,"turns":6},{"damage":15,"enemies":"Large Slime","floor":12,"turns":7},{"damage":5,"enemies":"2 Fungi Beasts","floor":14,"turns":4},{"damage":42,"enemies":"The Guardian","floor":16,"turns":5}],"seed_played":"-7829963871153094713","potions_obtained":[{"floor":3,"key":"Poison Potion"},{"floor":12,"key":"Poison Potion"},{"floor":14,"key":"Fruit Juice"}],"is_trial":false,"path_per_floor":["M","?","M","?","M","R","M","M","T","$","?","M","R","M","R","B"],"character_chosen":"IRONCLAD","items_purchased":["Vajra"],"campfire_rested":1,"item_purchase_floors":[10],"current_hp_per_floor":[68,42,45,45,45,45,31,21,21,21,21,12,34,35,40,0],"gold":54,"neow_bonus":"RANDOM_COMMON_RELIC","is_prod":false,"is_daily":false,"chose_seed":false,"campfire_upgraded":2,"win_rate":0,"timestamp":1553288662,"path_taken":["M","?","M","?","M","R","?","M","T","$","?","M","R","?","R","BOSS"],"build_version":"2019-03-15","purchased_purges":0,"victory":false,"max_hp_per_floor":[75,75,75,75,75,75,75,75,75,75,75,75,75,75,80,80],"card_choices":[{"not_picked":["Cleave","Spot Weakness","Iron Wave"],"picked":"SKIP","floor":1},{"not_picked":["Clash","Searing Blow"],"picked":"Pommel Strike","floor":3},{"not_picked":["Rampage","Pommel Strike","True Grit"],"picked":"SKIP","floor":5},{"not_picked":["Thunderclap","Havoc"],"picked":"Flame Barrier","floor":7},{"not_picked":["Cleave","Uppercut"],"picked":"Inflame+1","floor":8},{"not_picked":["Battle Trance","Flex"],"picked":"Inflame+1","floor":12},{"not_picked":["Second Wind","Cleave","Combust+1"],"picked":"SKIP","floor":14}],"player_experience":1269582,"relics_obtained":[{"floor":9,"key":"Incense Burner"},{"floor":11,"key":"Unceasing Top"}],"event_choices":[{"damage_healed":0,"gold_gain":0,"player_choice":"Success","damage_taken":26,"relics_obtained":["Frozen Egg 2"],"max_hp_gain":0,"max_hp_loss":0,"event_name":"Scrap Ooze","floor":2,"gold_loss":0},{"damage_healed":0,"gold_gain":0,"player_choice":"0 cards matched","damage_taken":0,"max_hp_gain":0,"max_hp_loss":0,"event_name":"Match and Keep!","floor":4,"gold_loss":0,"cards_obtained":[]},{"damage_healed":0,"gold_gain":0,"player_choice":"Relic","damage_taken":0,"max_hp_gain":0,"max_hp_loss":0,"event_name":"Wheel of Change","floor":11,"gold_loss":0}],"is_beta":true,"boss_relics":[],"items_purged_floors":[],"is_endless":false,"potions_floor_spawned":[3,12,14],"killed_by":"The Guardian","ascension_level":20}