{"gold_per_floor":[119,34,34,109,109,140,218,289,362,378,378,416,416,439,439,532,532,553,553,578,611,626,626,657,657,657,138,161,161,180,224,224,318,318,331,331,331,331,664,690,690,690,716,736,243,274,274],"floor_reached":47,"playtime":1249,"items_purged":["Defend_R","Strike_R"],"score":1250,"play_id":"58e6df5b-6a8b-43a4-824c-d8d9e6b81580","local_time":"20190409221259","is_ascension_mode":true,"campfire_choices":[{"data":"Bash","floor":11,"key":"SMITH"},{"floor":13,"key":"REST"},{"data":"Sword Boomerang","floor":15,"key":"SMITH"},{"floor":23,"key":"REST"},{"data":"Impervious","floor":25,"key":"SMITH"},{"floor":29,"key":"RECALL"},{"data":"Shrug It Off","floor":32,"key":"SMITH"},{"data":"Limit Break","floor":42,"key":"SMITH"}],"neow_cost":"NONE","seed_source_timestamp":198037396786400,"circlet_count":0,"master_deck":["AscendersBane","Strike_R","Strike_R","Strike_R","Strike_R","Defend_R","Defend_R","Defend_R","Bash+1","Sword Boomerang+1","Whirlwind+1","Shrug It Off","Reaper+1","Necronomicurse","Shrug It Off+1","Pummel+1","Impervious+1","Limit Break+1"],"relics":["Burning Blood","NeowsBlessing","Ginger","Molten Egg 2","Art of War","Question Card","Champion Belt","Snecko Eye","Necronomicon","Red Mask","Mango","Strawberry","Lee\u0027s Waffle","Sundial","Busted Crown","Gambling Chip","Kunai","Happy Flower","Pen Nib","Frozen Eye","Boot"],"potions_floor_usage":[8,16,16,31,33],"damage_taken":[{"damage":0,"enemies":"2 Louse","floor":1,"turns":1},{"damage":0,"enemies":"Lagavulin","floor":6,"turns":1},{"damage":0,"enemies":"Gremlin Nob","floor":8,"turns":1},{"damage":0,"enemies":"Small Slimes","floor":10,"turns":2},{"damage":37,"enemies":"3 Sentries","floor":12,"turns":6},{"damage":4,"enemies":"Jaw Worm","floor":14,"turns":4},{"damage":0,"enemies":"Slime Boss","floor":16,"turns":5},{"damage":39,"enemies":"Shell Parasite","floor":18,"turns":7},{"damage":9,"enemies":"3 Byrds","floor":20,"turns":3},{"damage":0,"enemies":"Masked Bandits","floor":21,"turns":1},{"damage":8,"enemies":"Snecko","floor":22,"turns":3},{"damage":14,"enemies":"Slavers","floor":24,"turns":2},{"damage":0,"enemies":"3 Cultists","floor":28,"turns":2},{"damage":10,"enemies":"Centurion and Healer","floor":30,"turns":5},{"damage":23,"enemies":"Book of Stabbing","floor":31,"turns":4},{"damage":18,"enemies":"Automaton","floor":33,"turns":6},{"damage":3,"enemies":"Orb Walker","floor":35,"turns":3},{"damage":19,"enemies":"Reptomancer","floor":40,"turns":4},{"damage":0,"enemies":"3 Darklings","floor":44,"turns":1},{"damage":65,"enemies":"Nemesis","floor":46,"turns":5},{"damage":44,"enemies":"Sphere and 2 Shapes","floor":47,"turns":1}],"seed_played":"5953060235446495746","potions_obtained":[{"floor":6,"key":"PowerPotion"},{"floor":8,"key":"Fruit Juice"},{"floor":12,"key":"PowerPotion"},{"floor":21,"key":"Weak Potion"},{"floor":31,"key":"Weak Potion"},{"floor":40,"key":"LiquidBronze"}],"is_trial":false,"path_per_floor":["M","$","?","?","?","E","T","?","T","M","R","E","R","M","R","B",null,"M","?","M","?","M","R","E","R","T","$","M","R","M","E","R","B",null,"M","?","?","$","?","E","T","R","T","M","$","E","M"],"character_chosen":"IRONCLAD","items_purchased":["Whirlwind","Strawberry","Lee\u0027s Waffle","Energy Potion","Pen Nib","Frozen Eye"],"campfire_rested":2,"item_purchase_floors":[2,27,27,27,45,45],"current_hp_per_floor":[74,74,74,63,37,43,43,54,54,60,60,29,53,55,55,61,75,47,26,32,38,41,65,71,71,71,108,108,108,104,94,94,87,103,106,106,103,103,103,103,103,103,103,103,103,44,0],"gold":274,"neow_bonus":"THREE_ENEMY_KILL","is_prod":false,"is_daily":false,"chose_seed":false,"campfire_upgraded":5,"win_rate":0,"timestamp":1554840779,"path_taken":["M","$","?","?","?","E","?","?","T","M","R","E","R","M","R","BOSS","M","?","M","?","M","R","E","R","T","?","M","R","M","E","R","BOSS","M","?","?","$","?","E","?","R","T","M","$","E","M"],"build_version":"2019-04-04","purchased_purges":2,"victory":false,"max_hp_per_floor":[75,75,75,75,75,75,75,80,80,80,80,80,80,80,80,80,80,80,80,80,80,80,80,94,94,94,108,108,108,108,108,108,108,108,108,108,103,103,103,103,103,103,103,103,103,103,103],"card_choices":[{"not_picked":["Clash","Clothesline"],"picked":"Sword Boomerang","floor":1},{"not_picked":["Power Through","Feel No Pain"],"picked":"Shrug It Off","floor":6},{"not_picked":["Havoc","Disarm","Clash+1","Body Slam+1"],"picked":"SKIP","floor":10},{"not_picked":["Reckless Charge+1","Flex","Rupture","Spot Weakness"],"picked":"SKIP","floor":12},{"not_picked":["Hemokinesis+1","Clash+1","Perfected Strike+1","Infernal Blade"],"picked":"SKIP","floor":14},{"not_picked":["Fiend Fire+1","Immolate+1","Exhume"],"picked":"Reaper+1","floor":16},{"not_picked":["Headbutt+1","Whirlwind+1","Infernal Blade","Searing Blow+1"],"picked":"SKIP","floor":18},{"not_picked":["Anger+1","Wild Strike+1","Rupture","Havoc"],"picked":"SKIP","floor":20},{"not_picked":["Sentinel","Disarm","Flex"],"picked":"Shrug It Off","floor":21},{"not_picked":["Clash+1","Flame Barrier","Flex+1"],"picked":"Pummel+1","floor":22},{"not_picked":["Reckless Charge+1","Armaments","Cleave+1"],"picked":"Impervious","floor":24},{"not_picked":["Armaments","Anger+1","Perfected Strike+1","Heavy Blade+1"],"picked":"SKIP","floor":28},{"not_picked":["Perfected Strike+1","Rage+1","Infernal Blade","Havoc"],"picked":"SKIP","floor":30},{"not_picked":["Heavy Blade+1","Seeing Red","Sword Boomerang+1","Warcry"],"picked":"SKIP","floor":31},{"not_picked":["Barricade","Double Tap","Fiend Fire+1"],"picked":"Limit Break","floor":33},{"not_picked":["Anger+1","Thunderclap+1"],"picked":"SKIP","floor":35},{"not_picked":["Spot Weakness","Anger+1"],"picked":"SKIP","floor":40},{"not_picked":["Anger+1","Pummel+1"],"picked":"SKIP","floor":44},{"not_picked":["Evolve+1","Feel No Pain"],"picked":"SKIP","floor":46}],"player_experience":1352176,"relics_obtained":[{"floor":6,"key":"Ginger"},{"floor":7,"key":"Molten Egg 2"},{"floor":8,"key":"Art of War"},{"floor":9,"key":"Question Card"},{"floor":12,"key":"Champion Belt"},{"floor":19,"key":"Necronomicon"},{"floor":21,"key":"Red Mask"},{"floor":24,"key":"Mango"},{"floor":31,"key":"Sundial"},{"floor":40,"key":"Gambling Chip"},{"floor":41,"key":"Kunai"},{"floor":43,"key":"Happy Flower"},{"floor":46,"key":"Boot"}],"event_choices":[{"damage_healed":0,"gold_gain":0,"player_choice":"Grow","damage_taken":0,"max_hp_gain":0,"max_hp_loss":0,"event_name":"Living Wall","floor":3,"gold_loss":0,"cards_upgraded":["Whirlwind"]},{"damage_healed":0,"gold_gain":75,"player_choice":"Gather Gold","damage_taken":11,"max_hp_gain":0,"max_hp_loss":0,"event_name":"World of Goop","floor":4,"gold_loss":0},{"damage_healed":0,"gold_gain":0,"player_choice":"Take Damage","damage_taken":26,"relics_obtained":["Golden Idol"],"max_hp_gain":0,"max_hp_loss":0,"event_name":"Golden Idol","floor":5,"gold_loss":0},{"damage_healed":0,"gold_gain":30,"player_choice":"Searched \u00272\u0027 times","damage_taken":0,"max_hp_gain":0,"max_hp_loss":0,"event_name":"Dead Adventurer","floor":8,"gold_loss":0},{"damage_healed":0,"gold_gain":0,"player_choice":"Obtained Book","damage_taken":21,"max_hp_gain":0,"max_hp_loss":0,"event_name":"Cursed Tome","floor":19,"gold_loss":0},{"damage_healed":0,"gold_gain":0,"player_choice":"Fought Bandits","damage_taken":0,"max_hp_gain":0,"max_hp_loss":0,"event_name":"Masked Bandits","floor":21,"gold_loss":0},{"damage_healed":0,"gold_gain":0,"player_choice":"Memory 1","damage_taken":0,"max_hp_gain":0,"max_hp_loss":0,"event_name":"SensoryStone","floor":36,"gold_loss":0},{"damage_healed":0,"gold_gain":0,"player_choice":"Max HP","damage_taken":0,"max_hp_gain":0,"max_hp_loss":5,"event_name":"Winding Halls","floor":37,"gold_loss":0},{"damage_healed":0,"gold_gain":333,"player_choice":"Gave Idol","damage_taken":0,"max_hp_gain":0,"max_hp_loss":0,"event_name":"The Moai Head","floor":39,"relics_lost":["Golden Idol"],"gold_loss":0}],"is_beta":true,"boss_relics":[{"not_picked":["Runic Dome","Runic Cube"],"picked":"Snecko Eye"},{"not_picked":["Pandora\u0027s Box","Black Star"],"picked":"Busted Crown"}],"items_purged_floors":[27,45],"is_endless":false,"potions_floor_spawned":[6,8,12,21,30,31,40,46],"killed_by":"Sphere and 2 Shapes","ascension_level":20}