{"path_per_floor":["M","?"],"character_chosen":"THE_SILENT","items_purchased":[],"gold_per_floor":[114,114],"floor_reached":3,"campfire_rested":0,"playtime":101,"current_hp_per_floor":[67,67],"items_purged":[],"gold":114,"score":17,"play_id":"ee91cad8-187e-4289-a805-f2644e42a576","local_time":"20180303150756","daily_mods":[{"name":"All Star","description":"Start with 2 colorless cards.","modID":"Allstar","img":{"data":{"file":{"file":{"path":"images\\ui\\run_mods\\all_star.png"},"type":"Internal"},"width":64,"height":64,"format":"RGBA8888","useMipMaps":false,"isPrepared":false},"glTarget":3553,"glHandle":684,"minFilter":"Linear","magFilter":"Linear","uWrap":"ClampToEdge","vWrap":"ClampToEdge"},"positive":true},{"name":"Lethal Enemies","description":"All enemies start with +3 Strength.","modID":"Lethal Enemies","img":{"data":{"file":{"file":{"path":"images\\ui\\run_mods\\lethal_enemies.png"},"type":"Internal"},"width":64,"height":64,"format":"RGBA8888","useMipMaps":false,"isPrepared":false},"glTarget":3553,"glHandle":675,"minFilter":"Linear","magFilter":"Linear","uWrap":"ClampToEdge","vWrap":"ClampToEdge"},"positive":false},{"name":"Elite Swarm","description":"Elite enemies are swarming the Spire.","modID":"Elite Swarm","img":{"data":{"file":{"file":{"path":"images\\ui\\run_mods\\elite_swarm.png"},"type":"Internal"},"width":64,"height":64,"format":"RGBA8888","useMipMaps":false,"isPrepared":false},"glTarget":3553,"glHandle":674,"minFilter":"Linear","magFilter":"Linear","uWrap":"ClampToEdge","vWrap":"ClampToEdge"},"positive":false},{"name":"Restless Journey","description":"You no longer heal when entering new acts.","modID":"Restless Journey","img":{"data":{"file":{"file":{"path":"images\\ui\\run_mods\\restless_journey.png"},"type":"Internal"},"width":64,"height":64,"format":"RGBA8888","useMipMaps":false,"isPrepared":false},"glTarget":3553,"glHandle":676,"minFilter":"Linear","magFilter":"Linear","uWrap":"ClampToEdge","vWrap":"ClampToEdge"},"positive":false}],"is_prod":false,"is_daily":true,"is_ascension_mode":false,"campfire_upgraded":0,"timestamp":1520086076,"path_taken":["M","?","M"],"build_version":"2018-03-01-PROD1","purchased_purges":0,"victory":false,"master_deck":["Defend_G","Defend_G","Defend_G","Defend_G","Defend_G","Strike_G","Strike_G","Strike_G","Strike_G","Strike_G","Survivor","Neutralize","Dark Shackles","Purity","Sucker Punch"],"max_hp_per_floor":[70,70],"relics":["Ring of the Snake"],"card_choices":[{"not_picked":["Flechettes","Choke"],"picked":"Sucker Punch"}],"player_experience":244578,"potions_floor_usage":[],"damage_taken":[{"damage":3,"enemies":"Small Slimes","floor":1,"turns":4},{"damage":0,"enemies":"Cultist","floor":3,"turns":2}],"event_choices":[{"event_name":"The Lab","player_choice":"Got Potions","floor":2,"damage_taken":0}],"boss_relics":[],"potions_floor_spawned":[],"seed_played":"7095695899989429765","killed_by":"Cultist","ascension_level":0,"is_trial":false}