{"gold_per_floor":[362,362,387,387,402,436,436,436,516,516,549,549,574,598,598,598],"floor_reached":16,"playtime":508,"items_purged":[],"score":110,"play_id":"b8a861e3-dfbf-478c-b5fa-99da2f343759","local_time":"20190307153957","is_ascension_mode":false,"campfire_choices":[{"floor":8,"key":"REST"},{"floor":10,"key":"RECALL"},{"data":"Double Tap","floor":15,"key":"SMITH"}],"neow_cost":"TEN_PERCENT_HP_LOSS","seed_source_timestamp":437372108663900,"circlet_count":0,"master_deck":["Strike_R","Strike_R","Strike_R","Strike_R","Strike_R","Defend_R","Defend_R","Defend_R","Bash+1","Double Tap+1","Shrug It Off"],"relics":["Burning Blood","Golden Idol","Regal Pillow","Pantograph","Boot","Matryoshka"],"potions_floor_usage":[6,13,14,16],"damage_taken":[{"damage":1,"enemies":"Cultist","floor":1,"turns":3},{"damage":0,"enemies":"Small Slimes","floor":3,"turns":3},{"damage":4,"enemies":"2 Louse","floor":5,"turns":3},{"damage":36,"enemies":"Gremlin Nob","floor":6,"turns":5},{"damage":57,"enemies":"3 Sentries","floor":11,"turns":11},{"damage":0,"enemies":"Red Slaver","floor":13,"turns":4},{"damage":8,"enemies":"Lots of Slimes","floor":14,"turns":5},{"damage":46,"enemies":"Slime Boss","floor":16,"turns":7}],"seed_played":"2589683983509339332","potions_obtained":[{"floor":1,"key":"SteroidPotion"},{"floor":3,"key":"EssenceOfSteel"},{"floor":11,"key":"Strength Potion"},{"floor":13,"key":"Strength Potion"},{"floor":14,"key":"LiquidBronze"}],"is_trial":false,"path_per_floor":["M","?","M","?","M","E","?","R","T","R","E","T","M","M","R","B"],"character_chosen":"IRONCLAD","items_purchased":[],"campfire_rested":1,"item_purchase_floors":[],"current_hp_per_floor":[72,54,60,53,55,25,25,61,61,61,10,10,16,14,14,0],"gold":598,"neow_bonus":"TWO_FIFTY_GOLD","is_prod":false,"is_daily":false,"chose_seed":false,"campfire_upgraded":1,"win_rate":0,"timestamp":1551969597,"path_taken":["M","?","M","?","M","E","?","R","T","R","E","?","M","M","R","BOSS"],"build_version":"2019-02-06","purchased_purges":0,"victory":false,"max_hp_per_floor":[72,72,72,72,72,72,72,72,72,72,72,72,72,72,72,72],"card_choices":[{"not_picked":["Intimidate","Perfected Strike","Pommel Strike"],"picked":"SKIP","floor":1},{"not_picked":["Blood for Blood","Iron Wave","Evolve"],"picked":"SKIP","floor":3},{"not_picked":["Headbutt","Iron Wave","Flex"],"picked":"SKIP","floor":5},{"not_picked":["Thunderclap","Shockwave","Perfected Strike"],"picked":"SKIP","floor":6},{"not_picked":["Rampage","Ghostly Armor"],"picked":"Double Tap","floor":11},{"not_picked":["Twin Strike","Perfected Strike"],"picked":"Shrug It Off","floor":13},{"not_picked":["Infernal Blade","Thunderclap","Flex"],"picked":"SKIP","floor":14}],"player_experience":1226717,"relics_obtained":[{"floor":6,"key":"Regal Pillow"},{"floor":9,"key":"Pantograph"},{"floor":11,"key":"Boot"},{"floor":12,"key":"Matryoshka"}],"event_choices":[{"damage_healed":0,"gold_gain":0,"player_choice":"Take Damage","damage_taken":18,"relics_obtained":["Golden Idol"],"max_hp_gain":0,"max_hp_loss":0,"event_name":"Golden Idol","floor":2,"gold_loss":0},{"cards_removed":["Defend_R"],"damage_healed":0,"gold_gain":0,"player_choice":"Card Removal","damage_taken":7,"max_hp_gain":0,"max_hp_loss":0,"event_name":"Golden Wing","floor":4,"gold_loss":0},{"damage_healed":0,"gold_gain":0,"player_choice":"Grow","damage_taken":0,"max_hp_gain":0,"max_hp_loss":0,"event_name":"Living Wall","floor":7,"gold_loss":0,"cards_upgraded":["Bash"]}],"is_beta":true,"boss_relics":[],"items_purged_floors":[],"is_endless":false,"potions_floor_spawned":[1,3,11,13,14],"killed_by":"Slime Boss","ascension_level":0}