{"gold_per_floor":[113,113,33,51,51,51,84,84,84,117,138,161,190,217,229,314,326,349,209,209,229,229,229,264,284,330,343,343,360,376,394,394,394],"floor_reached":33,"playtime":938,"items_purged":["Defend_R"],"score":620,"play_id":"4c50ac76-485e-4654-b6d9-fbc7d243373f","local_time":"20190412235348","is_ascension_mode":true,"campfire_choices":[{"data":"Bash","floor":6,"key":"SMITH"},{"data":"Immolate","floor":8,"key":"SMITH"},{"data":"Heavy Blade","floor":15,"key":"SMITH"},{"data":"Impervious","floor":23,"key":"SMITH"},{"floor":28,"key":"REST"},{"floor":32,"key":"REST"}],"neow_cost":"NONE","seed_source_timestamp":210406582993600,"circlet_count":0,"master_deck":["AscendersBane","Strike_R","Strike_R","Strike_R","Strike_R","Defend_R","Defend_R+1","Bash+1","Heavy Blade+1","Immolate+1","Shrug It Off","Sword Boomerang","Flame Barrier+1","Impervious+1","Inflame+1","Dropkick","Twin Strike","Shrug It Off+1"],"relics":["Burning Blood","NeowsBlessing","StoneCalendar","Vajra","Odd Mushroom","War Paint","MawBank","Lizard Tail","Bronze Scales"],"potions_floor_usage":[13,16,24,29,33],"damage_taken":[{"damage":0,"enemies":"Jaw Worm","floor":1,"turns":1},{"damage":0,"enemies":"Small Slimes","floor":4,"turns":1},{"damage":0,"enemies":"Gremlin Nob","floor":7,"turns":1},{"damage":22,"enemies":"3 Sentries","floor":10,"turns":6},{"damage":0,"enemies":"The Mushroom Lair","floor":11,"turns":2},{"damage":28,"enemies":"Lagavulin","floor":13,"turns":7},{"damage":0,"enemies":"Cultist","floor":14,"turns":2},{"damage":12,"enemies":"Hexaghost","floor":16,"turns":9},{"damage":14,"enemies":"2 Thieves","floor":18,"turns":4},{"damage":0,"enemies":"3 Byrds","floor":21,"turns":2},{"damage":10,"enemies":"Gremlin Leader","floor":24,"turns":6},{"damage":4,"enemies":"3 Cultists","floor":25,"turns":4},{"damage":41,"enemies":"Chosen and Byrds","floor":27,"turns":5},{"damage":37,"enemies":"Cultist and Chosen","floor":29,"turns":6},{"damage":5,"enemies":"Snecko","floor":30,"turns":3},{"damage":18,"enemies":"3 Cultists","floor":31,"turns":5},{"damage":124,"enemies":"Automaton","floor":33,"turns":10}],"seed_played":"7673720465276908490","potions_obtained":[{"floor":4,"key":"PowerPotion"},{"floor":7,"key":"Ancient Potion"},{"floor":10,"key":"Block Potion"},{"floor":16,"key":"FearPotion"},{"floor":21,"key":"Explosive Potion"},{"floor":24,"key":"Dexterity Potion"},{"floor":25,"key":"SteroidPotion"}],"is_trial":false,"path_per_floor":["M","?","$","M","$","R","E","R","T","E","?","T","E","M","R","B",null,"M","$","?","M","?","R","E","M","T","M","R","M","M","M","R","B"],"character_chosen":"IRONCLAD","items_purchased":["Immolate","Inflame"],"campfire_rested":2,"item_purchase_floors":[3,19],"current_hp_per_floor":[74,67,67,73,73,73,75,75,75,59,65,65,43,49,49,43,67,59,59,59,65,65,65,61,63,63,28,50,19,20,8,30,0],"gold":394,"neow_bonus":"THREE_ENEMY_KILL","is_prod":false,"is_daily":false,"chose_seed":false,"campfire_upgraded":4,"win_rate":0,"timestamp":1555106028,"path_taken":["M","?","$","M","$","R","E","R","T","E","?","?","E","?","R","BOSS","M","?","?","?","?","R","E","M","T","M","R","M","M","M","R","BOSS"],"build_version":"2019-04-04","purchased_purges":1,"victory":false,"max_hp_per_floor":[75,75,75,75,75,75,75,75,75,75,75,75,75,75,75,75,75,75,75,75,75,75,75,75,75,75,75,75,75,75,75,75,75],"card_choices":[{"not_picked":["Combust","Body Slam"],"picked":"Heavy Blade","floor":1},{"not_picked":["Wild Strike","True Grit"],"picked":"Shrug It Off","floor":4},{"not_picked":["Carnage","Infernal Blade","Shockwave"],"picked":"SKIP","floor":7},{"not_picked":["Hemokinesis","Anger"],"picked":"Sword Boomerang","floor":10},{"not_picked":["Clothesline","Hemokinesis"],"picked":"Flame Barrier","floor":11},{"not_picked":["Reaper","Sword Boomerang","Cleave"],"picked":"SKIP","floor":13},{"not_picked":["Flex","Cleave","Whirlwind"],"picked":"SKIP","floor":14},{"not_picked":["Dark Embrace","Exhume"],"picked":"Impervious","floor":16},{"not_picked":["Corruption","Whirlwind","Reckless Charge"],"picked":"SKIP","floor":18},{"not_picked":["Clothesline","Bloodletting+1","Heavy Blade"],"picked":"SKIP","floor":21},{"not_picked":["Havoc","Sever Soul"],"picked":"Twin Strike","floor":24},{"not_picked":["Perfected Strike+1","Heavy Blade","Flame Barrier"],"picked":"SKIP","floor":25},{"not_picked":["Iron Wave","Perfected Strike","Corruption"],"picked":"SKIP","floor":27},{"not_picked":["Twin Strike","Sever Soul","Flex"],"picked":"SKIP","floor":29},{"not_picked":["Dual Wield","Wild Strike"],"picked":"Shrug It Off+1","floor":30},{"not_picked":["Fire Breathing","Warcry","Havoc"],"picked":"SKIP","floor":31}],"player_experience":1376281,"relics_obtained":[{"floor":7,"key":"StoneCalendar"},{"floor":10,"key":"Vajra"},{"floor":11,"key":"Odd Mushroom"},{"floor":12,"key":"War Paint"},{"floor":13,"key":"MawBank"},{"floor":24,"key":"Bronze Scales"}],"event_choices":[{"cards_removed":["Defend_R"],"damage_healed":0,"gold_gain":0,"player_choice":"Card Removal","damage_taken":7,"max_hp_gain":0,"max_hp_loss":0,"event_name":"Golden Wing","floor":2,"gold_loss":0},{"damage_healed":0,"gold_gain":0,"player_choice":"Fought Mushrooms","damage_taken":0,"max_hp_gain":0,"max_hp_loss":0,"event_name":"Mushrooms","floor":11,"gold_loss":0},{"damage_healed":0,"gold_gain":0,"cards_transformed":["Strike_R"],"player_choice":"Transformed","damage_taken":0,"max_hp_gain":0,"max_hp_loss":0,"event_name":"Transmorgrifier","floor":20,"gold_loss":0,"cards_obtained":["Dropkick"]},{"damage_healed":0,"gold_gain":0,"player_choice":"Upgraded","damage_taken":0,"max_hp_gain":0,"max_hp_loss":0,"event_name":"Upgrade Shrine","floor":22,"gold_loss":0,"cards_upgraded":["Inflame"]}],"is_beta":true,"boss_relics":[{"not_picked":["Pandora\u0027s Box","Fusion Hammer"],"picked":"Lizard Tail"}],"items_purged_floors":[19],"is_endless":false,"potions_floor_spawned":[4,7,10,16,21,24,25],"killed_by":"Automaton","ascension_level":20}