{"gold_per_floor":[119,119,119,119,44,69,69,94,94,111,111,145,158,178,178,255,255,271,321,321,340,340,340,373,288,288,323,323,340,353,369,369,369],"floor_reached":33,"playtime":783,"items_purged":[],"score":691,"play_id":"accac856-2708-4edb-93fd-da61d6d7da4b","local_time":"20190426211307","is_ascension_mode":true,"campfire_choices":[{"data":"True Grit","floor":7,"key":"SMITH"},{"data":"Shrug It Off","floor":11,"key":"SMITH"},{"data":"Sword Boomerang","floor":15,"key":"SMITH"},{"data":"Twin Strike","floor":23,"key":"SMITH"},{"data":"Feed","floor":28,"key":"SMITH"},{"floor":32,"key":"REST"}],"neow_cost":"NONE","seed_source_timestamp":1410598098275900,"circlet_count":0,"master_deck":["AscendersBane","Defend_R","Defend_R","Defend_R","Defend_R","Bash+1","True Grit+1","Shrug It Off+1","Sword Boomerang+1","Feed+1","Twin Strike+1","Twin Strike+1","Bite","Bite","Bite","Bite","Bite","Sword Boomerang+1","Pummel+1"],"relics":["Burning Blood","NeowsBlessing","Dodecahedron","Charon\u0027s Ashes","Mercury Hourglass","Red Skull","Paper Frog","The Courier","Orrery","MutagenicStrength","Red Mask","PreservedInsect","Molten Egg 2"],"potions_floor_usage":[16,27,30,33,33],"damage_taken":[{"damage":0,"enemies":"2 Louse","floor":1,"turns":1},{"damage":0,"enemies":"Lagavulin","floor":6,"turns":2},{"damage":0,"enemies":"Gremlin Nob","floor":8,"turns":1},{"damage":0,"enemies":"Jaw Worm","floor":10,"turns":2},{"damage":15,"enemies":"Lagavulin","floor":12,"turns":6},{"damage":0,"enemies":"Small Slimes","floor":13,"turns":4},{"damage":0,"enemies":"2 Fungi Beasts","floor":14,"turns":3},{"damage":62,"enemies":"Hexaghost","floor":16,"turns":9},{"damage":33,"enemies":"3 Byrds","floor":18,"turns":5},{"damage":11,"enemies":"2 Thieves","floor":21,"turns":2},{"damage":31,"enemies":"Masked Bandits","floor":24,"turns":4},{"damage":14,"enemies":"Slavers","floor":27,"turns":3},{"damage":0,"enemies":"Snecko","floor":29,"turns":2},{"damage":18,"enemies":"Snake Plant","floor":30,"turns":2},{"damage":22,"enemies":"Sentry and Sphere","floor":31,"turns":4},{"damage":72,"enemies":"Collector","floor":33,"turns":6}],"seed_played":"936910057225192669","potions_obtained":[{"floor":1,"key":"Poison Potion"},{"floor":13,"key":"Dexterity Potion"},{"floor":16,"key":"Dexterity Potion"},{"floor":21,"key":"LiquidBronze"},{"floor":27,"key":"Dexterity Potion"},{"floor":31,"key":"FearPotion"}],"is_trial":false,"path_per_floor":["M","?","?","?","?","E","R","E","T","M","R","E","M","M","R","B",null,"M","?","?","M","?","R","?","?","T","E","R","M","M","M","R","B"],"character_chosen":"IRONCLAD","items_purchased":[],"campfire_rested":1,"item_purchase_floors":[],"current_hp_per_floor":[74,74,74,63,63,69,69,75,75,75,75,66,72,75,75,19,61,37,37,37,35,35,35,21,21,21,24,24,42,34,28,47,0],"gold":369,"neow_bonus":"THREE_ENEMY_KILL","is_prod":false,"is_daily":false,"chose_seed":false,"campfire_upgraded":5,"win_rate":0,"timestamp":1556305987,"path_taken":["M","?","?","?","?","E","R","E","T","M","R","E","M","M","R","BOSS","M","?","?","M","?","R","?","?","T","E","R","M","M","M","R","BOSS"],"build_version":"2019-04-23","purchased_purges":0,"victory":false,"max_hp_per_floor":[75,75,75,75,75,75,75,75,75,75,75,75,75,75,75,75,75,78,78,78,81,56,56,59,59,59,62,62,66,66,66,66,66],"card_choices":[{"not_picked":["Carnage","Clothesline","Clash"],"picked":"SKIP","floor":1},{"not_picked":["Iron Wave","Berserk"],"picked":"True Grit","floor":6},{"not_picked":["Barricade","Perfected Strike"],"picked":"Shrug It Off","floor":8},{"not_picked":["Pommel Strike","Havoc","Spot Weakness"],"picked":"SKIP","floor":10},{"not_picked":["Sever Soul","Armaments","Headbutt"],"picked":"SKIP","floor":12},{"not_picked":["Perfected Strike","Clash","Barricade"],"picked":"SKIP","floor":13},{"not_picked":["Blood for Blood","Rupture"],"picked":"Sword Boomerang","floor":14},{"not_picked":["Dark Embrace","Bludgeon"],"picked":"Feed","floor":16},{"not_picked":["Heavy Blade","Anger"],"picked":"Twin Strike","floor":17},{"not_picked":["Spot Weakness","Clash"],"picked":"Twin Strike+1","floor":18},{"not_picked":["Metallicize","Perfected Strike","Reaper"],"picked":"SKIP","floor":21},{"not_picked":["Perfected Strike+1","Disarm","Pommel Strike"],"picked":"SKIP","floor":27},{"not_picked":["Body Slam+1","Perfected Strike+1"],"picked":"Sword Boomerang+1","floor":29},{"not_picked":["Clash+1","Shockwave","Pommel Strike+1"],"picked":"SKIP","floor":30},{"not_picked":["Dark Embrace","Anger+1"],"picked":"Pummel+1","floor":31}],"player_experience":1411396,"relics_obtained":[{"floor":6,"key":"Mercury Hourglass"},{"floor":8,"key":"Red Skull"},{"floor":9,"key":"Paper Frog"},{"floor":12,"key":"The Courier"},{"floor":24,"key":"Red Mask"},{"floor":27,"key":"Molten Egg 2"}],"event_choices":[{"damage_healed":0,"gold_gain":0,"player_choice":"Grow","damage_taken":0,"max_hp_gain":0,"max_hp_loss":0,"event_name":"Living Wall","floor":2,"gold_loss":0,"cards_upgraded":["Bash"]},{"damage_healed":0,"gold_gain":0,"player_choice":"Box","damage_taken":0,"relics_obtained":["Dodecahedron"],"max_hp_gain":0,"max_hp_loss":0,"event_name":"Big Fish","floor":3,"gold_loss":0,"cards_obtained":["Regret"]},{"damage_healed":0,"gold_gain":0,"player_choice":"Success","damage_taken":11,"relics_obtained":["Charon\u0027s Ashes"],"max_hp_gain":0,"max_hp_loss":0,"event_name":"Scrap Ooze","floor":4,"gold_loss":0},{"cards_removed":["Regret"],"damage_healed":0,"gold_gain":0,"player_choice":"Card Removal","damage_taken":0,"max_hp_gain":0,"max_hp_loss":0,"event_name":"The Cleric","floor":5,"gold_loss":75},{"damage_healed":0,"gold_gain":50,"player_choice":"Stole From Cult","damage_taken":0,"max_hp_gain":0,"max_hp_loss":0,"event_name":"Nest","floor":19,"gold_loss":0},{"damage_healed":0,"gold_gain":0,"player_choice":"Inject Mutagens","damage_taken":0,"relics_obtained":["MutagenicStrength"],"max_hp_gain":0,"max_hp_loss":0,"event_name":"Drug Dealer","floor":20,"gold_loss":0},{"damage_healed":0,"gold_gain":0,"player_choice":"Became a vampire","damage_taken":0,"max_hp_gain":0,"max_hp_loss":25,"event_name":"Vampires","floor":22,"gold_loss":0,"cards_obtained":["Bite","Bite","Bite","Bite","Bite"]},{"damage_healed":0,"gold_gain":0,"player_choice":"Fought Bandits","damage_taken":0,"max_hp_gain":0,"max_hp_loss":0,"event_name":"Masked Bandits","floor":24,"gold_loss":0},{"damage_healed":0,"gold_gain":0,"player_choice":"Obtained Relic","damage_taken":0,"relics_obtained":["PreservedInsect"],"max_hp_gain":0,"max_hp_loss":0,"event_name":"Addict","floor":25,"gold_loss":85}],"is_beta":true,"boss_relics":[{"not_picked":["Coffee Dripper","Mark of Pain"],"picked":"Orrery"}],"items_purged_floors":[],"is_endless":false,"potions_floor_spawned":[1,13,14,16,21,27,31],"killed_by":"Collector","ascension_level":20}