{"gold_per_floor":[112,125,125,125,66,66,66,97,150,168,182,196,225,244,244,244],"floor_reached":16,"playtime":338,"items_purged":[],"score":274,"play_id":"16d5c3d2-307e-41ef-b4f3-20c0a78e5a45","local_time":"20190415210745","is_ascension_mode":true,"campfire_choices":[{"data":"Bash","floor":6,"key":"SMITH"},{"data":"Twin Strike","floor":15,"key":"SMITH"}],"neow_cost":"NONE","seed_source_timestamp":460252211501600,"circlet_count":0,"master_deck":["AscendersBane","Strike_R","Strike_R","Strike_R","Strike_R+1","Strike_R","Defend_R","Defend_R+1","Defend_R","Defend_R","Bash+1","Heavy Blade","Shrug It Off","Parasite","Twin Strike+1","Shrug It Off"],"relics":["Burning Blood","NeowsBlessing","Charon\u0027s Ashes","Self Forming Clay","Tiny Chest","Bag of Preparation"],"potions_floor_usage":[2,16],"damage_taken":[{"damage":0,"enemies":"Small Slimes","floor":1,"turns":1},{"damage":0,"enemies":"2 Louse","floor":2,"turns":1},{"damage":0,"enemies":"Gremlin Nob","floor":8,"turns":1},{"damage":1,"enemies":"Cultist","floor":10,"turns":3},{"damage":7,"enemies":"Exordium Wildlife","floor":11,"turns":4},{"damage":20,"enemies":"Exordium Thugs","floor":12,"turns":5},{"damage":42,"enemies":"3 Sentries","floor":13,"turns":8},{"damage":3,"enemies":"Looter","floor":14,"turns":3},{"damage":27,"enemies":"Slime Boss","floor":16,"turns":7}],"seed_played":"-2520541493741613336","potions_obtained":[{"floor":1,"key":"Weak Potion"},{"floor":2,"key":"Fruit Juice"},{"floor":14,"key":"FearPotion"}],"is_trial":false,"path_per_floor":["M","M","?","?","$","R","?","E","T","M","M","M","E","M","R","B"],"character_chosen":"IRONCLAD","items_purchased":["Shrug It Off"],"campfire_rested":0,"item_purchase_floors":[5],"current_hp_per_floor":[74,80,75,51,51,51,71,77,77,80,79,65,29,32,32,5],"gold":244,"neow_bonus":"THREE_ENEMY_KILL","is_prod":false,"is_daily":false,"chose_seed":false,"campfire_upgraded":2,"win_rate":0,"timestamp":1555355265,"path_taken":["M","M","?","?","$","R","?","E","T","M","M","M","E","M","R","BOSS"],"build_version":"2019-04-04","purchased_purges":0,"victory":false,"max_hp_per_floor":[75,80,80,80,80,80,80,80,80,80,80,80,80,80,80,80],"card_choices":[{"not_picked":["Battle Trance","Headbutt","Evolve"],"picked":"SKIP","floor":1},{"not_picked":["Intimidate","Iron Wave"],"picked":"Heavy Blade","floor":2},{"not_picked":["Fire Breathing","Berserk"],"picked":"Twin Strike","floor":8},{"not_picked":["Reckless Charge","Entrench"],"picked":"Shrug It Off","floor":10},{"not_picked":["Warcry","Blood for Blood","Havoc"],"picked":"SKIP","floor":11},{"not_picked":["Twin Strike","Body Slam","Searing Blow"],"picked":"SKIP","floor":12},{"not_picked":["Body Slam","Havoc","Shockwave"],"picked":"SKIP","floor":13},{"not_picked":["Headbutt","Body Slam","Twin Strike"],"picked":"SKIP","floor":14}],"player_experience":1390563,"relics_obtained":[{"floor":8,"key":"Self Forming Clay"},{"floor":9,"key":"Tiny Chest"},{"floor":13,"key":"Bag of Preparation"}],"event_choices":[{"damage_healed":0,"gold_gain":0,"player_choice":"Success","damage_taken":5,"relics_obtained":["Charon\u0027s Ashes"],"max_hp_gain":0,"max_hp_loss":0,"event_name":"Scrap Ooze","floor":3,"gold_loss":0},{"damage_healed":0,"gold_gain":0,"player_choice":"Entered Light","damage_taken":24,"max_hp_gain":0,"max_hp_loss":0,"event_name":"Shining Light","floor":4,"gold_loss":0,"cards_upgraded":["Defend_R","Strike_R"]},{"damage_healed":20,"gold_gain":0,"player_choice":"Healed and dodged fight","damage_taken":0,"max_hp_gain":0,"max_hp_loss":0,"event_name":"Mushrooms","floor":7,"gold_loss":0,"cards_obtained":["Parasite"]}],"is_beta":true,"boss_relics":[],"items_purged_floors":[],"is_endless":false,"potions_floor_spawned":[1,2,14],"killed_by":"Slime Boss","ascension_level":20}