{"gold_per_floor":[109,109,124,124,49,83,99,69,69,34,64,64,74,108,108,206,206,222,5,5,15,115,115,147,147,174,174,187,221,240,240,240,240],"floor_reached":33,"playtime":2204,"items_purged":["Regret","Strike_G"],"score":461,"play_id":"1bc89ce4-4c15-4cf4-bbfd-7484cf296763","local_time":"20190313175407","is_ascension_mode":true,"campfire_choices":[{"floor":12,"key":"REST"},{"data":"Bouncing Flask","floor":15,"key":"SMITH"},{"floor":23,"key":"REST"},{"floor":32,"key":"REST"}],"neow_cost":"NONE","seed_source_timestamp":2239090347792243,"circlet_count":0,"master_deck":["Defend_G","Defend_G","Defend_G","Defend_G","Defend_G","Strike_G+1","Strike_G","Strike_G","Strike_G","Survivor","Neutralize+1","Footwork","Heel Hook","Cloak And Dagger","Deflect","PiercingWail","Bouncing Flask+1","PiercingWail","Dash","Noxious Fumes","Bane","Dodge and Roll","Cloak And Dagger","Crippling Poison","PiercingWail+1","Blur","Footwork","Dash","Bouncing Flask+1","Heel Hook+1","Writhe","Dodge and Roll","Dash+1","Deflect","Decay"],"relics":["Ring of the Snake","Bag of Marbles","Pear","Art of War","Whetstone","Ninja Scroll","Ancient Tea Set","Orrery","PreservedInsect","Incense Burner","Molten Egg 2","Happy Flower","Vajra","Dodecahedron","Potion Belt"],"potions_floor_usage":[6,11,11,33],"damage_taken":[{"damage":0,"enemies":"2 Louse","floor":1,"turns":3},{"damage":2,"enemies":"Jaw Worm","floor":3,"turns":5},{"damage":35,"enemies":"3 Sentries","floor":6,"turns":18},{"damage":0,"enemies":"Cultist","floor":7,"turns":4},{"damage":6,"enemies":"Looter","floor":8,"turns":4},{"damage":20,"enemies":"Gremlin Nob","floor":11,"turns":5},{"damage":1,"enemies":"Gremlin Gang","floor":13,"turns":6},{"damage":4,"enemies":"Lagavulin","floor":14,"turns":5},{"damage":18,"enemies":"The Guardian","floor":16,"turns":14},{"damage":2,"enemies":"Shell Parasite","floor":18,"turns":5},{"damage":5,"enemies":"Spheric Guardian","floor":21,"turns":3},{"damage":13,"enemies":"Colosseum Slavers","floor":22,"turns":6},{"damage":24,"enemies":"Colosseum Nobs","floor":22,"turns":6},{"damage":39,"enemies":"Gremlin Leader","floor":24,"turns":7},{"damage":7,"enemies":"3 Cultists","floor":28,"turns":5},{"damage":14,"enemies":"Book of Stabbing","floor":29,"turns":7},{"damage":3,"enemies":"Centurion and Healer","floor":30,"turns":11},{"damage":37,"enemies":"Collector","floor":33,"turns":8}],"seed_played":"-1711705973798509250","potions_obtained":[{"floor":1,"key":"Block Potion"},{"floor":3,"key":"Swift Potion"},{"floor":6,"key":"FearPotion"},{"floor":16,"key":"SpeedPotion"},{"floor":28,"key":"AttackPotion"}],"is_trial":false,"path_per_floor":["M","?","M","T","$","E","M","M","T","?","E","R","M","E","R","B",null,"M","$","?","M","?","R","E","?","T","?","M","E","M","?","R","B"],"character_chosen":"THE_SILENT","items_purchased":["Blur","Footwork"],"campfire_rested":3,"item_purchase_floors":[19,19],"current_hp_per_floor":[63,63,61,71,71,36,36,30,30,50,30,54,53,49,49,31,68,66,66,66,61,24,48,9,35,35,35,28,14,11,11,35,0],"gold":240,"neow_bonus":"THREE_CARDS","is_prod":false,"is_daily":false,"chose_seed":false,"campfire_upgraded":1,"win_rate":0,"timestamp":1552478047,"path_taken":["M","?","M","?","$","E","M","?","T","?","E","R","M","E","R","BOSS","M","$","?","?","?","R","E","?","T","?","M","E","M","?","R","BOSS"],"build_version":"2019-01-23","purchased_purges":2,"victory":false,"max_hp_per_floor":[70,70,70,80,80,80,80,80,80,80,80,80,80,80,80,80,80,80,80,80,80,80,80,80,80,80,80,80,80,80,80,80,80],"card_choices":[{"not_picked":["Deflect","Prepared"],"picked":"Footwork","floor":0},{"not_picked":["Choke","Sucker Punch"],"picked":"Heel Hook","floor":1},{"not_picked":["Prepared","All Out Attack"],"picked":"Cloak And Dagger","floor":3},{"not_picked":["Expertise","Accuracy"],"picked":"Deflect","floor":6},{"not_picked":["Bane","Blade Dance"],"picked":"PiercingWail","floor":7},{"not_picked":["Dodge and Roll","PiercingWail"],"picked":"Bouncing Flask","floor":8},{"not_picked":["Deadly Poison","Bane"],"picked":"PiercingWail","floor":11},{"not_picked":["Cloak And Dagger","Blade Dance","Concentrate"],"picked":"SKIP","floor":13},{"not_picked":["Infinite Blades","Corpse Explosion"],"picked":"Dash","floor":14},{"not_picked":["Deflect","Infinite Blades"],"picked":"Noxious Fumes","floor":17},{"not_picked":["Deflect","Accuracy"],"picked":"Bane","floor":17},{"not_picked":["Dagger Throw","Finisher"],"picked":"Dodge and Roll","floor":17},{"not_picked":["Terror","PiercingWail"],"picked":"Cloak And Dagger","floor":17},{"not_picked":["Blade Dance","Flechettes"],"picked":"Crippling Poison","floor":17},{"not_picked":["Blade Dance","Expertise"],"picked":"PiercingWail+1","floor":18},{"not_picked":["Grand Finale","Dagger Spray"],"picked":"Dash","floor":21},{"not_picked":["Deadly Poison","Flying Knee"],"picked":"Bouncing Flask+1","floor":22},{"not_picked":["Dash+1","Finisher+1"],"picked":"Heel Hook+1","floor":24},{"not_picked":["Bane+1","Acrobatics+1"],"picked":"Dodge and Roll","floor":28},{"not_picked":["Slice+1","Outmaneuver+1"],"picked":"Dash+1","floor":29},{"not_picked":["Blade Dance","Calculated Gamble"],"picked":"Deflect","floor":30}],"player_experience":1001109,"relics_obtained":[{"floor":4,"key":"Pear"},{"floor":6,"key":"Art of War"},{"floor":9,"key":"Whetstone"},{"floor":11,"key":"Ninja Scroll"},{"floor":14,"key":"Ancient Tea Set"},{"floor":22,"key":"Incense Burner"},{"floor":22,"key":"Molten Egg 2"},{"floor":24,"key":"Happy Flower"},{"floor":26,"key":"Vajra"},{"floor":29,"key":"Potion Belt"}],"event_choices":[{"damage_healed":0,"gold_gain":0,"player_choice":"Box","damage_taken":0,"relics_obtained":["Bag of Marbles"],"max_hp_gain":0,"max_hp_loss":0,"event_name":"Big Fish","floor":2,"gold_loss":0,"cards_obtained":["Regret"]},{"damage_healed":20,"gold_gain":0,"player_choice":"Healed","damage_taken":0,"max_hp_gain":0,"max_hp_loss":0,"event_name":"The Cleric","floor":10,"gold_loss":35},{"damage_healed":0,"gold_gain":0,"player_choice":"Gave Potion","damage_taken":0,"relics_obtained":["PreservedInsect"],"max_hp_gain":0,"max_hp_loss":0,"event_name":"WeMeetAgain","floor":20,"gold_loss":0},{"damage_healed":0,"gold_gain":0,"player_choice":"Fight","damage_taken":0,"max_hp_gain":0,"max_hp_loss":0,"event_name":"Colosseum","floor":22,"gold_loss":0},{"damage_healed":0,"gold_gain":0,"player_choice":"Fought Nobs","damage_taken":0,"max_hp_gain":0,"max_hp_loss":0,"event_name":"Colosseum","floor":22,"gold_loss":0},{"damage_healed":26,"gold_gain":0,"player_choice":"Heal","damage_taken":0,"max_hp_gain":0,"max_hp_loss":0,"event_name":"The Library","floor":25,"gold_loss":0},{"damage_healed":0,"gold_gain":0,"player_choice":"Opened","damage_taken":0,"relics_obtained":["Dodecahedron"],"max_hp_gain":0,"max_hp_loss":0,"event_name":"The Mausoleum","floor":27,"gold_loss":0,"cards_obtained":["Writhe"]},{"damage_healed":0,"gold_gain":0,"player_choice":"Cursed","damage_taken":0,"max_hp_gain":0,"max_hp_loss":0,"event_name":"Wheel of Change","floor":31,"gold_loss":0,"cards_obtained":["Decay"]}],"is_beta":false,"boss_relics":[{"not_picked":["Busted Crown","Coffee Dripper"],"picked":"Orrery"}],"items_purged_floors":[5,19],"is_endless":false,"potions_floor_spawned":[1,3,6,16,22,28],"killed_by":"Collector","ascension_level":9}