{"gold_per_floor":[114,114,39,114,114,114,130,30,106,125,50,85,98,98,98,98],"floor_reached":16,"playtime":300,"items_purged":["Strike_R","Pain"],"score":196,"play_id":"03c88e6e-4743-4cab-b162-9afc2cb00fab","local_time":"20190414154224","is_ascension_mode":true,"campfire_choices":[{"data":"Bash","floor":6,"key":"SMITH"},{"floor":15,"key":"REST"}],"neow_cost":"NONE","seed_source_timestamp":354367040784000,"circlet_count":0,"master_deck":["AscendersBane","Strike_R","Strike_R+1","Strike_R","Strike_R","Defend_R","Defend_R+1","Defend_R","Bash+1","Twin Strike","Sword Boomerang"],"relics":["Burning Blood","NeowsBlessing","WarpedTongs","The Courier","Mummified Hand","Golden Idol"],"potions_floor_usage":[12,12,12,13],"damage_taken":[{"damage":0,"enemies":"Small Slimes","floor":1,"turns":1},{"damage":0,"enemies":"2 Louse","floor":7,"turns":1},{"damage":0,"enemies":"Cultist","floor":10,"turns":1},{"damage":44,"enemies":"3 Sentries","floor":12,"turns":8},{"damage":0,"enemies":"Looter","floor":13,"turns":2},{"damage":2,"enemies":"Slime Boss","floor":16,"turns":5}],"seed_played":"-2597733789513325835","potions_obtained":[{"floor":7,"key":"EntropicBrew"}],"is_trial":false,"path_per_floor":["M","?","$","?","?","R","M","$","T","M","?","E","M","?","R","B"],"character_chosen":"IRONCLAD","items_purchased":[],"campfire_rested":1,"item_purchase_floors":[],"current_hp_per_floor":[74,51,51,40,40,40,46,46,46,52,52,14,20,20,40,38],"gold":98,"neow_bonus":"THREE_ENEMY_KILL","is_prod":false,"is_daily":false,"chose_seed":false,"campfire_upgraded":1,"win_rate":0,"timestamp":1555249344,"path_taken":["M","?","$","?","?","R","?","$","T","M","?","E","M","?","R","BOSS"],"build_version":"2019-04-04","purchased_purges":2,"victory":false,"max_hp_per_floor":[75,75,75,75,75,75,75,75,75,75,75,75,75,68,68,68],"card_choices":[{"not_picked":["Clash","Rupture"],"picked":"Twin Strike","floor":1},{"not_picked":["Anger","Clothesline","Sentinel"],"picked":"SKIP","floor":7},{"not_picked":["Clash","Intimidate","Thunderclap"],"picked":"SKIP","floor":10},{"not_picked":["Clash","Intimidate","Thunderclap"],"picked":"SKIP","floor":10},{"not_picked":["Hemokinesis","Intimidate","Cleave"],"picked":"SKIP","floor":12},{"not_picked":["Fire Breathing","Searing Blow"],"picked":"Sword Boomerang","floor":13}],"player_experience":1385422,"relics_obtained":[{"floor":9,"key":"The Courier"},{"floor":12,"key":"Mummified Hand"}],"event_choices":[{"damage_healed":0,"gold_gain":0,"player_choice":"Entered Light","damage_taken":23,"max_hp_gain":0,"max_hp_loss":0,"event_name":"Shining Light","floor":2,"gold_loss":0,"cards_upgraded":["Defend_R","Strike_R"]},{"damage_healed":0,"gold_gain":75,"player_choice":"Gather Gold","damage_taken":11,"max_hp_gain":0,"max_hp_loss":0,"event_name":"World of Goop","floor":4,"gold_loss":0},{"damage_healed":0,"gold_gain":0,"player_choice":"Rummage","damage_taken":0,"relics_obtained":["WarpedTongs"],"max_hp_gain":0,"max_hp_loss":0,"event_name":"Accursed Blacksmith","floor":5,"gold_loss":0,"cards_obtained":["Pain"]},{"cards_removed":["Defend_R"],"damage_healed":0,"gold_gain":0,"player_choice":"Card Removal","damage_taken":0,"max_hp_gain":0,"max_hp_loss":0,"event_name":"The Cleric","floor":11,"gold_loss":75},{"damage_healed":0,"gold_gain":0,"player_choice":"Lose Max HP","damage_taken":0,"relics_obtained":["Golden Idol"],"max_hp_gain":0,"max_hp_loss":7,"event_name":"Golden Idol","floor":14,"gold_loss":0}],"is_beta":true,"boss_relics":[],"items_purged_floors":[3,8],"is_endless":false,"potions_floor_spawned":[7,12],"killed_by":"Slime Boss","ascension_level":20}