{"gold_per_floor":[113,113,131,150,150,150,150,167,193,222,242,242,270,283,283,283],"floor_reached":16,"playtime":503,"items_purged":[],"score":204,"play_id":"dce63f43-4ff1-4c65-9f14-1c094e22ad12","local_time":"20190322224449","is_ascension_mode":true,"campfire_choices":[{"data":"Bash","floor":6,"key":"SMITH"},{"floor":12,"key":"REST"},{"floor":15,"key":"REST"}],"neow_cost":"NONE","seed_source_timestamp":167272122714900,"circlet_count":0,"master_deck":["AscendersBane","Strike_R","Strike_R","Strike_R","Strike_R","Strike_R","Defend_R","Defend_R","Bash+1","Shrug It Off","Barricade","Shrug It Off","Flame Barrier","Double Tap"],"relics":["Burning Blood","NeowsBlessing","PreservedInsect","Odd Mushroom"],"potions_floor_usage":[10,14,16],"damage_taken":[{"damage":0,"enemies":"Cultist","floor":1,"turns":1},{"damage":0,"enemies":"2 Louse","floor":3,"turns":1},{"damage":0,"enemies":"Small Slimes","floor":4,"turns":2},{"damage":5,"enemies":"3 Louse","floor":8,"turns":6},{"damage":32,"enemies":"3 Sentries","floor":10,"turns":11},{"damage":28,"enemies":"Exordium Thugs","floor":11,"turns":7},{"damage":34,"enemies":"The Mushroom Lair","floor":13,"turns":8},{"damage":5,"enemies":"Red Slaver","floor":14,"turns":7},{"damage":41,"enemies":"Hexaghost","floor":16,"turns":9}],"seed_played":"688146893556495077","potions_obtained":[{"floor":1,"key":"PowerPotion"},{"floor":3,"key":"SteroidPotion"},{"floor":13,"key":"Swift Potion"}],"is_trial":false,"path_per_floor":["M","?","M","M","?","R","?","M","T","E","M","R","?","M","R","B"],"character_chosen":"IRONCLAD","items_purchased":[],"campfire_rested":2,"item_purchase_floors":[],"current_hp_per_floor":[74,74,75,75,68,68,68,69,69,43,21,43,15,16,38,0],"gold":283,"neow_bonus":"THREE_ENEMY_KILL","is_prod":false,"is_daily":false,"chose_seed":false,"campfire_upgraded":1,"win_rate":0,"timestamp":1553291089,"path_taken":["M","?","M","?","?","R","?","?","T","E","M","R","?","M","R","BOSS"],"build_version":"2019-03-15","purchased_purges":0,"victory":false,"max_hp_per_floor":[75,75,75,75,75,75,75,75,75,75,75,75,75,75,75,75],"card_choices":[{"not_picked":["Entrench","Whirlwind"],"picked":"Shrug It Off","floor":1},{"not_picked":["Entrench","Rampage","Anger"],"picked":"SKIP","floor":3},{"not_picked":["Twin Strike","Perfected Strike"],"picked":"Shrug It Off","floor":4},{"not_picked":["Wild Strike","Blood for Blood"],"picked":"Flame Barrier","floor":8},{"not_picked":["Corruption","Body Slam","Anger"],"picked":"SKIP","floor":10},{"not_picked":["Havoc","Iron Wave"],"picked":"Double Tap","floor":11},{"not_picked":["True Grit","Perfected Strike","Iron Wave"],"picked":"SKIP","floor":14}],"player_experience":1271817,"relics_obtained":[{"floor":10,"key":"PreservedInsect"},{"floor":13,"key":"Odd Mushroom"}],"event_choices":[{"damage_healed":0,"gold_gain":0,"cards_transformed":["Defend_R"],"player_choice":"Transformed","damage_taken":0,"max_hp_gain":0,"max_hp_loss":0,"event_name":"Transmorgrifier","floor":2,"gold_loss":0,"cards_obtained":["Barricade"]},{"cards_removed":["Defend_R"],"damage_healed":0,"gold_gain":0,"player_choice":"Card Removal","damage_taken":7,"max_hp_gain":0,"max_hp_loss":0,"event_name":"Golden Wing","floor":5,"gold_loss":0},{"damage_healed":0,"gold_gain":0,"player_choice":"Got Potions","damage_taken":0,"max_hp_gain":0,"max_hp_loss":0,"event_name":"Lab","floor":7,"gold_loss":0},{"damage_healed":0,"gold_gain":0,"player_choice":"Fought Mushrooms","damage_taken":0,"max_hp_gain":0,"max_hp_loss":0,"event_name":"Mushrooms","floor":13,"gold_loss":0}],"is_beta":true,"boss_relics":[],"items_purged_floors":[],"is_endless":false,"potions_floor_spawned":[1,3,4,13],"killed_by":"Hexaghost","ascension_level":20}