{"gold_per_floor":[119,132,132,143,143,143,90,90,90,116,116,116,116,116],"floor_reached":14,"playtime":261,"items_purged":[],"score":152,"play_id":"6c03ca44-f7f0-4409-9669-f55c00c91860","local_time":"20190328005223","is_ascension_mode":true,"campfire_choices":[{"data":"Bash","floor":6,"key":"SMITH"},{"data":"Limit Break","floor":8,"key":"SMITH"},{"floor":13,"key":"REST"}],"neow_cost":"TEN_PERCENT_HP_LOSS","seed_source_timestamp":607190728825700,"circlet_count":0,"master_deck":["AscendersBane","Strike_R","Strike_R","Strike_R","Strike_R","Strike_R","Defend_R","Defend_R","Defend_R","Defend_R","Bash+1","Limit Break+1","Shrug It Off"],"relics":["Burning Blood","Juzu Bracelet","Paper Frog","Odd Mushroom"],"potions_floor_usage":[10],"damage_taken":[{"damage":6,"enemies":"Cultist","floor":1,"turns":3},{"damage":14,"enemies":"Small Slimes","floor":2,"turns":3},{"damage":19,"enemies":"Jaw Worm","floor":4,"turns":5},{"damage":42,"enemies":"The Mushroom Lair","floor":10,"turns":7},{"damage":52,"enemies":"Lagavulin","floor":14,"turns":7}],"seed_played":"2221847152433537835","potions_obtained":[{"floor":4,"key":"Regen Potion"},{"floor":10,"key":"SteroidPotion"}],"is_trial":false,"path_per_floor":["M","M","?","M","?","R","$","R","T","?","$","?","R","E"],"character_chosen":"IRONCLAD","items_purchased":["Shrug It Off"],"campfire_rested":1,"item_purchase_floors":[7],"current_hp_per_floor":[68,60,60,47,40,40,40,40,40,19,19,19,39,0],"gold":116,"neow_bonus":"THREE_RARE_CARDS","is_prod":false,"is_daily":false,"chose_seed":false,"campfire_upgraded":2,"win_rate":0,"timestamp":1553730743,"path_taken":["M","M","?","M","?","R","?","R","T","?","$","?","R","E"],"build_version":"2019-03-15","purchased_purges":0,"victory":false,"max_hp_per_floor":[68,68,68,68,68,68,68,68,68,68,68,68,68,68],"card_choices":[{"not_picked":["Double Tap","Exhume"],"picked":"Limit Break","floor":0},{"not_picked":["Headbutt","Searing Blow","Wild Strike"],"picked":"SKIP","floor":1},{"not_picked":["Burning Pact","Perfected Strike","Combust"],"picked":"SKIP","floor":2},{"not_picked":["Wild Strike","Limit Break","Whirlwind"],"picked":"SKIP","floor":4}],"player_experience":1293392,"relics_obtained":[{"floor":9,"key":"Paper Frog"},{"floor":10,"key":"Odd Mushroom"}],"event_choices":[{"damage_healed":0,"gold_gain":0,"player_choice":"Box","damage_taken":0,"relics_obtained":["Juzu Bracelet"],"max_hp_gain":0,"max_hp_loss":0,"event_name":"Big Fish","floor":3,"gold_loss":0,"cards_obtained":["Regret"]},{"cards_removed":["Regret"],"damage_healed":0,"gold_gain":0,"player_choice":"Card Removal","damage_taken":7,"max_hp_gain":0,"max_hp_loss":0,"event_name":"Golden Wing","floor":5,"gold_loss":0},{"damage_healed":0,"gold_gain":0,"player_choice":"Fought Mushrooms","damage_taken":0,"max_hp_gain":0,"max_hp_loss":0,"event_name":"Mushrooms","floor":10,"gold_loss":0},{"damage_healed":0,"gold_gain":0,"player_choice":"Ignored","damage_taken":0,"max_hp_gain":0,"max_hp_loss":0,"event_name":"Shining Light","floor":12,"gold_loss":0}],"is_beta":true,"boss_relics":[],"items_purged_floors":[],"is_endless":false,"potions_floor_spawned":[4,10],"killed_by":"Lagavulin","ascension_level":20}