{"gold_per_floor":[116,116,116,191,207,207,241,254,280,310,328,367,383,406,406,534,534,552,566,95,120,154,154,197,211,211,111,124,124,124,142,142,271,271,296,315,537,562,478,478,518,518,518,214,253,253,54,54,54,54],"floor_reached":51,"playtime":1705,"items_purged":["Strike_R","Strike_R","Strike_R"],"score":1066,"play_id":"5d117c86-3fa2-4b9b-9d48-8630e5a73589","local_time":"20180924214934","is_ascension_mode":true,"campfire_choices":[{"data":"Immolate","floor":6,"key":"SMITH"},{"data":"True Grit","floor":15,"key":"SMITH"},{"data":"Mayhem","floor":23,"key":"SMITH"},{"data":"Whirlwind","floor":30,"key":"SMITH"},{"data":"Bludgeon","floor":32,"key":"SMITH"},{"data":"True Grit","floor":40,"key":"SMITH"},{"floor":46,"key":"REST"},{"data":"Demon Form","floor":49,"key":"SMITH"}],"neow_cost":"CURSE","seed_source_timestamp":161654060391000,"circlet_count":0,"master_deck":["Strike_R","Strike_R","Defend_R","Defend_R","Defend_R","Bash","Immolate+1","Whirlwind+1","Shockwave","Thunderclap","True Grit+1","Intimidate+1","Demon Form+1","Offering+1","Inflame","Mayhem+1","Flame Barrier","Flame Barrier+1","Pommel Strike+1","Bludgeon+1","Offering","True Grit+1","Feel No Pain","Master of Strategy"],"relics":["Burning Blood","Golden Idol","GremlinMask","Centennial Puzzle","Strawberry","Odd Mushroom","Gambling Chip","Omamori","Mark of Pain","Lee\u0027s Waffle","Red Mask","Lantern","Bottled Lightning","Busted Crown","Darkstone Periapt","Paper Frog","Unceasing Top","War Paint"],"potions_floor_usage":[7,12,16,16,22,33,38,41,41,41],"damage_taken":[{"damage":0,"enemies":"Cultist","floor":1,"turns":2},{"damage":4,"enemies":"Jaw Worm","floor":5,"turns":3},{"damage":22,"enemies":"Lagavulin","floor":7,"turns":6},{"damage":0,"enemies":"2 Louse","floor":8,"turns":1},{"damage":3,"enemies":"The Mushroom Lair","floor":10,"turns":2},{"damage":10,"enemies":"Red Slaver","floor":11,"turns":2},{"damage":13,"enemies":"Gremlin Nob","floor":12,"turns":3},{"damage":5,"enemies":"3 Louse","floor":13,"turns":2},{"damage":28,"enemies":"Hexaghost","floor":16,"turns":8},{"damage":22,"enemies":"2 Thieves","floor":18,"turns":3},{"damage":31,"enemies":"Spheric Guardian","floor":19,"turns":5},{"damage":13,"enemies":"Snecko","floor":21,"turns":4},{"damage":6,"enemies":"Masked Bandits","floor":22,"turns":2},{"damage":20,"enemies":"Gremlin Leader","floor":24,"turns":5},{"damage":6,"enemies":"Centurion and Healer","floor":25,"turns":2},{"damage":8,"enemies":"Chosen and Byrds","floor":28,"turns":4},{"damage":6,"enemies":"Snecko","floor":31,"turns":4},{"damage":50,"enemies":"Automaton","floor":33,"turns":7},{"damage":0,"enemies":"3 Shapes","floor":35,"turns":1},{"damage":15,"enemies":"3 Darklings","floor":36,"turns":2},{"damage":46,"enemies":"Maw","floor":38,"turns":6},{"damage":13,"enemies":"2 Orb Walkers","floor":41,"turns":4},{"damage":12,"enemies":"Giant Head","floor":45,"turns":6},{"damage":41,"enemies":"Donu and Deca","floor":50,"turns":5}],"seed_played":"5803999889938888921","potions_obtained":[{"floor":5,"key":"Weak Potion"},{"floor":7,"key":"Fire Potion"},{"floor":8,"key":"FearPotion"},{"floor":12,"key":"Poison Potion"},{"floor":13,"key":"Poison Potion"},{"floor":21,"key":"Explosive Potion"},{"floor":25,"key":"Fire Potion"},{"floor":28,"key":"SkillPotion"},{"floor":31,"key":"Swift Potion"},{"floor":33,"key":"FearPotion"},{"floor":35,"key":"Regen Potion"},{"floor":38,"key":"SkillPotion"}],"is_trial":false,"path_per_floor":["M","?","?","?","M","R","E","M","T","?","M","E","M","T","R","B",null,"M","M","$","M","?","R","E","M","T","$","M","?","R","M","R","B",null,"M","M","?","M","$","R","E","?","T","$","E","R","$","?","R","B"],"character_chosen":"IRONCLAD","items_purchased":["Lee\u0027s Waffle","Mayhem","True Grit","Feel No Pain","Master of Strategy","War Paint","Fire Potion"],"campfire_rested":1,"item_purchase_floors":[20,20,39,39,44,47,47],"current_hp_per_floor":[78,58,58,47,49,49,33,39,46,49,45,38,39,39,39,17,70,54,29,94,87,87,87,73,73,73,73,71,71,71,71,71,27,77,83,74,74,46,46,46,39,39,39,39,33,61,61,61,61,26],"gold":54,"neow_bonus":"THREE_RARE_CARDS","is_prod":false,"is_daily":false,"chose_seed":false,"campfire_upgraded":7,"win_rate":0,"timestamp":1537850974,"path_taken":["M","?","?","?","M","R","E","?","T","?","M","E","M","?","R","BOSS","M","M","$","?","?","R","E","M","T","?","M","?","R","M","R","BOSS","M","M","?","M","$","R","E","?","T","$","E","R","$","?","R","BOSS"],"build_version":"2018-09-20","purchased_purges":3,"victory":true,"max_hp_per_floor":[80,80,80,80,80,80,80,80,87,87,87,87,87,87,87,87,87,87,87,94,94,94,94,94,94,94,94,94,94,94,94,94,94,94,94,94,94,94,94,94,94,94,94,94,94,94,94,94,94,94],"card_choices":[{"not_picked":["Limit Break","Reaper"],"picked":"Immolate","floor":0},{"not_picked":["Cleave","Sword Boomerang"],"picked":"Whirlwind","floor":1},{"not_picked":["Blood for Blood","Pommel Strike"],"picked":"Shockwave","floor":5},{"not_picked":["Sentinel","Body Slam"],"picked":"Thunderclap","floor":7},{"not_picked":["Cleave","Clothesline"],"picked":"True Grit","floor":8},{"not_picked":["Body Slam","Headbutt"],"picked":"Intimidate","floor":10},{"not_picked":["Dropkick","Pummel","Flex"],"picked":"SKIP","floor":11},{"not_picked":["Clothesline","Juggernaut"],"picked":"Demon Form","floor":12},{"not_picked":["Clash","Warcry","Rage"],"picked":"SKIP","floor":13},{"not_picked":["Berserk","Impervious"],"picked":"Offering","floor":16},{"not_picked":["Body Slam","Clash"],"picked":"Inflame","floor":18},{"not_picked":["Hemokinesis","Sever Soul","Spot Weakness"],"picked":"SKIP","floor":19},{"not_picked":["Anger","Twin Strike","Armaments+1"],"picked":"SKIP","floor":21},{"not_picked":["Sword Boomerang+1","Flame Barrier","Searing Blow"],"picked":"SKIP","floor":24},{"not_picked":["Sword Boomerang+1","Searing Blow"],"picked":"Flame Barrier","floor":24},{"not_picked":["Warcry","Heavy Blade"],"picked":"Flame Barrier+1","floor":25},{"not_picked":["Sword Boomerang+1","Anger"],"picked":"Pommel Strike+1","floor":28},{"not_picked":["Second Wind","Ghostly Armor"],"picked":"Bludgeon","floor":31},{"not_picked":["Fiend Fire","Berserk"],"picked":"Offering","floor":33},{"not_picked":["Havoc"],"picked":"SKIP","floor":35},{"not_picked":["Corruption+1"],"picked":"SKIP","floor":36},{"not_picked":["Perfected Strike"],"picked":"SKIP","floor":38},{"not_picked":["Clothesline+1"],"picked":"SKIP","floor":41},{"not_picked":["Heavy Blade+1"],"picked":"SKIP","floor":45}],"player_experience":309790,"relics_obtained":[{"floor":7,"key":"Centennial Puzzle"},{"floor":9,"key":"Strawberry"},{"floor":10,"key":"Odd Mushroom"},{"floor":12,"key":"Gambling Chip"},{"floor":14,"key":"Omamori"},{"floor":22,"key":"Red Mask"},{"floor":24,"key":"Lantern"},{"floor":26,"key":"Bottled Lightning"},{"floor":41,"key":"Darkstone Periapt"},{"floor":43,"key":"Paper Frog"},{"floor":45,"key":"Unceasing Top"}],"event_choices":[{"event_name":"Golden Idol","player_choice":"Take Damage","floor":2,"damage_taken":0},{"event_name":"FaceTrader","player_choice":"Trade","floor":3,"damage_taken":0},{"event_name":"World of Goop","player_choice":"Gather Gold","floor":4,"damage_taken":0},{"event_name":"Mushrooms","player_choice":"Fought Mushrooms","floor":10,"damage_taken":0},{"event_name":"Masked Bandits","player_choice":"Fought Bandits","floor":22,"damage_taken":0},{"event_name":"Back to Basics","player_choice":"Elegance","floor":29,"damage_taken":0},{"event_name":"Tomb of Lord Red Mask","player_choice":"Wore Mask","floor":37,"damage_taken":0},{"event_name":"Fountain of Cleansing","player_choice":"Removed Curse","floor":42,"damage_taken":0},{"event_name":"Mysterious Sphere","player_choice":"Ignore","floor":48,"damage_taken":0}],"is_beta":true,"boss_relics":[{"not_picked":["Runic Pyramid","Philosopher\u0027s Stone"],"picked":"Mark of Pain"},{"not_picked":["Astrolabe","Snecko Eye"],"picked":"Busted Crown"}],"items_purged_floors":[20,27,44],"is_endless":false,"potions_floor_spawned":[5,7,8,12,13,21,25,28,31,33,35,38],"ascension_level":8}