{"gold_per_floor":[109,109,109,53,53,86,96,171,171,204,222,222,222],"floor_reached":13,"playtime":159,"items_purged":[],"score":232,"play_id":"5b445d23-249b-4dc0-9f0a-0dfcdbfc4e53","local_time":"20190406233054","is_ascension_mode":true,"campfire_choices":[{"data":"Bash","floor":12,"key":"SMITH"}],"neow_cost":"NONE","seed_source_timestamp":106550001624800,"circlet_count":0,"master_deck":["AscendersBane","Strike_R","Strike_R","Strike_R","Strike_R","Strike_R","Defend_R","Defend_R","Defend_R","Bash+1","Twin Strike"],"relics":["Burning Blood","NeowsBlessing","Omamori","Bronze Scales"],"potions_floor_usage":[10],"damage_taken":[{"damage":0,"enemies":"Cultist","floor":1,"turns":1},{"damage":0,"enemies":"3 Sentries","floor":6,"turns":1},{"damage":0,"enemies":"2 Louse","floor":7,"turns":1},{"damage":47,"enemies":"Lagavulin","floor":10,"turns":8},{"damage":7,"enemies":"Jaw Worm","floor":11,"turns":3},{"damage":0,"enemies":"Exordium Thugs","floor":13,"turns":2}],"seed_played":"-1655270880325073268","potions_obtained":[{"floor":7,"key":"Weak Potion"}],"is_trial":false,"path_per_floor":["M","$","?","$","$","E","M","?","T","E","M","R","M"],"character_chosen":"IRONCLAD","items_purchased":["Twin Strike"],"campfire_rested":0,"item_purchase_floors":[4],"current_hp_per_floor":[74,74,74,74,74,75,75,64,64,23,22,22,22],"gold":222,"neow_bonus":"THREE_ENEMY_KILL","is_prod":false,"is_daily":false,"chose_seed":false,"campfire_upgraded":1,"win_rate":0,"timestamp":1554586254,"path_taken":["M","$","?","?","$","E","M","?","T","E","M","R","?"],"build_version":"2019-04-04","purchased_purges":0,"victory":false,"max_hp_per_floor":[75,75,75,75,75,75,75,75,75,75,75,75,75],"card_choices":[{"not_picked":["Cleave","Dual Wield","True Grit"],"picked":"SKIP","floor":1},{"not_picked":["Juggernaut","Shockwave","Intimidate"],"picked":"SKIP","floor":6},{"not_picked":["Clash","Feel No Pain","Clothesline"],"picked":"SKIP","floor":7},{"not_picked":["Uppercut","Clothesline","Havoc"],"picked":"SKIP","floor":10},{"not_picked":["Perfected Strike","Hemokinesis","Headbutt"],"picked":"SKIP","floor":11}],"player_experience":1338934,"relics_obtained":[{"floor":6,"key":"Omamori"},{"floor":10,"key":"Bronze Scales"}],"event_choices":[{"cards_removed":["Defend_R"],"damage_healed":0,"gold_gain":0,"player_choice":"Purged","damage_taken":0,"max_hp_gain":0,"max_hp_loss":0,"event_name":"Purifier","floor":3,"gold_loss":0},{"damage_healed":0,"gold_gain":75,"player_choice":"Gather Gold","damage_taken":11,"max_hp_gain":0,"max_hp_loss":0,"event_name":"World of Goop","floor":8,"gold_loss":0}],"is_beta":true,"boss_relics":[],"items_purged_floors":[],"is_endless":false,"potions_floor_spawned":[7],"killed_by":"Exordium Thugs","ascension_level":20}