{"gold_per_floor":[15,32,46,62,79,79,79,79,103,378,378,394,175,193,193,294,294,306,317,336,347,361,361,396,414,466,483,494,508,96,96,96,195,195,213,213,213,227,240,240,13,42,42,42,58,71,171,171,171,171,171,171,120,150,150],"floor_reached":56,"playtime":2929,"items_purged":["Regret","Strike_G","Strike_G"],"score":1322,"play_id":"1997c1e5-f2d5-49ea-88d9-a4a09dd9ead3","local_time":"20190225154818","is_ascension_mode":false,"campfire_choices":[{"data":"Crippling Poison","floor":6.0,"key":"SMITH"},{"data":"Neutralize","floor":8.0,"key":"SMITH"},{"data":"Footwork","floor":11.0,"key":"SMITH"},{"data":"Catalyst","floor":15.0,"key":"SMITH"},{"data":"Burst","floor":23.0,"key":"SMITH"},{"floor":32.0,"key":"REST"},{"floor":40.0,"key":"REST"},{"floor":44.0,"key":"RECALL"},{"floor":49.0,"key":"REST"},{"data":"Poisoned Stab","floor":52,"key":"SMITH"}],"neow_cost":"NO_GOLD","seed_source_timestamp":0,"circlet_count":0,"master_deck":["Defend_G","Defend_G","Defend_G","Defend_G","Strike_G","Strike_G","Survivor","Neutralize+1","Tools of the Trade","Footwork+1","Catalyst+1","Crippling Poison+1","Poisoned Stab+1","Burst+1","Dodge and Roll+1","Venomology","PiercingWail+1","Adrenaline","Parasite"],"special_seed":0,"relics":["Ring of the Snake","Bag of Marbles","Potion Belt","Cursed Key","Omamori","Incense Burner","Necronomicon","Busted Crown","Happy Flower","Gremlin Horn","Thread and Needle","Sundial"],"potions_floor_usage":[50,50,54,54,55,55,55,55,55,55,55,55,55,55],"damage_taken":[{"damage":0.0,"enemies":"Small Slimes","floor":1.0,"turns":5.0},{"damage":0.0,"enemies":"Jaw Worm","floor":2.0,"turns":6.0},{"damage":7.0,"enemies":"Cultist","floor":3.0,"turns":4.0},{"damage":4.0,"enemies":"3 Louse","floor":4.0,"turns":6.0},{"damage":3.0,"enemies":"2 Fungi Beasts","floor":5.0,"turns":5.0},{"damage":3.0,"enemies":"Red Slaver","floor":12.0,"turns":3.0},{"damage":2.0,"enemies":"Blue Slaver","floor":14.0,"turns":3.0},{"damage":4.0,"enemies":"The Guardian","floor":16.0,"turns":6.0},{"damage":0.0,"enemies":"3 Byrds","floor":18.0,"turns":4.0},{"damage":0.0,"enemies":"Chosen","floor":19.0,"turns":6.0},{"damage":4.0,"enemies":"3 Cultists","floor":20.0,"turns":5.0},{"damage":8.0,"enemies":"Snake Plant","floor":21.0,"turns":5.0},{"damage":0.0,"enemies":"Sentry and Sphere","floor":22.0,"turns":4.0},{"damage":0.0,"enemies":"Book of Stabbing","floor":24.0,"turns":4.0},{"damage":1.0,"enemies":"Centurion and Healer","floor":25.0,"turns":8.0},{"damage":0.0,"enemies":"Snecko","floor":27.0,"turns":2.0},{"damage":2.0,"enemies":"Shelled Parasite and Fungi","floor":28.0,"turns":6.0},{"damage":7.0,"enemies":"Centurion and Healer","floor":29.0,"turns":6.0},{"damage":6.0,"enemies":"Collector","floor":33.0,"turns":9.0},{"damage":0.0,"enemies":"Orb Walker","floor":35.0,"turns":3.0},{"damage":22.0,"enemies":"3 Darklings","floor":38.0,"turns":4.0},{"damage":13.0,"enemies":"4 Shapes","floor":39.0,"turns":7.0},{"damage":3.0,"enemies":"Nemesis","floor":42.0,"turns":5.0},{"damage":4.0,"enemies":"Sphere and 2 Shapes","floor":45.0,"turns":7.0},{"damage":0.0,"enemies":"3 Darklings","floor":46.0,"turns":4.0},{"damage":0.0,"enemies":"Mind Bloom Boss Battle","floor":47.0,"turns":9.0},{"damage":33,"enemies":"Donu and Deca","floor":50,"turns":32},{"damage":52,"enemies":"Shield and Spear","floor":54,"turns":18},{"damage":11,"enemies":"The Heart","floor":55,"turns":8}],"seed_played":"-3838790071869467403","potions_obtained":[{"floor":1.0,"key":"SpeedPotion"},{"floor":4.0,"key":"SkillPotion"},{"floor":5.0,"key":"AttackPotion"},{"floor":14.0,"key":"Dexterity Potion"},{"floor":19.0,"key":"SmokeBomb"},{"floor":21.0,"key":"Fire Potion"},{"floor":24.0,"key":"Poison Potion"},{"floor":33.0,"key":"Energy Potion"},{"floor":39.0,"key":"AttackPotion"},{"floor":47.0,"key":"GhostInAJar"}],"is_trial":false,"path_per_floor":["M","M","M","M","M","R","?","R","T","?","R","M","$","M","R","B",null,"M","M","M","M","M","R","E","M","T","M","M","M","$","?","R","B",null,"M","?","?","M","M","R","$","E","T","R","M","M","?","?","R","B",null,"R","$","E","B",null],"character_chosen":"THE_SILENT","items_purchased":["Potion Belt","Incense Burner","EntropicBrew","PowerPotion"],"campfire_rested":3,"item_purchase_floors":[13,30,41,53],"current_hp_per_floor":[70,70,63,59,56,56,49,49,49,49,49,46,46,44,44,40,70,70,70,66,58,58,58,58,57,57,57,67,60,60,44,65,59,70,70,70,70,48,35,56,56,53,53,53,49,49,49,49,70,37,70,70,70,18,22],"gold":150,"neow_bonus":"THREE_RARE_CARDS","is_prod":false,"is_daily":false,"chose_seed":false,"campfire_upgraded":6,"win_rate":0,"timestamp":1551106098,"path_taken":["M","M","M","M","M","R","?","R","T","?","R","M","$","M","R","BOSS","M","M","M","M","M","R","E","?","T","M","M","M","$","?","R","BOSS","M","?","?","M","M","R","$","E","T","R","M","?","?","?","R","BOSS","R","$","E","BOSS"],"build_version":"2019-02-06","purchased_purges":3,"victory":true,"max_hp_per_floor":[70,70,70,70,70,70,70,70,70,70,70,70,70,70,70,70,70,70,70,70,70,70,70,70,70,70,70,70,70,70,70,70,70,70,70,70,70,70,70,70,70,70,70,70,70,70,70,70,70,70,70,70,70,70,70],"card_choices":[{"not_picked":["Bullet Time","A Thousand Cuts"],"picked":"Tools of the Trade","floor":0.0},{"not_picked":["Bane","Flying Knee"],"picked":"Footwork","floor":1.0},{"not_picked":["Blade Dance","Underhanded Strike"],"picked":"Catalyst","floor":2.0},{"not_picked":["Expertise","Calculated Gamble","Blade Dance"],"picked":"SKIP","floor":3.0},{"not_picked":["Flechettes","Dagger Spray","Crippling Poison"],"picked":"SKIP","floor":4.0},{"not_picked":["Flechettes","Dagger Spray"],"picked":"Crippling Poison","floor":4.0},{"not_picked":["Reflex","Dagger Spray","Noxious Fumes"],"picked":"SKIP","floor":5.0},{"not_picked":["Masterful Stab","Cloak And Dagger"],"picked":"Poisoned Stab","floor":12.0},{"not_picked":["Dagger Spray","Acrobatics","Calculated Gamble"],"picked":"SKIP","floor":14.0},{"not_picked":["Wraith Form v2","Glass Knife"],"picked":"Burst","floor":16.0},{"not_picked":["Underhanded Strike+1","Sucker Punch"],"picked":"Dodge and Roll+1","floor":18.0},{"not_picked":["Poisoned Stab","Sucker Punch","Noxious Fumes"],"picked":"SKIP","floor":19.0},{"not_picked":["Slice","Distraction","Cloak And Dagger"],"picked":"SKIP","floor":20.0},{"not_picked":["Quick Slash","Blade Dance"],"picked":"Venomology","floor":21.0},{"not_picked":["Escape Plan+1","Blade Dance","Sucker Punch"],"picked":"SKIP","floor":22.0},{"not_picked":["Sucker Punch","Dagger Throw","Skewer"],"picked":"SKIP","floor":24.0},{"not_picked":["Dagger Throw+1","Dodge and Roll","Predator+1"],"picked":"SKIP","floor":25.0},{"not_picked":["Eviscerate","Sucker Punch+1","Reflex+1"],"picked":"SKIP","floor":27.0},{"not_picked":["Flechettes","Underhanded Strike"],"picked":"PiercingWail+1","floor":28.0},{"not_picked":["Bane","Poisoned Stab","PiercingWail"],"picked":"SKIP","floor":29.0},{"not_picked":["Bullet Time","Unload"],"picked":"Adrenaline","floor":33.0},{"not_picked":["Infinite Blades+1"],"picked":"SKIP","floor":35.0},{"not_picked":["Infinite Blades+1"],"picked":"SKIP","floor":35.0},{"not_picked":["Deflect+1"],"picked":"SKIP","floor":38.0},{"not_picked":["Quick Slash"],"picked":"SKIP","floor":39.0},{"not_picked":["Concentrate"],"picked":"SKIP","floor":42.0},{"not_picked":["Prepared+1"],"picked":"SKIP","floor":45.0},{"not_picked":["Poisoned Stab+1"],"picked":"SKIP","floor":46.0},{"not_picked":["Setup+1"],"picked":"SKIP","floor":54}],"player_experience":1192381,"relics_obtained":[{"floor":9.0,"key":"Bag of Marbles"},{"floor":24.0,"key":"Omamori"},{"floor":31.0,"key":"Necronomicon"},{"floor":42.0,"key":"Happy Flower"},{"floor":43.0,"key":"Gremlin Horn"},{"floor":47.0,"key":"Thread and Needle"},{"floor":54,"key":"Sundial"}],"event_choices":[{"cards_removed":["Defend_G"],"damage_healed":0.0,"max_hp_gain":0.0,"max_hp_loss":0.0,"gold_gain":0.0,"event_name":"Golden Wing","player_choice":"Card Removal","floor":7.0,"gold_loss":0.0,"damage_taken":7.0},{"damage_healed":0.0,"max_hp_gain":0.0,"max_hp_loss":0.0,"gold_gain":275.0,"event_name":"Golden Shrine","player_choice":"Desecrate","floor":10.0,"gold_loss":0.0,"damage_taken":0.0,"cards_obtained":["Regret"]},{"damage_healed":0.0,"max_hp_gain":0.0,"max_hp_loss":0.0,"gold_gain":0.0,"event_name":"Cursed Tome","player_choice":"Obtained Book","floor":31.0,"gold_loss":0.0,"damage_taken":16.0},{"damage_healed":0.0,"max_hp_gain":0.0,"max_hp_loss":0.0,"gold_gain":0.0,"event_name":"SensoryStone","player_choice":"Memory 1","floor":36.0,"gold_loss":0.0,"damage_taken":0.0},{"damage_healed":0.0,"max_hp_gain":0.0,"max_hp_loss":0.0,"gold_gain":0.0,"event_name":"SecretPortal","player_choice":"Ignored","floor":37.0,"gold_loss":0.0,"damage_taken":0.0},{"damage_healed":0.0,"max_hp_gain":0.0,"max_hp_loss":0.0,"gold_gain":0.0,"event_name":"MindBloom","player_choice":"Fight","floor":47.0,"gold_loss":0.0,"damage_taken":0.0},{"cards_removed":["Strike_G"],"damage_healed":0.0,"max_hp_gain":0.0,"max_hp_loss":0.0,"gold_gain":0.0,"event_name":"Falling","player_choice":"Removed Attack","floor":48.0,"gold_loss":0.0,"damage_taken":0.0}],"is_beta":true,"boss_relics":[{"not_picked":["Empty Cage","Fusion Hammer"],"picked":"Cursed Key"},{"not_picked":["Runic Dome","Philosopher\u0027s Stone"],"picked":"Busted Crown"}],"items_purged_floors":[13,30,41],"is_endless":false,"potions_floor_spawned":[1,4,5,14,19,21,24,27,33,35,39,45,47],"ascension_level":0}