{"gold_per_floor":[110,35,35,48,48,82,101,122,122,122,165,179,239,239],"floor_reached":14,"playtime":258,"items_purged":["Defend_R"],"score":250,"play_id":"15f52165-442d-459f-840b-746561d30f4b","local_time":"20190411235516","is_ascension_mode":true,"campfire_choices":[],"neow_cost":"NONE","seed_source_timestamp":0,"circlet_count":0,"master_deck":["AscendersBane","Strike_R","Strike_R","Strike_R","Strike_R","Strike_R","Defend_R","Defend_R","Defend_R","Bash+1","Twin Strike"],"special_seed":0,"relics":["Burning Blood","NeowsBlessing","Matryoshka","Golden Idol","Dodecahedron","PreservedInsect","Frozen Egg 2","Vajra"],"potions_floor_usage":[12],"damage_taken":[{"damage":0.0,"enemies":"2 Louse","floor":1.0,"turns":1.0},{"damage":0.0,"enemies":"Small Slimes","floor":4.0,"turns":1.0},{"damage":0.0,"enemies":"Lagavulin","floor":6.0,"turns":1.0},{"damage":11.0,"enemies":"Jaw Worm","floor":7.0,"turns":4.0},{"damage":11.0,"enemies":"2 Fungi Beasts","floor":8.0,"turns":4.0},{"damage":25.0,"enemies":"3 Sentries","floor":11.0,"turns":6.0},{"damage":9,"enemies":"Large Slime","floor":12,"turns":5},{"damage":10,"enemies":"Gremlin Gang","floor":14,"turns":1}],"seed_played":"2479246472284057618","potions_obtained":[{"floor":1.0,"key":"FearPotion"},{"floor":6.0,"key":"GamblersBrew"},{"floor":7.0,"key":"Block Potion"},{"floor":11.0,"key":"EssenceOfSteel"}],"is_trial":false,"path_per_floor":["M","$","?","M","?","E","M","M","T","?","E","M","?","M"],"character_chosen":"IRONCLAD","items_purchased":[],"campfire_rested":0,"item_purchase_floors":[],"current_hp_per_floor":[74,74,56,62,36,42,37,32,32,32,13,10,10,0],"gold":239,"neow_bonus":"THREE_ENEMY_KILL","is_prod":false,"is_daily":false,"chose_seed":false,"campfire_upgraded":0,"win_rate":0,"timestamp":1555019716,"path_taken":["M","$","?","M","?","E","?","M","T","?","E","M","?","M"],"build_version":"2019-04-04","purchased_purges":1,"victory":false,"max_hp_per_floor":[75,75,75,75,75,75,75,75,75,75,75,75,75,75],"card_choices":[{"not_picked":["Dropkick","Warcry"],"picked":"Twin Strike","floor":1.0},{"not_picked":["Armaments","Cleave","Warcry"],"picked":"SKIP","floor":4.0},{"not_picked":["Whirlwind","Dual Wield","Perfected Strike"],"picked":"SKIP","floor":6.0},{"not_picked":["Armaments","Havoc","Heavy Blade"],"picked":"SKIP","floor":7.0},{"not_picked":["Anger","Twin Strike","Evolve"],"picked":"SKIP","floor":8.0},{"not_picked":["Metallicize+1","Exhume","Headbutt"],"picked":"SKIP","floor":11.0},{"not_picked":["Carnage","Armaments","Havoc"],"picked":"SKIP","floor":12}],"player_experience":1360751,"relics_obtained":[{"floor":6.0,"key":"Dodecahedron"},{"floor":9.0,"key":"PreservedInsect"},{"floor":9.0,"key":"Frozen Egg 2"},{"floor":11.0,"key":"Vajra"}],"event_choices":[{"damage_healed":0.0,"max_hp_gain":0.0,"max_hp_loss":0.0,"gold_gain":0.0,"event_name":"Scrap Ooze","player_choice":"Success","floor":3.0,"gold_loss":0.0,"damage_taken":18.0,"relics_obtained":["Matryoshka"]},{"damage_healed":0.0,"max_hp_gain":0.0,"max_hp_loss":0.0,"gold_gain":0.0,"event_name":"Golden Idol","player_choice":"Take Damage","floor":5.0,"gold_loss":0.0,"damage_taken":26.0,"relics_obtained":["Golden Idol"]},{"damage_healed":0.0,"max_hp_gain":0.0,"max_hp_loss":0.0,"gold_gain":0.0,"event_name":"Living Wall","player_choice":"Grow","floor":10.0,"gold_loss":0.0,"damage_taken":0.0,"cards_upgraded":["Bash"]},{"damage_healed":0,"gold_gain":60,"player_choice":"Gained Gold","damage_taken":0,"max_hp_gain":0,"max_hp_loss":0,"event_name":"Golden Wing","floor":13,"gold_loss":0}],"is_beta":true,"boss_relics":[],"items_purged_floors":[2],"is_endless":false,"potions_floor_spawned":[1,6,7,11],"killed_by":"Gremlin Gang","ascension_level":20}