{"gold_per_floor":[114,114,54,54,69,95,95,95,95,95,111,136,152,178,178,297,297,318,238,238,251,176,176,301,301,382,407,422,445,463,80,80,80],"floor_reached":33,"playtime":1081,"items_purged":["Strike_R","Strike_R","Defend_R"],"score":247,"play_id":"5964d15b-89f4-4a4f-8cce-3c1c57f2f0e9","local_time":"20190210232727","is_ascension_mode":false,"campfire_choices":[{"floor":8,"key":"REST"},{"floor":10,"key":"REST"},{"data":"Bash","floor":15,"key":"SMITH"},{"data":"Clash","floor":23,"key":"SMITH"},{"data":"Dropkick","floor":25,"key":"SMITH"},{"floor":32,"key":"REST"}],"neow_cost":"PERCENT_DAMAGE","seed_source_timestamp":1939340561205600,"circlet_count":0,"master_deck":["Strike_R","Strike_R","Bash+1","Fiend Fire","Clothesline","Dropkick+1","Clash+1","Shrug It Off"],"relics":["Burning Blood","The Courier","Bottled Flame","Golden Idol","Frozen Egg 2","Orichalcum","Orrery","Magic Flower","Darkstone Periapt","Mummified Hand","Prayer Wheel"],"potions_floor_usage":[6,16,30,33,33],"damage_taken":[{"damage":2,"enemies":"Small Slimes","floor":1,"turns":3},{"damage":4,"enemies":"2 Louse","floor":5,"turns":2},{"damage":57,"enemies":"3 Sentries","floor":6,"turns":9},{"damage":3,"enemies":"Jaw Worm","floor":11,"turns":3},{"damage":18,"enemies":"Exordium Thugs","floor":12,"turns":5},{"damage":12,"enemies":"3 Louse","floor":13,"turns":3},{"damage":21,"enemies":"Hexaghost","floor":16,"turns":9},{"damage":0,"enemies":"Chosen","floor":18,"turns":4},{"damage":15,"enemies":"2 Thieves","floor":21,"turns":4},{"damage":10,"enemies":"Colosseum Slavers","floor":24,"turns":3},{"damage":10,"enemies":"Colosseum Nobs","floor":24,"turns":5},{"damage":20,"enemies":"3 Cultists","floor":27,"turns":5},{"damage":15,"enemies":"Snake Plant","floor":28,"turns":2},{"damage":15,"enemies":"Centurion and Healer","floor":29,"turns":4},{"damage":27,"enemies":"Sentry and Sphere","floor":30,"turns":6},{"damage":40,"enemies":"Collector","floor":33,"turns":7}],"seed_played":"-4032534295907161008","potions_obtained":[{"floor":5,"key":"BloodPotion"},{"floor":6,"key":"SkillPotion"},{"floor":24,"key":"EssenceOfSteel"},{"floor":29,"key":"FearPotion"},{"floor":30,"key":"PowerPotion"}],"is_trial":false,"path_per_floor":["M","?","$","?","M","E","?","R","T","R","M","M","M","T","R","B",null,"M","$","?","M","?","R","?","R","T","M","M","M","M","$","R","B"],"character_chosen":"IRONCLAD","items_purchased":["Prayer Wheel","Block Potion"],"campfire_rested":3,"item_purchase_floors":[31,31],"current_hp_per_floor":[60,57,57,50,52,9,9,31,31,53,56,44,38,38,38,23,74,74,74,74,65,65,65,57,57,57,46,40,34,16,16,38,0],"gold":80,"neow_bonus":"TRANSFORM_TWO_CARDS","is_prod":false,"is_daily":false,"chose_seed":false,"campfire_upgraded":3,"win_rate":0,"timestamp":1549837647,"path_taken":["M","?","$","?","M","E","?","R","T","R","M","M","?","?","R","BOSS","M","$","?","M","?","R","?","R","T","M","M","M","M","$","R","BOSS"],"build_version":"2019-02-06","purchased_purges":3,"victory":false,"max_hp_per_floor":[80,80,80,80,80,80,74,74,74,74,74,74,74,74,74,74,74,74,74,74,74,74,74,74,74,74,74,74,74,74,74,74,74],"card_choices":[{"not_picked":["Wild Strike","Disarm","Havoc"],"picked":"SKIP","floor":1},{"not_picked":["Flame Barrier","Perfected Strike"],"picked":"Dropkick","floor":5},{"not_picked":["Power Through","Evolve","Combust"],"picked":"SKIP","floor":6},{"not_picked":["Exhume","Heavy Blade","Iron Wave"],"picked":"SKIP","floor":11},{"not_picked":["Armaments","Blood for Blood","Havoc"],"picked":"SKIP","floor":12},{"not_picked":["Armaments","Blood for Blood","Havoc"],"picked":"SKIP","floor":12},{"not_picked":["Combust+1","Twin Strike","Anger"],"picked":"SKIP","floor":13},{"not_picked":["Flex","Inflame+1"],"picked":"Clash","floor":17},{"not_picked":["Shrug It Off","Body Slam","Perfected Strike+1"],"picked":"SKIP","floor":18},{"not_picked":["Headbutt","Iron Wave+1","Warcry+1"],"picked":"SKIP","floor":21},{"not_picked":["Sentinel","Evolve+1","Spot Weakness"],"picked":"SKIP","floor":27},{"not_picked":["Flame Barrier","Bludgeon","Rupture+1"],"picked":"SKIP","floor":28},{"not_picked":["Iron Wave","Rage","Bloodletting+1"],"picked":"SKIP","floor":29},{"not_picked":["Clash","Shrug It Off","Blood for Blood"],"picked":"SKIP","floor":30},{"not_picked":["Clash","Blood for Blood"],"picked":"Shrug It Off","floor":30}],"player_experience":1145060,"relics_obtained":[{"floor":6,"key":"Bottled Flame"},{"floor":9,"key":"Frozen Egg 2"},{"floor":14,"key":"Orichalcum"},{"floor":24,"key":"Magic Flower"},{"floor":24,"key":"Darkstone Periapt"},{"floor":26,"key":"Mummified Hand"}],"event_choices":[{"damage_healed":0,"gold_gain":0,"player_choice":"Success","damage_taken":3,"relics_obtained":["The Courier"],"max_hp_gain":0,"max_hp_loss":0,"event_name":"Scrap Ooze","floor":2,"gold_loss":0},{"cards_removed":["Defend_R"],"damage_healed":0,"gold_gain":0,"player_choice":"Card Removal","damage_taken":7,"max_hp_gain":0,"max_hp_loss":0,"event_name":"Golden Wing","floor":4,"gold_loss":0},{"damage_healed":0,"gold_gain":0,"player_choice":"Lose Max HP","damage_taken":0,"relics_obtained":["Golden Idol"],"max_hp_gain":0,"max_hp_loss":6,"event_name":"Golden Idol","floor":7,"gold_loss":0},{"damage_healed":0,"gold_gain":0,"player_choice":"Ignored","damage_taken":0,"max_hp_gain":0,"max_hp_loss":0,"event_name":"Ghosts","floor":20,"gold_loss":0},{"cards_removed":["Defend_R"],"damage_healed":0,"gold_gain":0,"player_choice":"Gave Gold","damage_taken":0,"max_hp_gain":0,"max_hp_loss":0,"event_name":"Beggar","floor":22,"gold_loss":75},{"damage_healed":0,"gold_gain":0,"player_choice":"Fight","damage_taken":0,"max_hp_gain":0,"max_hp_loss":0,"event_name":"Colosseum","floor":24,"gold_loss":0},{"damage_healed":0,"gold_gain":0,"player_choice":"Fought Nobs","damage_taken":0,"max_hp_gain":0,"max_hp_loss":0,"event_name":"Colosseum","floor":24,"gold_loss":0}],"is_beta":true,"boss_relics":[{"not_picked":["Black Star","Cursed Key"],"picked":"Orrery"}],"items_purged_floors":[3,19,31],"is_endless":false,"potions_floor_spawned":[5,6,24,29,30],"killed_by":"Collector","ascension_level":0}