{"gold_per_floor":[115,40,58,70,70,70,95,112,112,142,134,146,176,204,216,307,319,310,342,304,331,343],"floor_reached":22,"playtime":1053,"items_purged":[],"score":380,"play_id":"39c9e7bb-8719-456e-8909-fb9b257d6bb1","local_time":"20190201225123","is_ascension_mode":true,"campfire_choices":[{"data":"Neutralize","floor":6,"key":"SMITH"},{"floor":12,"key":"REST"},{"floor":15,"key":"REST"}],"neow_cost":"NONE","seed_source_timestamp":1159560031300800,"circlet_count":0,"master_deck":["AscendersBane","Defend_G","Defend_G","Defend_G","Defend_G","Strike_G","Strike_G","Strike_G","Strike_G","Strike_G","Survivor","Neutralize+1","Die Die Die","Backstab","Escape Plan","Venomology","Backflip","Storm of Steel","Footwork","Dagger Spray"],"relics":["Ring of the Snake","Bronze Scales","MawBank","Lizard Tail","Blue Candle"],"potions_floor_usage":[7,7,10,13,16,18,18,19,19,21,22],"damage_taken":[{"damage":0,"enemies":"2 Louse","floor":1,"turns":2},{"damage":0,"enemies":"Cultist","floor":3,"turns":3},{"damage":6,"enemies":"Jaw Worm","floor":4,"turns":7},{"damage":42,"enemies":"Lagavulin","floor":7,"turns":7},{"damage":0,"enemies":"Gremlin Gang","floor":8,"turns":2},{"damage":10,"enemies":"Large Slime","floor":10,"turns":9},{"damage":0,"enemies":"Looter","floor":13,"turns":2},{"damage":0,"enemies":"2 Fungi Beasts","floor":14,"turns":2},{"damage":36,"enemies":"The Guardian","floor":16,"turns":16},{"damage":12,"enemies":"2 Thieves","floor":18,"turns":4},{"damage":10,"enemies":"Spheric Guardian","floor":19,"turns":11},{"damage":28,"enemies":"Shelled Parasite and Fungi","floor":21,"turns":19},{"damage":26,"enemies":"Centurion and Healer","floor":22,"turns":9}],"seed_played":"-1890931707981577964","potions_obtained":[{"floor":3,"key":"PowerPotion"},{"floor":4,"key":"GamblersBrew"},{"floor":10,"key":"Block Potion"},{"floor":11,"key":"LiquidBronze"},{"floor":18,"key":"PowerPotion"}],"is_trial":false,"path_per_floor":["M","?","M","M","?","R","E","M","T","M","?","R","M","M","R","B",null,"M","M","?","M","M"],"character_chosen":"THE_SILENT","items_purchased":[],"campfire_rested":2,"item_purchase_floors":[],"current_hp_per_floor":[59,59,59,53,53,53,11,11,11,1,1,20,20,20,39,3,50,52,42,42,14,3],"gold":343,"neow_bonus":"ONE_RANDOM_RARE_CARD","is_prod":false,"is_daily":false,"chose_seed":false,"campfire_upgraded":1,"win_rate":0,"timestamp":1549057883,"path_taken":["M","?","M","M","?","R","E","?","T","M","?","R","?","M","R","BOSS","M","M","?","?","M"],"build_version":"2019-01-23","purchased_purges":0,"victory":false,"max_hp_per_floor":[66,66,66,66,66,66,66,66,66,66,66,66,66,66,66,66,66,66,66,66,66,66],"card_choices":[{"not_picked":["Acrobatics","Underhanded Strike","Prepared"],"picked":"SKIP","floor":1},{"not_picked":["Reflex","Acrobatics","Quick Slash"],"picked":"SKIP","floor":3},{"not_picked":["Reflex","Eviscerate"],"picked":"Backstab","floor":4},{"not_picked":["Tactician","Flying Knee"],"picked":"Escape Plan","floor":7},{"not_picked":["Tactician","Flechettes"],"picked":"Venomology","floor":8},{"not_picked":["Quick Slash","Outmaneuver"],"picked":"Backflip","floor":10},{"not_picked":["Dagger Throw","Outmaneuver","Prepared"],"picked":"SKIP","floor":13},{"not_picked":["Flying Knee","Accuracy","Skewer"],"picked":"SKIP","floor":14},{"not_picked":["Wraith Form v2","Phantasmal Killer"],"picked":"Storm of Steel","floor":16},{"not_picked":["Choke","Infinite Blades"],"picked":"Footwork","floor":18},{"not_picked":["Sucker Punch","Reflex","Endless Agony+1"],"picked":"SKIP","floor":19},{"not_picked":["Dagger Throw","Deflect"],"picked":"Dagger Spray","floor":21}],"player_experience":1113610,"relics_obtained":[{"floor":7,"key":"Bronze Scales"},{"floor":9,"key":"MawBank"}],"event_choices":[{"cards_removed":["Defend_G"],"damage_healed":0,"gold_gain":0,"player_choice":"Card Removal","damage_taken":0,"max_hp_gain":0,"max_hp_loss":0,"event_name":"The Cleric","floor":2,"gold_loss":75},{"damage_healed":0,"gold_gain":0,"player_choice":"Got Potions","damage_taken":0,"max_hp_gain":0,"max_hp_loss":0,"event_name":"Lab","floor":5,"gold_loss":0},{"damage_healed":0,"gold_gain":0,"player_choice":"Bought 1 Potion","damage_taken":0,"max_hp_gain":0,"max_hp_loss":0,"event_name":"The Woman in Blue","floor":11,"gold_loss":0},{"damage_healed":0,"gold_gain":0,"player_choice":"Paid Gold","damage_taken":0,"relics_obtained":["Blue Candle"],"max_hp_gain":0,"max_hp_loss":0,"event_name":"WeMeetAgain","floor":20,"gold_loss":50}],"is_beta":true,"boss_relics":[{"not_picked":["Black Star","Runic Dome"],"picked":"Lizard Tail"}],"items_purged_floors":[],"is_endless":false,"potions_floor_spawned":[3,4,10,18],"killed_by":"Centurion and Healer","ascension_level":20}