{"gold_per_floor":[113,128,53,53,53,53,93,35,89,89,103,103,143,162,162,256,256,270,270,195,220,145,145,160,191,191,40,40,79,79,104,104,203,203,224,224,244,268,268,268,299,299,299,299,299,323,237,237],"floor_reached":48,"playtime":1724,"items_purged":["Strike_R","Defend_R"],"score":1058,"play_id":"ddcd56db-cac1-4d90-ada9-16da5f6c1917","local_time":"20190325233006","is_ascension_mode":true,"campfire_choices":[{"data":"Strike_R","floor":6,"key":"SMITH"},{"data":"1","floor":15,"key":"LIFT"},{"floor":23,"key":"REST"},{"floor":28,"key":"REST"},{"data":"2","floor":32,"key":"LIFT"},{"floor":40,"key":"REST"},{"floor":42,"key":"REST"},{"floor":44,"key":"RECALL"}],"neow_cost":"TEN_PERCENT_HP_LOSS","seed_source_timestamp":0,"circlet_count":0,"master_deck":["AscendersBane","Strike_R","Strike_R","Strike_R+1","Defend_R","Bash+1","Dropkick","Shrug It Off","Pummel","Inflame","Immolate","Heavy Blade","Shrug It Off","Sword Boomerang","Pummel","Shrug It Off"],"special_seed":0,"relics":["Black Blood","Du-Vu Doll","Golden Idol","Matryoshka","Boot","PreservedInsect","Girya","Happy Flower","Nilry\u0027s Codex","Torii","Gremlin Horn","Shuriken","Unceasing Top","Lizard Tail","CultistMask","Pantograph"],"potions_floor_usage":[11,13,16,25,37,41,41,46,48,48],"damage_taken":[{"damage":2.0,"enemies":"2 Louse","floor":1.0,"turns":4.0},{"damage":5.0,"enemies":"Small Slimes","floor":2.0,"turns":4.0},{"damage":32,"enemies":"Gremlin Nob","floor":7,"turns":4},{"damage":0,"enemies":"Cultist","floor":11,"turns":2},{"damage":15,"enemies":"Lagavulin","floor":13,"turns":4},{"damage":2,"enemies":"2 Fungi Beasts","floor":14,"turns":4},{"damage":29,"enemies":"The Guardian","floor":16,"turns":12},{"damage":3,"enemies":"Spheric Guardian","floor":18,"turns":3},{"damage":25,"enemies":"2 Thieves","floor":21,"turns":3},{"damage":18,"enemies":"Snecko","floor":24,"turns":3},{"damage":0,"enemies":"Gremlin Leader","floor":25,"turns":3},{"damage":21,"enemies":"Slavers","floor":29,"turns":4},{"damage":6,"enemies":"Centurion and Healer","floor":31,"turns":3},{"damage":38,"enemies":"Automaton","floor":33,"turns":6},{"damage":20,"enemies":"3 Shapes","floor":35,"turns":5},{"damage":20,"enemies":"Orb Walker","floor":37,"turns":3},{"damage":29,"enemies":"4 Shapes","floor":38,"turns":5},{"damage":88,"enemies":"Giant Head","floor":41,"turns":8},{"damage":26,"enemies":"Sphere and 2 Shapes","floor":46,"turns":6},{"damage":37,"enemies":"Nemesis","floor":48,"turns":2}],"seed_played":"-6294470735350043985","potions_obtained":[{"floor":1.0,"key":"BloodPotion"},{"floor":7,"key":"Regen Potion"},{"floor":14,"key":"Fire Potion"},{"floor":21,"key":"FearPotion"},{"floor":25,"key":"Weak Potion"},{"floor":29,"key":"Weak Potion"},{"floor":37,"key":"Fire Potion"},{"floor":41,"key":"Swift Potion"},{"floor":46,"key":"Energy Potion"}],"is_trial":false,"path_per_floor":["M","M","?","?","?","R","E","$","T","?","M","?","E","M","R","B",null,"M","?","$","M","?","R","M","E","T","$","R","E","?","M","R","B",null,"M","?","M","M","?","R","E","R","T","R","?","M","$","E"],"character_chosen":"IRONCLAD","items_purchased":["Shrug It Off","Shrug It Off","BloodPotion"],"campfire_rested":4,"item_purchase_floors":[8,27,47],"current_hp_per_floor":[68,68,68,68,68,68,42,42,42,35,47,29,32,36,36,13,54,61,40,40,25,25,45,37,47,47,47,67,56,56,60,60,32,59,49,49,39,20,20,40,15,35,35,35,35,19,19,0],"gold":237,"neow_bonus":"ONE_RARE_RELIC","is_prod":false,"is_daily":false,"chose_seed":false,"campfire_upgraded":1,"win_rate":0,"timestamp":1553553006,"path_taken":["M","M","?","?","?","R","E","$","T","?","M","?","E","M","R","BOSS","M","?","$","M","?","R","M","E","T","$","R","E","?","M","R","BOSS","M","?","?","M","?","R","E","R","T","R","?","M","$","E"],"build_version":"2019-03-15","purchased_purges":2,"victory":false,"max_hp_per_floor":[68,68,68,68,68,68,68,68,68,68,68,68,68,68,68,68,68,68,68,68,68,68,68,68,68,68,68,68,68,68,68,68,68,68,68,68,68,68,68,68,68,68,68,68,68,68,68,68],"card_choices":[{"not_picked":["Rage","Battle Trance","Corruption"],"picked":"SKIP","floor":1.0},{"not_picked":["Wild Strike","Iron Wave","Anger"],"picked":"SKIP","floor":2.0},{"not_picked":["Twin Strike","Dark Embrace"],"picked":"Dropkick","floor":7},{"not_picked":["Anger","Carnage"],"picked":"Pummel","floor":11},{"not_picked":["Headbutt","Clash","Havoc"],"picked":"SKIP","floor":13},{"not_picked":["Twin Strike","Dual Wield"],"picked":"Inflame","floor":14},{"not_picked":["Brutality","Fiend Fire"],"picked":"Immolate","floor":16},{"not_picked":["Hemokinesis","Pummel"],"picked":"Heavy Blade","floor":18},{"not_picked":["Heavy Blade","Havoc"],"picked":"Shrug It Off","floor":21},{"not_picked":["Evolve","Headbutt"],"picked":"Sword Boomerang","floor":24},{"not_picked":["Flex+1","Pommel Strike"],"picked":"Pummel","floor":25},{"not_picked":["Pommel Strike","Flex","Immolate"],"picked":"SKIP","floor":29},{"not_picked":["Iron Wave","Sword Boomerang","Flame Barrier"],"picked":"SKIP","floor":31},{"not_picked":["Blood for Blood","Cleave","Headbutt"],"picked":"SKIP","floor":35},{"not_picked":["Body Slam","Wild Strike","Warcry+1"],"picked":"SKIP","floor":37},{"not_picked":["Body Slam","Wild Strike","Warcry+1"],"picked":"SKIP","floor":37},{"not_picked":["Sword Boomerang+1","Feel No Pain","Warcry"],"picked":"SKIP","floor":38},{"not_picked":["Twin Strike","Anger","Body Slam"],"picked":"SKIP","floor":41},{"not_picked":["Rampage","Entrench","Flex"],"picked":"SKIP","floor":46}],"player_experience":1280341,"relics_obtained":[{"floor":7,"key":"Matryoshka"},{"floor":9,"key":"Boot"},{"floor":9,"key":"PreservedInsect"},{"floor":13,"key":"Happy Flower"},{"floor":19,"key":"Nilry\u0027s Codex"},{"floor":25,"key":"Torii"},{"floor":26,"key":"Gremlin Horn"},{"floor":26,"key":"Shuriken"},{"floor":29,"key":"Unceasing Top"},{"floor":41,"key":"Pantograph"}],"event_choices":[{"cards_removed":["Defend_R"],"damage_healed":0.0,"max_hp_gain":0.0,"max_hp_loss":0.0,"gold_gain":0.0,"event_name":"The Cleric","player_choice":"Card Removal","floor":3.0,"gold_loss":75.0,"damage_taken":0.0},{"damage_healed":0.0,"max_hp_gain":0.0,"max_hp_loss":0.0,"gold_gain":0.0,"event_name":"Living Wall","player_choice":"Grow","floor":4.0,"gold_loss":0.0,"damage_taken":0.0,"cards_upgraded":["Bash"]},{"damage_healed":0,"gold_gain":0,"player_choice":"Take Wound","damage_taken":0,"relics_obtained":["Golden Idol"],"max_hp_gain":0,"max_hp_loss":0,"event_name":"Golden Idol","floor":5,"gold_loss":0,"cards_obtained":["Injury"]},{"cards_removed":["Injury"],"damage_healed":0,"gold_gain":0,"player_choice":"Card Removal","damage_taken":7,"max_hp_gain":0,"max_hp_loss":0,"event_name":"Golden Wing","floor":10,"gold_loss":0},{"damage_healed":0,"gold_gain":0,"player_choice":"Success","damage_taken":18,"relics_obtained":["Girya"],"max_hp_gain":0,"max_hp_loss":0,"event_name":"Scrap Ooze","floor":12,"gold_loss":0},{"damage_healed":0,"gold_gain":0,"player_choice":"Obtained Book","damage_taken":21,"max_hp_gain":0,"max_hp_loss":0,"event_name":"Cursed Tome","floor":19,"gold_loss":0},{"cards_removed":["Defend_R"],"damage_healed":0,"gold_gain":0,"player_choice":"Gave Gold","damage_taken":0,"max_hp_gain":0,"max_hp_loss":0,"event_name":"Beggar","floor":22,"gold_loss":75},{"cards_removed":["Strike_R"],"damage_healed":0,"gold_gain":0,"player_choice":"Elegance","damage_taken":0,"max_hp_gain":0,"max_hp_loss":0,"event_name":"Back to Basics","floor":30,"gold_loss":0},{"damage_healed":0,"gold_gain":0,"player_choice":"Trade","damage_taken":0,"relics_obtained":["CultistMask"],"max_hp_gain":0,"max_hp_loss":0,"event_name":"FaceTrader","floor":36,"gold_loss":0},{"damage_healed":0,"gold_gain":0,"player_choice":"Ignored","damage_taken":0,"max_hp_gain":0,"max_hp_loss":0,"event_name":"Tomb of Lord Red Mask","floor":39,"gold_loss":0},{"damage_healed":0,"gold_gain":0,"player_choice":"Memory 1","damage_taken":0,"max_hp_gain":0,"max_hp_loss":0,"event_name":"SensoryStone","floor":45,"gold_loss":0}],"is_beta":true,"boss_relics":[{"not_picked":["Orrery","Mark of Pain"],"picked":"Black Blood"},{"not_picked":["Black Star","Busted Crown"],"picked":"Lizard Tail"}],"items_purged_floors":[20,27],"is_endless":false,"potions_floor_spawned":[1,7,14,21,25,29,37,41,46],"killed_by":"Nemesis","ascension_level":20}