{"gold_per_floor":[364,364,88,88,88,117,117,150,175,175,191,88,118,153,153,153],"floor_reached":16,"playtime":409,"items_purged":["Regret"],"score":171,"play_id":"1391225e-d69a-4d0f-ad65-2ac052cdcf00","local_time":"20181123155027","is_ascension_mode":true,"campfire_choices":[{"floor":7,"key":"RECALL"},{"floor":15,"key":"REST"}],"neow_cost":"TEN_PERCENT_HP_LOSS","seed_source_timestamp":94593310973100,"circlet_count":0,"master_deck":["AscendersBane","Strike_R","Strike_R","Strike_R","Strike_R","Strike_R","Defend_R","Defend_R","Defend_R","Defend_R","Bash+1","Pommel Strike","Bludgeon","Armaments+1","Thunderclap+1","True Grit","Dropkick","Whirlwind","Flex","Flame Barrier"],"relics":["Burning Blood","Dead Branch","PreservedInsect","Orichalcum","Lantern","Mummified Hand"],"potions_floor_usage":[14],"damage_taken":[{"damage":18,"enemies":"Jaw Worm","floor":1,"turns":4},{"damage":24,"enemies":"Gremlin Nob","floor":6,"turns":4},{"damage":20,"enemies":"3 Sentries","floor":8,"turns":5},{"damage":0,"enemies":"2 Louse","floor":11,"turns":1},{"damage":10,"enemies":"Gremlin Nob","floor":14,"turns":3},{"damage":37,"enemies":"Hexaghost","floor":16,"turns":9}],"seed_played":"-639659814387440076","potions_obtained":[{"floor":6,"key":"SteroidPotion"}],"is_trial":false,"path_per_floor":["M","?","$","?","?","E","R","E","T","?","M","$","?","E","R","B"],"character_chosen":"IRONCLAD","items_purchased":["Bludgeon","Armaments","Whirlwind","Flex"],"campfire_rested":1,"item_purchase_floors":[3,3,12,12],"current_hp_per_floor":[60,60,60,60,60,42,42,28,28,14,20,20,20,16,37,0],"gold":153,"neow_bonus":"TWO_FIFTY_GOLD","is_prod":false,"is_daily":false,"chose_seed":false,"campfire_upgraded":0,"win_rate":0,"timestamp":1543017027,"path_taken":["M","?","$","?","?","E","R","E","T","?","M","$","?","E","R","BOSS"],"build_version":"2018-11-15","purchased_purges":1,"victory":false,"max_hp_per_floor":[72,72,72,72,72,72,72,72,72,72,72,72,72,72,72,72],"card_choices":[{"not_picked":["Infernal Blade","Headbutt"],"picked":"Pommel Strike","floor":1},{"not_picked":["Intimidate","Armaments"],"picked":"Thunderclap","floor":6},{"not_picked":["Impervious","Thunderclap"],"picked":"True Grit","floor":8},{"not_picked":["Combust","Power Through"],"picked":"Dropkick","floor":11},{"not_picked":["Hemokinesis","Armaments"],"picked":"Flame Barrier","floor":14}],"player_experience":416114,"relics_obtained":[{"floor":6,"key":"PreservedInsect"},{"floor":8,"key":"Orichalcum"},{"floor":9,"key":"Lantern"},{"floor":14,"key":"Mummified Hand"}],"event_choices":[{"damage_healed":0,"gold_gain":0,"player_choice":"Box","damage_taken":0,"relics_obtained":["Dead Branch"],"max_hp_gain":0,"max_hp_loss":0,"event_name":"Big Fish","floor":2,"gold_loss":0,"cards_obtained":["Regret"]},{"damage_healed":0,"gold_gain":0,"player_choice":"Ignored","damage_taken":0,"max_hp_gain":0,"max_hp_loss":0,"event_name":"Liars Game","floor":4,"gold_loss":0},{"damage_healed":0,"gold_gain":0,"player_choice":"Grow","damage_taken":0,"max_hp_gain":0,"max_hp_loss":0,"event_name":"Living Wall","floor":5,"gold_loss":0,"cards_upgraded":["Armaments"]},{"damage_healed":0,"gold_gain":0,"player_choice":"Entered Light","damage_taken":14,"max_hp_gain":0,"max_hp_loss":0,"event_name":"Shining Light","floor":10,"gold_loss":0,"cards_upgraded":["Bash","Thunderclap"]},{"damage_healed":0,"gold_gain":30,"player_choice":"Searched \u00271\u0027 times","damage_taken":0,"max_hp_gain":0,"max_hp_loss":0,"event_name":"Dead Adventurer","floor":13,"gold_loss":0}],"is_beta":true,"boss_relics":[],"items_purged_floors":[3],"is_endless":false,"potions_floor_spawned":[6],"killed_by":"Hexaghost","ascension_level":10}