{"gold_per_floor":[117,117,117,42,42,76,76,114,144,179,193,214,168,188,188,284,284,309,309,77,157,171,191,216,235,260,310,269,269,285,300,300,393,393,408,408,408,37,51,51,65,65,65,65],"floor_reached":44,"playtime":2280,"items_purged":["Injury","Strike_G"],"score":1006,"play_id":"9878839a-2bb5-4a00-89f6-3eb63eddf701","local_time":"20190128205034","is_ascension_mode":true,"campfire_choices":[{"floor":7,"key":"REST"},{"floor":15,"key":"REST"},{"floor":29,"key":"REST"},{"floor":32,"key":"REST"},{"data":"Neutralize","floor":40,"key":"SMITH"}],"neow_cost":"NONE","seed_source_timestamp":805472044571300,"circlet_count":0,"master_deck":["AscendersBane","Defend_G","Defend_G","Defend_G","Defend_G","Strike_G","Strike_G+1","Strike_G+1","Strike_G","Survivor+1","Neutralize+1","Escape Plan","Leg Sweep","Blade Dance","Prepared","Corpse Explosion","Poisoned Stab","Dash","Unload+1","Prepared+1","Die Die Die","Well Laid Plans","Tools of the Trade","Acrobatics","Dodge and Roll"],"relics":["Ring of the Snake","NeowsBlessing","Golden Idol","Tough Bandages","Oddly Smooth Stone","Tiny Chest","Blood Vial","Busted Crown","Nilry\u0027s Codex","Kunai","Lantern","Orrery","Lee\u0027s Waffle","Whetstone","Letter Opener"],"potions_floor_usage":[16,20,24,33,33,39,44],"damage_taken":[{"damage":0,"enemies":"Jaw Worm","floor":1,"turns":1},{"damage":0,"enemies":"Lagavulin","floor":6,"turns":1},{"damage":0,"enemies":"Gremlin Nob","floor":8,"turns":1},{"damage":39,"enemies":"3 Sentries","floor":10,"turns":15},{"damage":0,"enemies":"2 Louse","floor":11,"turns":3},{"damage":3,"enemies":"Cultist","floor":12,"turns":4},{"damage":1,"enemies":"Large Slime","floor":14,"turns":6},{"damage":39,"enemies":"Hexaghost","floor":16,"turns":11},{"damage":5,"enemies":"Chosen","floor":18,"turns":6},{"damage":10,"enemies":"2 Thieves","floor":22,"turns":2},{"damage":3,"enemies":"Centurion and Healer","floor":23,"turns":4},{"damage":0,"enemies":"Snake Plant","floor":24,"turns":4},{"damage":11,"enemies":"3 Cultists","floor":25,"turns":4},{"damage":6,"enemies":"Cultist and Chosen","floor":30,"turns":4},{"damage":2,"enemies":"Snecko","floor":31,"turns":9},{"damage":7,"enemies":"Automaton","floor":33,"turns":15},{"damage":22,"enemies":"3 Darklings","floor":35,"turns":4},{"damage":17,"enemies":"Orb Walker","floor":39,"turns":5},{"damage":13,"enemies":"Sphere and 2 Shapes","floor":41,"turns":7},{"damage":27,"enemies":"Giant Head","floor":44,"turns":7}],"seed_played":"-4259552318503554383","potions_obtained":[{"floor":1,"key":"Ancient Potion"},{"floor":10,"key":"Fire Potion"},{"floor":11,"key":"Strength Potion"},{"floor":22,"key":"Energy Potion"},{"floor":25,"key":"Dexterity Potion"},{"floor":33,"key":"Block Potion"},{"floor":35,"key":"Swift Potion"}],"is_trial":false,"path_per_floor":["M","?","?","$","?","E","R","E","T","E","M","M","?","M","R","B",null,"M","?","$","T","M","M","M","M","T","?","$","R","M","M","R","B",null,"M","?","?","$","M","R","M","?","T","E"],"character_chosen":"THE_SILENT","items_purchased":["Prepared","Fruit Juice","Well Laid Plans","Lee\u0027s Waffle","Whetstone"],"campfire_rested":4,"item_purchase_floors":[20,20,28,38,38],"current_hp_per_floor":[59,59,39,39,39,39,58,58,58,19,21,20,20,21,40,3,50,47,26,31,31,23,22,24,15,15,15,15,36,32,32,53,48,65,45,45,45,78,61,61,50,50,50,25],"gold":65,"neow_bonus":"THREE_ENEMY_KILL","is_prod":false,"is_daily":false,"chose_seed":false,"campfire_upgraded":1,"win_rate":0,"timestamp":1548705034,"path_taken":["M","?","?","?","?","E","R","E","T","E","M","?","?","M","R","BOSS","M","?","$","?","M","M","M","M","T","?","$","R","M","M","R","BOSS","M","?","?","$","?","R","M","?","T","E"],"build_version":"2019-01-23","purchased_purges":2,"victory":false,"max_hp_per_floor":[66,66,66,66,66,66,66,66,66,66,66,66,66,66,66,66,66,66,66,71,71,71,71,71,71,71,71,71,71,71,71,71,71,71,71,71,71,78,78,78,78,78,78,78],"card_choices":[{"not_picked":["Eviscerate","Quick Slash"],"picked":"Escape Plan","floor":1},{"not_picked":["Bouncing Flask","Prepared"],"picked":"Leg Sweep","floor":6},{"not_picked":["Catalyst","Flechettes"],"picked":"Blade Dance","floor":8},{"not_picked":["Deadly Poison","Flying Knee"],"picked":"Prepared","floor":10},{"not_picked":["Dodge and Roll","Cloak And Dagger"],"picked":"Corpse Explosion","floor":11},{"not_picked":["Sucker Punch","Deadly Poison"],"picked":"Poisoned Stab","floor":12},{"not_picked":["Bouncing Flask","Endless Agony"],"picked":"Dash","floor":14},{"not_picked":["Glass Knife","Envenom"],"picked":"Unload","floor":16},{"not_picked":["Deadly Poison"],"picked":"SKIP","floor":18},{"not_picked":["Quick Slash"],"picked":"SKIP","floor":22},{"not_picked":["Distraction+1"],"picked":"SKIP","floor":23},{"not_picked":["Dagger Spray"],"picked":"SKIP","floor":24},{"not_picked":[],"picked":"Die Die Die","floor":25},{"not_picked":["Infinite Blades"],"picked":"SKIP","floor":30},{"not_picked":["Expertise"],"picked":"SKIP","floor":31},{"not_picked":[],"picked":"Tools of the Trade","floor":33},{"not_picked":[],"picked":"Acrobatics","floor":34},{"not_picked":["Quick Slash"],"picked":"SKIP","floor":35},{"not_picked":[],"picked":"Dodge and Roll","floor":39},{"not_picked":["Bullet Time"],"picked":"SKIP","floor":41}],"player_experience":1097046,"relics_obtained":[{"floor":6,"key":"Tough Bandages"},{"floor":8,"key":"Oddly Smooth Stone"},{"floor":9,"key":"Tiny Chest"},{"floor":10,"key":"Blood Vial"},{"floor":19,"key":"Nilry\u0027s Codex"},{"floor":21,"key":"Kunai"},{"floor":26,"key":"Lantern"},{"floor":43,"key":"Letter Opener"}],"event_choices":[{"damage_healed":0,"gold_gain":0,"player_choice":"Take Wound","damage_taken":0,"relics_obtained":["Golden Idol"],"max_hp_gain":0,"max_hp_loss":0,"event_name":"Golden Idol","floor":2,"gold_loss":0,"cards_obtained":["Injury"]},{"damage_healed":0,"gold_gain":0,"player_choice":"Entered Light","damage_taken":20,"max_hp_gain":0,"max_hp_loss":0,"event_name":"Shining Light","floor":3,"gold_loss":0,"cards_upgraded":["Strike_G","Survivor"]},{"cards_removed":["Defend_G"],"damage_healed":0,"gold_gain":0,"player_choice":"Purged","damage_taken":0,"max_hp_gain":0,"max_hp_loss":0,"event_name":"Purifier","floor":5,"gold_loss":0},{"damage_healed":0,"gold_gain":0,"player_choice":"Left Gold","damage_taken":0,"max_hp_gain":0,"max_hp_loss":0,"event_name":"World of Goop","floor":13,"gold_loss":46},{"damage_healed":0,"gold_gain":0,"player_choice":"Obtained Book","damage_taken":21,"max_hp_gain":0,"max_hp_loss":0,"event_name":"Cursed Tome","floor":19,"gold_loss":0},{"damage_healed":0,"gold_gain":50,"player_choice":"Stole From Cult","damage_taken":0,"max_hp_gain":0,"max_hp_loss":0,"event_name":"Nest","floor":27,"gold_loss":0},{"damage_healed":0,"gold_gain":0,"player_choice":"Ignored","damage_taken":0,"max_hp_gain":0,"max_hp_loss":0,"event_name":"Tomb of Lord Red Mask","floor":36,"gold_loss":0},{"damage_healed":0,"gold_gain":0,"player_choice":"Upgraded","damage_taken":0,"max_hp_gain":0,"max_hp_loss":0,"event_name":"Upgrade Shrine","floor":37,"gold_loss":0,"cards_upgraded":["Prepared"]},{"damage_healed":0,"gold_gain":0,"player_choice":"Ignored","damage_taken":0,"max_hp_gain":0,"max_hp_loss":0,"event_name":"Mysterious Sphere","floor":42,"gold_loss":0}],"is_beta":true,"boss_relics":[{"not_picked":["Runic Dome","Coffee Dripper"],"picked":"Busted Crown"},{"not_picked":["Philosopher\u0027s Stone","Pandora\u0027s Box"],"picked":"Orrery"}],"items_purged_floors":[4,20],"is_endless":false,"potions_floor_spawned":[1,10,11,14,22,25,30,33,35],"killed_by":"Giant Head","ascension_level":20}