{"gold_per_floor":[111,111,111,111,131,131,44,44,44,74,94,114,114,141,141,141],"floor_reached":16,"playtime":757,"items_purged":[],"score":216,"play_id":"f5bbecb5-177f-475c-b5e2-7cdb5b943173","local_time":"20190326191829","is_ascension_mode":true,"campfire_choices":[{"data":"Demon Form","floor":6.0,"key":"SMITH"},{"data":"Bash","floor":8.0,"key":"SMITH"},{"floor":13.0,"key":"REST"},{"floor":15,"key":"REST"}],"neow_cost":"NONE","seed_source_timestamp":0,"circlet_count":0,"master_deck":["AscendersBane","Strike_R","Strike_R","Strike_R","Strike_R","Strike_R","Defend_R","Defend_R","Defend_R","Defend_R","Bash+1","Demon Form+1","Pummel","Heavy Blade","Shrug It Off+1"],"special_seed":0,"relics":["Burning Blood","Kunai","Shovel","Shuriken","Art of War","Toxic Egg 2"],"potions_floor_usage":[],"damage_taken":[{"damage":2.0,"enemies":"Cultist","floor":1.0,"turns":4.0},{"damage":11.0,"enemies":"Jaw Worm","floor":5.0,"turns":4.0},{"damage":28.0,"enemies":"Lagavulin","floor":10.0,"turns":6.0},{"damage":2.0,"enemies":"Small Slimes","floor":11.0,"turns":3.0},{"damage":37.0,"enemies":"Exordium Thugs","floor":12.0,"turns":5.0},{"damage":35,"enemies":"3 Sentries","floor":14,"turns":7},{"damage":38,"enemies":"Slime Boss","floor":16,"turns":3}],"seed_played":"6552078718425672647","potions_obtained":[{"floor":5.0,"key":"Block Potion"},{"floor":10.0,"key":"EssenceOfSteel"}],"is_trial":false,"path_per_floor":["M","?","?","?","M","R","?","R","T","E","M","M","R","E","R","B"],"character_chosen":"IRONCLAD","items_purchased":[],"campfire_rested":2,"item_purchase_floors":[],"current_hp_per_floor":[72,72,72,68,63,63,63,63,63,41,45,14,36,7,29,0],"gold":141,"neow_bonus":"ONE_RANDOM_RARE_CARD","is_prod":false,"is_daily":false,"chose_seed":false,"campfire_upgraded":2,"win_rate":0,"timestamp":1553624309,"path_taken":["M","?","?","?","?","R","?","R","T","E","M","?","R","E","R","BOSS"],"build_version":"2019-03-15","purchased_purges":0,"victory":false,"max_hp_per_floor":[75,75,75,75,75,75,75,75,75,75,75,75,75,75,75,75],"card_choices":[{"not_picked":["Pommel Strike","Bloodletting","Seeing Red"],"picked":"SKIP","floor":1.0},{"not_picked":["Thunderclap","Warcry","Spot Weakness"],"picked":"SKIP","floor":5.0},{"not_picked":["Double Tap","Flame Barrier"],"picked":"Pummel","floor":10.0},{"not_picked":["Anger","Clothesline"],"picked":"Heavy Blade","floor":11.0},{"not_picked":["Flex","Hemokinesis","True Grit"],"picked":"SKIP","floor":12.0},{"not_picked":["Headbutt","Hemokinesis"],"picked":"Shrug It Off","floor":14}],"player_experience":1286657,"relics_obtained":[{"floor":9.0,"key":"Shuriken"},{"floor":10.0,"key":"Art of War"},{"floor":14,"key":"Toxic Egg 2"}],"event_choices":[{"damage_healed":0.0,"max_hp_gain":0.0,"max_hp_loss":0.0,"gold_gain":0.0,"event_name":"Big Fish","player_choice":"Box","floor":2.0,"gold_loss":0.0,"damage_taken":0.0,"relics_obtained":["Kunai"],"cards_obtained":["Regret"]},{"cards_removed":["Regret"],"damage_healed":0.0,"max_hp_gain":0.0,"max_hp_loss":0.0,"gold_gain":0.0,"event_name":"Living Wall","player_choice":"Forget","floor":3.0,"gold_loss":0.0,"damage_taken":0.0},{"damage_healed":0.0,"max_hp_gain":0.0,"max_hp_loss":0.0,"gold_gain":0.0,"event_name":"The Woman in Blue","player_choice":"Bought 0 Potions","floor":4.0,"gold_loss":0.0,"damage_taken":0.0},{"damage_healed":0.0,"max_hp_gain":0.0,"max_hp_loss":0.0,"gold_gain":0.0,"event_name":"WeMeetAgain","player_choice":"Paid Gold","floor":7.0,"gold_loss":87.0,"damage_taken":0.0,"relics_obtained":["Shovel"]}],"is_beta":true,"boss_relics":[],"items_purged_floors":[],"is_endless":false,"potions_floor_spawned":[5,10],"killed_by":"Slime Boss","ascension_level":20}