{"gold_per_floor":[109,109,109,109,124,124,156,169,217,217,20,20,52,65,65,160,160,176,206,221,221,136,136,136,151,204,214,152,198,248,248],"floor_reached":31,"playtime":1238,"items_purged":[],"score":339,"play_id":"d9f15792-41df-40ef-8844-276c3011759f","local_time":"20180909140251","is_ascension_mode":true,"campfire_choices":[{"data":"Neutralize","floor":6.0,"key":"SMITH"},{"data":"Backflip","floor":10.0,"key":"SMITH"},{"data":"Footwork","floor":12.0,"key":"SMITH"},{"floor":15.0,"key":"REST"},{"floor":24,"key":"REST"}],"neow_cost":"","seed_source_timestamp":0,"circlet_count":0,"master_deck":["Defend_G","Defend_G","Defend_G","Defend_G","Defend_G","Strike_G","Strike_G","Strike_G","Strike_G","Strike_G","Survivor","Neutralize+1","Blade Dance","Cloak And Dagger","Blade Dance","Backflip+1","Footwork+1","Dagger Spray","Footwork","Doppelganger","Choke+1","Footwork+1","Cloak And Dagger","Blur"],"special_seed":0,"relics":["Ring of the Snake","WarpedTongs","The Courier","Bottled Lightning","Potion Belt","Sling","Sundial","White Beast Statue","Tiny Chest","Prayer Wheel","Bronze Scales","Bag of Preparation"],"potions_floor_usage":[23,27,31],"damage_taken":[{"damage":7.0,"enemies":"Jaw Worm","floor":1.0,"turns":7.0},{"damage":0.0,"enemies":"Cultist","floor":5.0,"turns":4.0},{"damage":23.0,"enemies":"3 Sentries","floor":7.0,"turns":10.0},{"damage":0.0,"enemies":"Small Slimes","floor":8.0,"turns":2.0},{"damage":11.0,"enemies":"Lagavulin","floor":13.0,"turns":6.0},{"damage":0.0,"enemies":"Blue Slaver","floor":14.0,"turns":4.0},{"damage":25.0,"enemies":"Slime Boss","floor":16.0,"turns":14.0},{"damage":6.0,"enemies":"Shell Parasite","floor":18.0,"turns":11.0},{"damage":18.0,"enemies":"3 Byrds","floor":20.0,"turns":6.0},{"damage":0,"enemies":"Slavers","floor":23,"turns":1},{"damage":25,"enemies":"Snake Plant","floor":25,"turns":4},{"damage":0,"enemies":"Shelled Parasite and Fungi","floor":27,"turns":8},{"damage":19,"enemies":"Chosen and Byrds","floor":31,"turns":9}],"seed_played":"6763086543302666474","potions_obtained":[{"floor":8.0,"key":"Dexterity Potion"},{"floor":16.0,"key":"Swift Potion"},{"floor":18.0,"key":"SmokeBomb"},{"floor":20.0,"key":"FearPotion"},{"floor":25,"key":"EssenceOfSteel"},{"floor":27,"key":"PowerPotion"}],"is_trial":false,"path_per_floor":["M","?","?","T","M","R","E","M","T","R","$","R","E","M","R","B",null,"M","?","M","?","?","E","R","M","T","M","$","T","?"],"character_chosen":"THE_SILENT","items_purchased":["Footwork","Sling","Blur"],"campfire_rested":2,"item_purchase_floors":[11,11,28],"current_hp_per_floor":[56,56,56,56,56,56,33,33,33,33,33,33,22,22,43,18,57,51,51,33,20,20,20,42,17,17,17,17,17,17,0],"gold":248,"neow_bonus":"","is_prod":false,"is_daily":false,"chose_seed":false,"campfire_upgraded":3,"win_rate":0,"timestamp":1536526971,"path_taken":["M","?","?","?","M","R","E","?","T","R","?","R","E","?","R","BOSS","M","?","M","?","?","E","R","M","T","M","$","?","?","M"],"build_version":"2018-09-06","purchased_purges":0,"victory":false,"max_hp_per_floor":[70,70,70,70,70,70,70,70,70,70,70,70,70,70,70,70,70,70,70,70,75,75,75,75,75,75,75,75,75,75,75],"card_choices":[{"not_picked":["Backflip","Tactician"],"picked":"Blade Dance","floor":1.0},{"not_picked":["Quick Slash","Outmaneuver"],"picked":"Cloak And Dagger","floor":5.0},{"not_picked":["Flying Knee","Crippling Poison"],"picked":"Blade Dance","floor":7.0},{"not_picked":["All Out Attack","Flying Knee"],"picked":"Backflip","floor":8.0},{"not_picked":["Setup","Dodge and Roll"],"picked":"Dagger Spray","floor":13.0},{"not_picked":["Dagger Throw","Sucker Punch"],"picked":"Footwork","floor":14.0},{"not_picked":["Glass Knife","Burst"],"picked":"Doppelganger","floor":16.0},{"not_picked":["Blade Dance","Deflect"],"picked":"Choke+1","floor":18.0},{"not_picked":["Caltrops+1","Flechettes","Sucker Punch"],"picked":"SKIP","floor":20.0},{"not_picked":["Burst","Expertise"],"picked":"Footwork+1","floor":25},{"not_picked":["Terror","Quick Slash"],"picked":"Cloak And Dagger","floor":25},{"not_picked":["Bane","Tactician+1","Underhanded Strike"],"picked":"SKIP","floor":27},{"not_picked":["Blade Dance","Deadly Poison+1","Dagger Spray"],"picked":"SKIP","floor":27}],"player_experience":255396,"relics_obtained":[{"floor":4.0,"key":"The Courier"},{"floor":7.0,"key":"Bottled Lightning"},{"floor":9.0,"key":"Potion Belt"},{"floor":13.0,"key":"Sundial"},{"floor":26,"key":"Bronze Scales"},{"floor":29,"key":"Bag of Preparation"}],"event_choices":[{"event_name":"Accursed Blacksmith","player_choice":"Rummage","floor":2.0,"damage_taken":0.0},{"event_name":"Living Wall","player_choice":"Forget","floor":3.0,"damage_taken":0.0},{"event_name":"WeMeetAgain","player_choice":"Potion","floor":19.0,"damage_taken":0.0},{"event_name":"Forgotten Altar","player_choice":"Shed Blood","floor":21.0,"damage_taken":0.0},{"event_name":"Addict","player_choice":"Obtained Relic","floor":22.0,"damage_taken":0.0},{"event_name":"The Joust","player_choice":"Bet on Murderer","floor":30,"damage_taken":0}],"is_beta":true,"boss_relics":[{"not_picked":["Eternal Feather","Runic Dome"],"picked":"White Beast Statue"}],"items_purged_floors":[],"is_endless":false,"potions_floor_spawned":[8,16,18,20,23,25,27],"killed_by":"Chosen and Byrds","ascension_level":6}