{"gold_per_floor":[18,29,45,45,63,93,168,93,93,42,42,42,53,70,70,144,144,162,172,202,252,177,177,92,92,92,92,92,72,15,41,41,113,113,131,143,143,154,2,2],"floor_reached":40,"playtime":1110,"items_purged":["Defend_R","Defend_R"],"score":804,"play_id":"30e73278-9094-4421-a21a-a9a734b73fa4","local_time":"20190330195306","is_ascension_mode":true,"campfire_choices":[{"floor":12.0,"key":"REST"},{"data":"Bash","floor":15.0,"key":"SMITH"},{"data":"Inflame","floor":23.0,"key":"SMITH"},{"floor":27.0,"key":"REST"},{"data":"Offering","floor":32.0,"key":"SMITH"}],"neow_cost":"NO_GOLD","seed_source_timestamp":0,"circlet_count":0,"master_deck":["AscendersBane","Strike_R","Strike_R","Strike_R","Strike_R","Strike_R","Defend_R","Defend_R","Bash+1","Inflame+1","Sword Boomerang","Heavy Blade","Offering+1","Immolate","Shrug It Off","Impervious+1","Shrug It Off"],"special_seed":0,"relics":["Burning Blood","Thread and Needle","WarpedTongs","Juzu Bracelet","Regal Pillow","Velvet Choker","Red Mask","Matryoshka","Art of War","Pantograph","Centennial Puzzle","Sozu"],"potions_floor_usage":[],"damage_taken":[{"damage":0.0,"enemies":"Jaw Worm","floor":1.0,"turns":5.0},{"damage":0.0,"enemies":"Cultist","floor":2.0,"turns":3.0},{"damage":8.0,"enemies":"Small Slimes","floor":3.0,"turns":4.0},{"damage":13.0,"enemies":"Exordium Wildlife","floor":5.0,"turns":5.0},{"damage":37.0,"enemies":"Lagavulin","floor":6.0,"turns":5.0},{"damage":2.0,"enemies":"3 Louse","floor":13.0,"turns":4.0},{"damage":4.0,"enemies":"Blue Slaver","floor":14.0,"turns":4.0},{"damage":29.0,"enemies":"The Guardian","floor":16.0,"turns":9.0},{"damage":16.0,"enemies":"2 Thieves","floor":18.0,"turns":4.0},{"damage":13.0,"enemies":"Spheric Guardian","floor":19.0,"turns":3.0},{"damage":9.0,"enemies":"Masked Bandits","floor":20.0,"turns":3.0},{"damage":19.0,"enemies":"Gremlin Leader","floor":31.0,"turns":5.0},{"damage":82.0,"enemies":"Automaton","floor":33.0,"turns":10.0},{"damage":17.0,"enemies":"Orb Walker","floor":35.0,"turns":3.0},{"damage":15,"enemies":"3 Shapes","floor":36,"turns":3},{"damage":6,"enemies":"Transient","floor":38,"turns":6},{"damage":34,"enemies":"Giant Head","floor":40,"turns":4}],"seed_played":"-3524301463385834953","potions_obtained":[{"floor":1.0,"key":"GamblersBrew"},{"floor":2.0,"key":"Poison Potion"},{"floor":14.0,"key":"GamblersBrew"},{"floor":16.0,"key":"Weak Potion"},{"floor":29.0,"key":"GamblersBrew"},{"floor":31.0,"key":"BloodPotion"}],"is_trial":false,"path_per_floor":["M","M","M","?","M","E","?","?","T","$","$","R","M","M","R","B",null,"M","M","?","?","$","R","?","?","T","R","$","?","$","E","R","B",null,"M","M","?","M","$","E"],"character_chosen":"IRONCLAD","items_purchased":["Heavy Blade","Shrug It Off","Shrug It Off"],"campfire_rested":2,"item_purchase_floors":[10,30,39],"current_hp_per_floor":[74,75,73,73,66,35,24,24,24,24,24,61,65,67,67,44,67,57,50,47,47,47,47,47,26,26,65,65,65,65,52,52,9,62,51,42,42,42,42,8],"gold":2,"neow_bonus":"ONE_RARE_RELIC","is_prod":false,"is_daily":false,"chose_seed":false,"campfire_upgraded":3,"win_rate":0,"timestamp":1553971986,"path_taken":["M","M","M","?","?","E","?","?","T","?","$","R","M","M","R","BOSS","M","M","?","?","?","R","?","?","T","R","$","?","?","E","R","BOSS","M","M","?","M","?","E"],"build_version":"2019-03-15","purchased_purges":2,"victory":false,"max_hp_per_floor":[75,75,75,75,75,75,75,75,75,75,75,75,75,75,75,75,75,75,75,75,75,75,75,75,80,80,80,80,80,80,80,80,80,80,80,80,80,80,80,80],"card_choices":[{"not_picked":["Dual Wield","Armaments"],"picked":"Inflame","floor":1.0},{"not_picked":["Disarm","Flex","Wild Strike"],"picked":"SKIP","floor":2.0},{"not_picked":["Warcry","Battle Trance"],"picked":"Sword Boomerang","floor":3.0},{"not_picked":["Iron Wave","Metallicize","Cleave"],"picked":"SKIP","floor":5.0},{"not_picked":["Second Wind","Ghostly Armor","Headbutt"],"picked":"SKIP","floor":6.0},{"not_picked":["Burning Pact","Dual Wield","Flex"],"picked":"SKIP","floor":13.0},{"not_picked":["True Grit","Sword Boomerang"],"picked":"Offering","floor":14.0},{"not_picked":["Bludgeon","Berserk"],"picked":"Immolate","floor":16.0},{"not_picked":["Pommel Strike","Reckless Charge","Whirlwind"],"picked":"SKIP","floor":18.0},{"not_picked":["Corruption","Uppercut","Bloodletting"],"picked":"SKIP","floor":19.0},{"not_picked":["Perfected Strike","Spot Weakness","Barricade"],"picked":"SKIP","floor":31.0},{"not_picked":["Fiend Fire","Juggernaut"],"picked":"Impervious","floor":33.0},{"not_picked":["Entrench","Iron Wave+1","Armaments"],"picked":"SKIP","floor":35.0},{"not_picked":["Heavy Blade","Armaments","Thunderclap+1"],"picked":"SKIP","floor":36},{"not_picked":["Wild Strike","Warcry+1","Body Slam"],"picked":"SKIP","floor":38}],"player_experience":1308755,"relics_obtained":[{"floor":6.0,"key":"Juzu Bracelet"},{"floor":9.0,"key":"Regal Pillow"},{"floor":20.0,"key":"Red Mask"},{"floor":26.0,"key":"Art of War"},{"floor":26.0,"key":"Pantograph"},{"floor":31.0,"key":"Centennial Puzzle"}],"event_choices":[{"damage_healed":0.0,"max_hp_gain":0.0,"max_hp_loss":0.0,"gold_gain":0.0,"event_name":"Accursed Blacksmith","player_choice":"Rummage","floor":4.0,"gold_loss":0.0,"damage_taken":0.0,"relics_obtained":["WarpedTongs"],"cards_obtained":["Pain"]},{"damage_healed":0.0,"max_hp_gain":0.0,"max_hp_loss":0.0,"gold_gain":75.0,"event_name":"World of Goop","player_choice":"Gather Gold","floor":7.0,"gold_loss":0.0,"damage_taken":11.0},{"cards_removed":["Pain"],"damage_healed":0.0,"max_hp_gain":0.0,"max_hp_loss":0.0,"gold_gain":0.0,"event_name":"The Cleric","player_choice":"Card Removal","floor":8.0,"gold_loss":75.0,"damage_taken":0.0},{"damage_healed":0.0,"max_hp_gain":0.0,"max_hp_loss":0.0,"gold_gain":0.0,"event_name":"Masked Bandits","player_choice":"Fought Bandits","floor":20.0,"gold_loss":0.0,"damage_taken":0.0},{"damage_healed":0.0,"max_hp_gain":0.0,"max_hp_loss":0.0,"gold_gain":50.0,"event_name":"Nest","player_choice":"Stole From Cult","floor":21.0,"gold_loss":0.0,"damage_taken":0.0},{"damage_healed":0.0,"max_hp_gain":0.0,"max_hp_loss":0.0,"gold_gain":0.0,"event_name":"Addict","player_choice":"Obtained Relic","floor":24.0,"gold_loss":85.0,"damage_taken":0.0,"relics_obtained":["Matryoshka"]},{"damage_healed":0.0,"max_hp_gain":5.0,"max_hp_loss":0.0,"gold_gain":0.0,"event_name":"Forgotten Altar","player_choice":"Shed Blood","floor":25.0,"gold_loss":0.0,"damage_taken":26.0},{"damage_healed":0.0,"max_hp_gain":0.0,"max_hp_loss":0.0,"gold_gain":0.0,"event_name":"The Woman in Blue","player_choice":"Bought 1 Potion","floor":29.0,"gold_loss":0.0,"damage_taken":0.0},{"damage_healed":0,"gold_gain":0,"player_choice":"Upgraded","damage_taken":0,"max_hp_gain":0,"max_hp_loss":0,"event_name":"Upgrade Shrine","floor":37,"gold_loss":0,"cards_upgraded":["Impervious"]}],"is_beta":true,"boss_relics":[{"not_picked":["White Beast Statue","Busted Crown"],"picked":"Velvet Choker"},{"not_picked":["Coffee Dripper","Runic Dome"],"picked":"Sozu"}],"items_purged_floors":[22,39],"is_endless":false,"potions_floor_spawned":[1,2,3,14,16,31,35,36],"killed_by":"Giant Head","ascension_level":20}