{"gold_per_floor":[114,130,130,130,143,175,193,193,242,242,261,261,288,298,298,376,376,388,388,388,408,323,323,323,323,323,3,35,47,72,91,91,168,168,182,1181,831,847,847,847,847,79,104,104,124,124,152,163,163,163,163,163,163,62,89,89],"floor_reached":57,"playtime":5781,"items_purged":["Strike_R","Normality","Normality"],"score":2856,"play_id":"c24d79ca-dc34-40ef-8340-99c39863ad89","local_time":"20190503094921","is_ascension_mode":true,"campfire_choices":[{"data":"Whirlwind","floor":8.0,"key":"SMITH"},{"data":"Disarm","floor":10.0,"key":"SMITH"},{"data":"True Grit","floor":12.0,"key":"SMITH"},{"data":"Barricade","floor":15.0,"key":"SMITH"},{"data":"Flame Barrier","floor":23.0,"key":"SMITH"},{"data":"Corruption","floor":25.0,"key":"SMITH"},{"data":"Armaments","floor":32.0,"key":"SMITH"},{"data":"Entrench","floor":41.0,"key":"SMITH"},{"floor":44.0,"key":"RECALL"},{"data":"Ghostly","floor":46.0,"key":"SMITH"},{"data":"Disarm","floor":49.0,"key":"SMITH"},{"data":"Body Slam","floor":53.0,"key":"SMITH"}],"neow_cost":"NONE","seed_source_timestamp":0,"circlet_count":0,"master_deck":["AscendersBane","Defend_R","Defend_R+1","Defend_R+1","Defend_R","Bash+1","Twin Strike","Feel No Pain+1","Corruption+1","Whirlwind+1","Disarm+1","True Grit+1","Barricade+1","Flame Barrier+1","Feed","Twin Strike+1","Combust+1","Reaper+1","Ghostly+1","Ghostly","Ghostly","Shockwave","Feel No Pain+1","Barricade+1","Armaments+1","Body Slam+1","Disarm+1","Impervious","Entrench+1","Intimidate+1","Shrug It Off","Flame Barrier","Battle Trance","Headbutt","Sentinel+1","Discovery","Armaments"],"special_seed":0,"relics":["Burning Blood","Shuriken","Ancient Tea Set","War Paint","Astrolabe","MutagenicStrength","Bronze Scales","Frozen Egg 2","PreservedInsect","Kunai","Boot","Sozu","Centennial Puzzle","Torii","Bag of Preparation","Letter Opener","StoneCalendar"],"potions_floor_usage":[],"damage_taken":[{"damage":7.0,"enemies":"Small Slimes","floor":1.0,"turns":3.0},{"damage":3.0,"enemies":"2 Louse","floor":2.0,"turns":3.0},{"damage":7.0,"enemies":"Cultist","floor":5.0,"turns":4.0},{"damage":32.0,"enemies":"Gremlin Nob","floor":6.0,"turns":4.0},{"damage":9.0,"enemies":"Blue Slaver","floor":7.0,"turns":5.0},{"damage":1.0,"enemies":"Looter","floor":11.0,"turns":3.0},{"damage":2.0,"enemies":"Lagavulin","floor":13.0,"turns":7.0},{"damage":9.0,"enemies":"2 Fungi Beasts","floor":14.0,"turns":3.0},{"damage":0.0,"enemies":"The Guardian","floor":16.0,"turns":17.0},{"damage":16.0,"enemies":"Shell Parasite","floor":18.0,"turns":10.0},{"damage":7.0,"enemies":"Spheric Guardian","floor":21.0,"turns":9.0},{"damage":4.0,"enemies":"Slavers","floor":28.0,"turns":4.0},{"damage":20.0,"enemies":"Chosen and Byrds","floor":29.0,"turns":10.0},{"damage":9.0,"enemies":"Book of Stabbing","floor":30.0,"turns":4.0},{"damage":8.0,"enemies":"Centurion and Healer","floor":31.0,"turns":10.0},{"damage":38.0,"enemies":"Automaton","floor":33.0,"turns":12.0},{"damage":0.0,"enemies":"3 Shapes","floor":35.0,"turns":9.0},{"damage":11.0,"enemies":"3 Darklings","floor":38.0,"turns":7.0},{"damage":0.0,"enemies":"Spire Growth","floor":45.0,"turns":7.0},{"damage":0.0,"enemies":"Nemesis","floor":47.0,"turns":20.0},{"damage":0.0,"enemies":"Maw","floor":48.0,"turns":10.0},{"damage":19.0,"enemies":"Awakened One","floor":50.0,"turns":19.0},{"damage":28.0,"enemies":"Time Eater","floor":51.0,"turns":24.0},{"damage":1.0,"enemies":"Shield and Spear","floor":55.0,"turns":11.0},{"damage":47,"enemies":"The Heart","floor":56,"turns":13}],"seed_played":"2641937747580741660","potions_obtained":[{"floor":5.0,"key":"Fire Potion"},{"floor":6.0,"key":"Explosive Potion"},{"floor":13.0,"key":"Regen Potion"},{"floor":14.0,"key":"Fruit Juice"},{"floor":16.0,"key":"Explosive Potion"},{"floor":18.0,"key":"PowerPotion"},{"floor":29.0,"key":"EntropicBrew"},{"floor":30.0,"key":"AttackPotion"}],"is_trial":false,"path_per_floor":["M","M","?","?","M","E","M","R","T","R","M","R","E","M","R","B",null,"M","?","?","M","?","R","$","R","T","$","E","M","E","M","R","B",null,"M","?","$","M","?","?","R","$","T","R","M","R","E","M","R","B","B",null,"R","$","E","B",null],"character_chosen":"IRONCLAD","items_purchased":["PreservedInsect","Feel No Pain+1","Entrench","Centennial Puzzle","Torii","Shrug It Off","Bag of Preparation","Flame Barrier","Discovery"],"campfire_rested":0,"item_purchase_floors":[27,27,37,37,42,42,42,42,54],"current_hp_per_floor":[67,70,70,70,69,43,40,40,40,40,45,45,49,46,46,57,74,68,68,41,40,40,40,40,40,40,40,44,35,32,45,45,31,45,53,53,53,48,48,48,48,48,48,48,53,53,53,57,57,49,34,51,51,51,60,25],"gold":89,"neow_bonus":"UPGRADE_CARD","is_prod":false,"is_daily":false,"chose_seed":false,"campfire_upgraded":11,"win_rate":0,"timestamp":1556898561,"path_taken":["M","M","?","?","M","E","M","R","T","R","M","R","E","?","R","BOSS","M","?","?","M","?","R","$","R","T","$","E","M","E","M","R","BOSS","M","?","$","M","?","?","R","$","T","R","M","R","E","?","R","BOSS","BOSS","R","$","E","BOSS"],"build_version":"2019-04-23","purchased_purges":3,"victory":true,"max_hp_per_floor":[75,75,75,75,75,75,75,75,75,75,75,75,75,75,75,80,80,83,83,41,41,41,41,41,41,41,41,44,44,44,47,47,50,50,53,53,53,53,50,50,50,50,50,50,53,53,53,57,57,57,57,57,57,57,61,61],"card_choices":[{"not_picked":["Havoc","Seeing Red"],"picked":"Twin Strike","floor":1.0},{"not_picked":["Havoc","Sever Soul"],"picked":"Feel No Pain","floor":2.0},{"not_picked":["Reckless Charge","Combust"],"picked":"Iron Wave","floor":5.0},{"not_picked":["Flame Barrier","Clash"],"picked":"Whirlwind","floor":6.0},{"not_picked":["Havoc","Carnage"],"picked":"Disarm","floor":7.0},{"not_picked":["Fire Breathing","Headbutt"],"picked":"True Grit","floor":11.0},{"not_picked":["Intimidate","Evolve"],"picked":"Barricade","floor":13.0},{"not_picked":["Flex","Pommel Strike"],"picked":"Flame Barrier","floor":14.0},{"not_picked":["Double Tap","Immolate"],"picked":"Feed","floor":16.0},{"not_picked":["Carnage","Twin Strike","Infernal Blade"],"picked":"SKIP","floor":18.0},{"not_picked":["Inflame","Shrug It Off"],"picked":"Shockwave","floor":21.0},{"not_picked":["Whirlwind","Flex"],"picked":"Barricade+1","floor":28.0},{"not_picked":["Carnage+1","Thunderclap"],"picked":"Armaments","floor":29.0},{"not_picked":["Thunderclap","Evolve+1"],"picked":"Body Slam","floor":30.0},{"not_picked":["Havoc","Headbutt"],"picked":"Disarm","floor":31.0},{"not_picked":["Dark Embrace+1","Offering"],"picked":"Impervious","floor":33.0},{"not_picked":["Evolve+1","Wild Strike","Headbutt"],"picked":"SKIP","floor":35.0},{"not_picked":["Metallicize+1","Sword Boomerang"],"picked":"Intimidate+1","floor":38.0},{"not_picked":["Burning Pact","Warcry"],"picked":"Battle Trance","floor":45.0},{"not_picked":["Iron Wave","Bludgeon"],"picked":"Headbutt","floor":47.0},{"not_picked":["Searing Blow","Uppercut"],"picked":"Sentinel+1","floor":48.0},{"not_picked":["Heavy Blade","Feed"],"picked":"Armaments","floor":55.0}],"player_experience":3115445,"relics_obtained":[{"floor":6.0,"key":"Shuriken"},{"floor":9.0,"key":"Ancient Tea Set"},{"floor":13.0,"key":"War Paint"},{"floor":26.0,"key":"Frozen Egg 2"},{"floor":28.0,"key":"Kunai"},{"floor":30.0,"key":"Boot"},{"floor":47.0,"key":"Letter Opener"},{"floor":55.0,"key":"StoneCalendar"}],"event_choices":[{"damage_healed":0.0,"max_hp_gain":0.0,"max_hp_loss":0.0,"gold_gain":0.0,"cards_transformed":["Strike_R"],"event_name":"Living Wall","player_choice":"Change","floor":3.0,"gold_loss":0.0,"damage_taken":0.0,"cards_obtained":["Corruption"]},{"damage_healed":0.0,"max_hp_gain":0.0,"max_hp_loss":0.0,"gold_gain":0.0,"event_name":"Accursed Blacksmith","player_choice":"Forge","floor":4.0,"gold_loss":0.0,"damage_taken":0.0,"cards_upgraded":["Feel No Pain"]},{"damage_healed":0.0,"max_hp_gain":0.0,"max_hp_loss":0.0,"gold_gain":0.0,"event_name":"Drug Dealer","player_choice":"Inject Mutagens","floor":19.0,"gold_loss":0.0,"damage_taken":0.0,"relics_obtained":["MutagenicStrength"]},{"damage_healed":0.0,"max_hp_gain":0.0,"max_hp_loss":42.0,"gold_gain":0.0,"event_name":"Ghosts","player_choice":"Became a Ghost","floor":20.0,"gold_loss":0.0,"damage_taken":0.0,"cards_obtained":["Ghostly","Ghostly","Ghostly"]},{"damage_healed":0.0,"max_hp_gain":0.0,"max_hp_loss":0.0,"gold_gain":0.0,"event_name":"Addict","player_choice":"Obtained Relic","floor":22.0,"gold_loss":85.0,"damage_taken":0.0,"relics_obtained":["Bronze Scales"]},{"damage_healed":0.0,"max_hp_gain":0.0,"max_hp_loss":0.0,"gold_gain":999.0,"event_name":"MindBloom","player_choice":"Gold","floor":36.0,"gold_loss":0.0,"damage_taken":0.0,"cards_obtained":["Normality","Normality"]},{"damage_healed":0.0,"max_hp_gain":0.0,"max_hp_loss":3.0,"gold_gain":0.0,"event_name":"Winding Halls","player_choice":"Max HP","floor":39.0,"gold_loss":0.0,"damage_taken":0.0},{"cards_removed":["Iron Wave"],"damage_healed":0.0,"max_hp_gain":0.0,"max_hp_loss":0.0,"gold_gain":0.0,"event_name":"Falling","player_choice":"Removed Attack","floor":40.0,"gold_loss":0.0,"damage_taken":0.0}],"is_beta":true,"boss_relics":[{"not_picked":["Busted Crown","White Beast Statue"],"picked":"Astrolabe"},{"not_picked":["Empty Cage","Philosopher\u0027s Stone"],"picked":"Sozu"}],"items_purged_floors":[27,37,42],"is_endless":false,"potions_floor_spawned":[5,6,13,14,16,18,29,30,38,45],"ascension_level":20}