{"gold_per_floor":[111,124,124,124,124,155,170,202,202,202,127,147,162,162,162,238,238,253,453,470,481,481,481,493,493,543,47,47,62,62,77,77,77],"floor_reached":33,"playtime":805,"items_purged":["Regret","Defend_R"],"score":614,"play_id":"97d908b5-4610-401b-9f1d-3c2c80b853b1","local_time":"20190407224250","is_ascension_mode":true,"campfire_choices":[{"floor":10,"key":"REST"},{"data":"Bash","floor":15,"key":"SMITH"},{"data":"Twin Strike","floor":23,"key":"SMITH"},{"floor":25,"key":"REST"},{"data":"Inflame","floor":30,"key":"SMITH"},{"data":"Heavy Blade","floor":32,"key":"SMITH"}],"neow_cost":"NONE","seed_source_timestamp":27465581946900,"circlet_count":0,"master_deck":["AscendersBane","Strike_R","Strike_R","Strike_R","Strike_R","Strike_R","Defend_R","Defend_R+1","Defend_R+1","Bash+1","Sword Boomerang","Heavy Blade+1","Twin Strike+1","Shrug It Off","Feed","Shrug It Off","Shrug It Off","Inflame+1","Shrug It Off","Sword Boomerang"],"relics":["Burning Blood","NeowsBlessing","Vajra","Nunchaku","Boot","Bronze Scales","Sozu","FaceOfCleric","Strawberry","Paper Frog","Mercury Hourglass"],"potions_floor_usage":[8,14,16,33],"damage_taken":[{"damage":0,"enemies":"Jaw Worm","floor":1,"turns":1},{"damage":0,"enemies":"Small Slimes","floor":2,"turns":1},{"damage":0,"enemies":"Gremlin Nob","floor":6,"turns":1},{"damage":0,"enemies":"2 Louse","floor":7,"turns":3},{"damage":38,"enemies":"3 Sentries","floor":8,"turns":8},{"damage":14,"enemies":"Exordium Thugs","floor":12,"turns":3},{"damage":2,"enemies":"Red Slaver","floor":13,"turns":3},{"damage":30,"enemies":"The Guardian","floor":16,"turns":8},{"damage":11,"enemies":"Chosen","floor":18,"turns":5},{"damage":15,"enemies":"2 Thieves","floor":20,"turns":4},{"damage":11,"enemies":"Centurion and Healer","floor":21,"turns":7},{"damage":44,"enemies":"Snecko","floor":24,"turns":7},{"damage":0,"enemies":"Snake Plant","floor":29,"turns":3},{"damage":9,"enemies":"Centurion and Healer","floor":31,"turns":4},{"damage":79,"enemies":"Collector","floor":33,"turns":5}],"seed_played":"125866165978641252","potions_obtained":[{"floor":2,"key":"GamblersBrew"},{"floor":6,"key":"Weak Potion"},{"floor":13,"key":"Strength Potion"},{"floor":14,"key":"Fruit Juice"},{"floor":14,"key":"SteroidPotion"}],"is_trial":false,"path_per_floor":["M","M","?","?","?","E","M","E","T","R","$","M","M","?","R","B",null,"M","?","M","M","?","R","M","R","T","$","?","M","R","M","R","B"],"character_chosen":"IRONCLAD","items_purchased":["Inflame","Paper Frog","Shrug It Off"],"campfire_rested":2,"item_purchase_floors":[27,27,27],"current_hp_per_floor":[74,75,75,52,41,47,53,21,21,43,43,35,39,44,44,20,65,60,60,54,52,52,52,15,41,48,48,48,55,55,56,56,0],"gold":77,"neow_bonus":"THREE_ENEMY_KILL","is_prod":false,"is_daily":false,"chose_seed":false,"campfire_upgraded":4,"win_rate":0,"timestamp":1554669770,"path_taken":["M","M","?","?","?","E","M","E","T","R","$","M","M","?","R","BOSS","M","?","?","M","?","R","M","R","T","?","?","?","R","M","R","BOSS"],"build_version":"2019-04-04","purchased_purges":2,"victory":false,"max_hp_per_floor":[75,75,75,75,75,75,75,75,75,75,75,75,75,80,80,80,80,80,80,83,86,86,86,87,87,94,94,94,95,95,99,99,99],"card_choices":[{"not_picked":["Anger","Flex","Ghostly Armor"],"picked":"SKIP","floor":1},{"not_picked":["Thunderclap","Havoc","Body Slam"],"picked":"SKIP","floor":2},{"not_picked":["Berserk","Armaments"],"picked":"Sword Boomerang","floor":6},{"not_picked":["Body Slam","Wild Strike"],"picked":"Heavy Blade","floor":7},{"not_picked":["Fiend Fire","Armaments"],"picked":"Twin Strike","floor":8},{"not_picked":["Second Wind","Perfected Strike"],"picked":"Shrug It Off","floor":12},{"not_picked":["Thunderclap","Shockwave","Anger"],"picked":"SKIP","floor":13},{"not_picked":["Bludgeon","Barricade"],"picked":"Feed","floor":16},{"not_picked":["Shockwave","Metallicize","Body Slam"],"picked":"SKIP","floor":18},{"not_picked":["Wild Strike","Blood for Blood"],"picked":"Shrug It Off","floor":20},{"not_picked":["Cleave","Dual Wield","Havoc"],"picked":"SKIP","floor":21},{"not_picked":["Sentinel+1","Spot Weakness"],"picked":"Shrug It Off","floor":24},{"not_picked":["Burning Pact","Spot Weakness"],"picked":"Sword Boomerang","floor":29},{"not_picked":["Flex","Wild Strike","Power Through"],"picked":"SKIP","floor":31}],"player_experience":1344065,"relics_obtained":[{"floor":6,"key":"Boot"},{"floor":8,"key":"Bronze Scales"},{"floor":26,"key":"Strawberry"},{"floor":28,"key":"Mercury Hourglass"}],"event_choices":[{"damage_healed":0,"gold_gain":0,"player_choice":"Box","damage_taken":0,"relics_obtained":["Vajra"],"max_hp_gain":0,"max_hp_loss":0,"event_name":"Big Fish","floor":3,"gold_loss":0,"cards_obtained":["Regret"]},{"damage_healed":0,"gold_gain":0,"player_choice":"Entered Light","damage_taken":23,"max_hp_gain":0,"max_hp_loss":0,"event_name":"Shining Light","floor":4,"gold_loss":0,"cards_upgraded":["Defend_R","Defend_R"]},{"damage_healed":0,"gold_gain":0,"player_choice":"Success","damage_taken":11,"relics_obtained":["Nunchaku"],"max_hp_gain":0,"max_hp_loss":0,"event_name":"Scrap Ooze","floor":5,"gold_loss":0},{"damage_healed":0,"gold_gain":0,"player_choice":"Got Potions","damage_taken":0,"max_hp_gain":0,"max_hp_loss":0,"event_name":"Lab","floor":14,"gold_loss":0},{"damage_healed":0,"gold_gain":250,"player_choice":"Bet on Owner","damage_taken":0,"max_hp_gain":0,"max_hp_loss":0,"event_name":"The Joust","floor":19,"gold_loss":50},{"damage_healed":0,"gold_gain":0,"player_choice":"Trade","damage_taken":0,"relics_obtained":["FaceOfCleric"],"max_hp_gain":0,"max_hp_loss":0,"event_name":"FaceTrader","floor":22,"gold_loss":0},{"damage_healed":0,"gold_gain":0,"player_choice":"Relic","damage_taken":0,"max_hp_gain":0,"max_hp_loss":0,"event_name":"Wheel of Change","floor":28,"gold_loss":0}],"is_beta":true,"boss_relics":[{"not_picked":["Ectoplasm","Snecko Eye"],"picked":"Sozu"}],"items_purged_floors":[11,27],"is_endless":false,"potions_floor_spawned":[2,6,13,21,31],"killed_by":"Collector","ascension_level":20}