{"path_per_floor":["M","?","$","M","?","R","E","R","T","M","R","M","M","M","R","B",null,"M","$","?","M","?","R","M","R","T","R","M","E","M","M","R","B",null,"M","M","?","M","M","R","M","R","T","M","R","M","M","?","R"],"character_chosen":"THE_SILENT","items_purchased":["Backflip","Ice Cream","Backflip"],"gold_per_floor":[115,115,65,85,85,85,119,119,170,186,186,206,218,232,232,332,332,352,20,20,40,40,40,59,59,59,59,78,111,126,137,137,239,239,249,268,268,281,293,293,307,307,307,324,324,341,359,359,359,359],"floor_reached":50,"campfire_rested":6,"playtime":4372,"current_hp_per_floor":[69,51,51,46,39,39,9,30,30,30,30,30,23,23,44,8,70,53,53,53,48,48,48,43,43,43,43,40,34,25,19,40,25,70,57,47,47,40,40,40,23,44,44,19,40,30,30,30,51,0],"items_purged":[],"gold":359,"score":470,"play_id":"2210198d-bd7f-49a6-b13b-afcfc1afa54b","local_time":"20180426201858","is_prod":false,"is_daily":false,"chose_seed":false,"is_ascension_mode":false,"campfire_upgraded":6,"timestamp":1524799138,"path_taken":["M","?","$","M","?","R","E","R","T","M","R","M","?","M","R","BOSS","M","$","?","M","?","R","M","R","T","R","M","E","M","M","R","BOSS","M","M","?","M","M","R","M","R","T","M","R","M","?","?","R","BOSS"],"build_version":"2018-04-26","seed_source_timestamp":121258392067829,"purchased_purges":0,"victory":false,"master_deck":["Defend_G","Defend_G","Defend_G","Defend_G","Defend_G","Strike_G","Strike_G","Strike_G","Strike_G","Survivor","Neutralize+1","Outmaneuver","Backflip+1","Dagger Spray","Footwork+1","Quick Slash","A Thousand Cuts+1","Caltrops+1","Backflip+1","Envenom","Quick Slash","Envenom","Noxious Fumes","Adrenaline","Deflect","Escape Plan","Purity","Backflip+1","Caltrops+1"],"max_hp_per_floor":[70,70,70,70,70,70,70,70,70,70,70,70,70,70,70,70,70,70,70,70,70,70,70,70,70,70,70,70,70,70,70,70,70,70,70,70,70,70,70,70,70,70,70,70,70,70,70,70,70,70],"relics":["Sundial","Tingsha","Bronze Scales","Sozu","Ice Cream","Nloth\u0027s Gift","Oddly Smooth Stone","Gambling Chip","Philosopher\u0027s Stone","Darkstone Periapt"],"card_choices":[{"not_picked":["Quick Slash","Skewer"],"picked":"Outmaneuver","floor":1},{"not_picked":["Endless Agony","PiercingWail"],"picked":"Dagger Spray","floor":4},{"not_picked":["PiercingWail","Acrobatics"],"picked":"Footwork","floor":10},{"not_picked":["Tactician","PiercingWail"],"picked":"Quick Slash","floor":12},{"not_picked":["Doppelganger","Wraith Form v2"],"picked":"A Thousand Cuts","floor":16},{"not_picked":["Slice","Dagger Spray"],"picked":"Caltrops","floor":18},{"not_picked":["PiercingWail","Glass Knife"],"picked":"Envenom","floor":29},{"not_picked":["Flying Knee","Riddle With Holes"],"picked":"Noxious Fumes","floor":31},{"not_picked":["Die Die Die","After Image"],"picked":"Adrenaline","floor":33},{"not_picked":["Deadly Poison","Underhanded Strike"],"picked":"Deflect","floor":35},{"not_picked":["Poisoned Stab","Tactician"],"picked":"Escape Plan","floor":36},{"not_picked":["Trip","Dark Shackles"],"picked":"Purity","floor":37},{"not_picked":["Leg Sweep","Prepared"],"picked":"Backflip","floor":41},{"not_picked":["Unload","Dash"],"picked":"Caltrops","floor":44}],"player_experience":703,"potions_floor_usage":[7,13,16],"damage_taken":[{"damage":1,"enemies":"2 Louse","floor":1,"turns":3},{"damage":5,"enemies":"Small Slimes","floor":4,"turns":6},{"damage":30,"enemies":"Lagavulin","floor":7,"turns":11},{"damage":0,"enemies":"Jaw Worm","floor":10,"turns":4},{"damage":0,"enemies":"Looter","floor":12,"turns":4},{"damage":7,"enemies":"Large Slime","floor":13,"turns":6},{"damage":0,"enemies":"Exordium Thugs","floor":14,"turns":4},{"damage":36,"enemies":"Hexaghost","floor":16,"turns":12},{"damage":17,"enemies":"2 Thieves","floor":18,"turns":4},{"damage":5,"enemies":"Spheric Guardian","floor":21,"turns":5},{"damage":5,"enemies":"Snecko","floor":24,"turns":5},{"damage":3,"enemies":"Snake Plant","floor":28,"turns":4},{"damage":6,"enemies":"Book of Stabbing","floor":29,"turns":6},{"damage":9,"enemies":"Sentry and Sphere","floor":30,"turns":5},{"damage":6,"enemies":"Centurion and Healer","floor":31,"turns":6},{"damage":15,"enemies":"Champ","floor":33,"turns":10},{"damage":13,"enemies":"Flame Bruiser 1 Orb","floor":35,"turns":5},{"damage":10,"enemies":"3 Shapes","floor":36,"turns":6},{"damage":7,"enemies":"3 Darklings","floor":38,"turns":4},{"damage":0,"enemies":"4 Shapes","floor":39,"turns":4},{"damage":17,"enemies":"Flame Bruiser 2 Orb","floor":41,"turns":6},{"damage":25,"enemies":"Maw","floor":44,"turns":7},{"damage":10,"enemies":"Spire Growth","floor":46,"turns":5},{"damage":0,"enemies":"4 Shapes","floor":47,"turns":2},{"damage":53,"enemies":"Awakened One","floor":50,"turns":7}],"event_choices":[{"event_name":"Scrap Ooze","player_choice":"success","floor":2,"damage_taken":18},{"event_name":"Golden Wing","player_choice":"Card Removal","floor":5,"damage_taken":0},{"event_name":"N\u0027loth","player_choice":"Traded a Ring of the Snake","floor":20,"damage_taken":0},{"event_name":"Match and Keep!","player_choice":"2 cards matched","floor":22,"damage_taken":0},{"event_name":"SensoryStone","player_choice":"Memory 1","floor":37,"damage_taken":0},{"event_name":"SecretPortal","player_choice":"Rejected Portal.","floor":48,"damage_taken":0}],"boss_relics":[{"not_picked":["Orrery","Runic Dome"],"picked":"Sozu"},{"not_picked":["Snecko Eye","Astrolabe"],"picked":"Philosopher\u0027s Stone"}],"potions_floor_spawned":[4,12,14,16,21,24,29,31,33,35,38,39,46],"seed_played":"-3063562511248427693","killed_by":"Awakened One","ascension_level":0,"is_trial":false}