{"gold_per_floor":[116,135,60,60,60,94,94,128,210,210,210,30,46,46,46,122,122,136,136,149,149],"floor_reached":21,"playtime":493,"items_purged":["Defend_R"],"score":420,"play_id":"fe0bb5a3-eceb-4129-9d8c-40f5d0258489","local_time":"20190407221515","is_ascension_mode":true,"campfire_choices":[{"data":"Double Tap","floor":7,"key":"SMITH"},{"floor":10,"key":"REST"},{"floor":15,"key":"REST"}],"neow_cost":"NONE","seed_source_timestamp":26123338848900,"circlet_count":0,"master_deck":["AscendersBane","Strike_R","Strike_R","Strike_R","Strike_R","Strike_R","Defend_R+1","Defend_R","Defend_R+1","Bash+1","Double Tap+1","Flame Barrier","Inflame","Shrug It Off","Twin Strike","Sword Boomerang","Fiend Fire","Writhe","Pummel"],"relics":["Burning Blood","NeowsBlessing","Dream Catcher","Matryoshka","The Courier","Membership Card","Cursed Key","Shovel"],"potions_floor_usage":[8,16,16,21],"damage_taken":[{"damage":0,"enemies":"Jaw Worm","floor":1,"turns":1},{"damage":0,"enemies":"2 Louse","floor":2,"turns":1},{"damage":0,"enemies":"Lagavulin","floor":6,"turns":1},{"damage":62,"enemies":"3 Sentries","floor":8,"turns":10},{"damage":0,"enemies":"Cultist","floor":13,"turns":4},{"damage":36,"enemies":"Slime Boss","floor":16,"turns":12},{"damage":35,"enemies":"2 Thieves","floor":18,"turns":5},{"damage":0,"enemies":"Chosen","floor":20,"turns":5},{"damage":48,"enemies":"Sentry and Sphere","floor":21,"turns":5}],"seed_played":"4232020962887690885","potions_obtained":[{"floor":1,"key":"EssenceOfSteel"},{"floor":8,"key":"Energy Potion"},{"floor":13,"key":"SkillPotion"},{"floor":20,"key":"BloodPotion"}],"is_trial":false,"path_per_floor":["M","M","$","?","?","E","R","E","T","R","?","$","M","?","R","B",null,"M","?","M","M"],"character_chosen":"IRONCLAD","items_purchased":["Membership Card","Shrug It Off"],"campfire_rested":2,"item_purchase_floors":[12,12],"current_hp_per_floor":[74,75,75,75,75,75,75,19,19,41,37,37,43,20,42,12,59,30,30,36,0],"gold":149,"neow_bonus":"THREE_ENEMY_KILL","is_prod":false,"is_daily":false,"chose_seed":false,"campfire_upgraded":1,"win_rate":0,"timestamp":1554668115,"path_taken":["M","M","$","?","?","E","R","E","T","R","?","$","?","?","R","BOSS","M","?","M","M"],"build_version":"2019-04-04","purchased_purges":1,"victory":false,"max_hp_per_floor":[75,75,75,75,75,75,75,75,75,75,75,75,75,75,75,75,75,75,75,75,75],"card_choices":[{"not_picked":["Rage","Corruption","Anger"],"picked":"SKIP","floor":1},{"not_picked":["Armaments","Anger"],"picked":"Double Tap","floor":2},{"not_picked":["True Grit","Battle Trance","Warcry"],"picked":"SKIP","floor":6},{"not_picked":["Second Wind","Blood for Blood"],"picked":"Flame Barrier","floor":8},{"not_picked":["Thunderclap","Dropkick"],"picked":"Inflame","floor":10},{"not_picked":["Shrug It Off","Dropkick"],"picked":"Twin Strike","floor":13},{"not_picked":["Cleave","Anger"],"picked":"Sword Boomerang","floor":15},{"not_picked":["Reaper","Exhume"],"picked":"Fiend Fire","floor":16},{"not_picked":["Flex","True Grit","Flame Barrier"],"picked":"SKIP","floor":18},{"not_picked":["Rage","Clothesline"],"picked":"Pummel","floor":20}],"player_experience":1342793,"relics_obtained":[{"floor":6,"key":"Dream Catcher"},{"floor":8,"key":"Matryoshka"},{"floor":9,"key":"The Courier"}],"event_choices":[{"damage_healed":0,"gold_gain":0,"player_choice":"Leave","damage_taken":0,"max_hp_gain":0,"max_hp_loss":0,"event_name":"The Cleric","floor":4,"gold_loss":0},{"damage_healed":0,"gold_gain":0,"player_choice":"Grow","damage_taken":0,"max_hp_gain":0,"max_hp_loss":0,"event_name":"Living Wall","floor":5,"gold_loss":0,"cards_upgraded":["Bash"]},{"damage_healed":0,"gold_gain":0,"player_choice":"Bought 0 Potions","damage_taken":0,"max_hp_gain":0,"max_hp_loss":0,"event_name":"The Woman in Blue","floor":11,"gold_loss":0},{"damage_healed":0,"gold_gain":0,"player_choice":"Entered Light","damage_taken":23,"max_hp_gain":0,"max_hp_loss":0,"event_name":"Shining Light","floor":14,"gold_loss":0,"cards_upgraded":["Defend_R","Defend_R"]},{"damage_healed":0,"gold_gain":0,"player_choice":"Opened","damage_taken":0,"relics_obtained":["Shovel"],"max_hp_gain":0,"max_hp_loss":0,"event_name":"The Mausoleum","floor":19,"gold_loss":0,"cards_obtained":["Writhe"]}],"is_beta":true,"boss_relics":[{"not_picked":["Eternal Feather","Runic Pyramid"],"picked":"Cursed Key"}],"items_purged_floors":[3],"is_endless":false,"potions_floor_spawned":[1,8,13,20],"killed_by":"Sentry and Sphere","ascension_level":20}