{"gold_per_floor":[219,369,389,257,272,272,298,298,323,342,417,417],"floor_reached":12,"playtime":690,"items_purged":["Doubt"],"score":156,"play_id":"e1a38e6d-344b-439d-a16f-28df4804caaf","local_time":"20190419144340","is_ascension_mode":true,"campfire_choices":[{"data":"Darkness","floor":6.0,"key":"SMITH"}],"neow_cost":"NONE","seed_source_timestamp":67750212109491,"circlet_count":0,"master_deck":["AscendersBane","Strike_B","Strike_B","Strike_B","Strike_B","Defend_B","Defend_B","Defend_B","Defend_B","Zap","Dualcast","Self Repair","Darkness+1","Defragment","Echo Form","Reinforced Body","Redo"],"special_seed":0,"relics":["Cracked Core","DataDisk","Juzu Bracelet"],"potions_floor_usage":[12,12],"damage_taken":[{"damage":4.0,"enemies":"Jaw Worm","floor":1.0,"turns":4.0},{"damage":1.0,"enemies":"Cultist","floor":3.0,"turns":3.0},{"damage":2.0,"enemies":"2 Louse","floor":5.0,"turns":3.0},{"damage":20.0,"enemies":"Lagavulin","floor":7.0,"turns":6.0},{"damage":19.0,"enemies":"Exordium Wildlife","floor":10.0,"turns":5.0},{"damage":43,"enemies":"Gremlin Nob","floor":12,"turns":4}],"seed_played":"-2683640209828168198","potions_obtained":[{"floor":5.0,"key":"PowerPotion"},{"floor":7.0,"key":"FocusPotion"}],"is_trial":false,"path_per_floor":["M","?","M","$","M","R","E","?","T","M","?","E"],"character_chosen":"DEFECT","items_purchased":["Poison Potion"],"campfire_rested":0,"item_purchase_floors":[4],"current_hp_per_floor":[60,60,59,59,64,64,51,51,51,39,28,0],"gold":417,"neow_bonus":"HUNDRED_GOLD","is_prod":false,"is_daily":false,"chose_seed":false,"campfire_upgraded":1,"win_rate":0,"timestamp":1555706620,"path_taken":["M","?","M","$","M","R","E","?","T","M","?","E"],"build_version":"2019-04-04","purchased_purges":1,"victory":false,"max_hp_per_floor":[71,71,71,71,71,71,71,71,71,71,71,71],"card_choices":[{"not_picked":["Stack","Double Energy","Recycle"],"picked":"SKIP","floor":1.0},{"not_picked":["Coolheaded","FTL"],"picked":"Self Repair","floor":3.0},{"not_picked":["Cold Snap","Compile Driver"],"picked":"Darkness","floor":5.0},{"not_picked":["Rebound","Gash"],"picked":"Defragment","floor":7.0},{"not_picked":["Streamline","Hello World"],"picked":"Redo","floor":10.0}],"player_experience":2939268,"relics_obtained":[{"floor":7.0,"key":"DataDisk"},{"floor":9.0,"key":"Juzu Bracelet"}],"event_choices":[{"damage_healed":0.0,"max_hp_gain":0.0,"max_hp_loss":0.0,"gold_gain":150.0,"event_name":"Liars Game","player_choice":"AGREE","floor":2.0,"gold_loss":0.0,"damage_taken":0.0,"cards_obtained":["Doubt"]},{"damage_healed":0.0,"max_hp_gain":0.0,"max_hp_loss":0.0,"gold_gain":0.0,"event_name":"Match and Keep!","player_choice":"2 cards matched","floor":8.0,"gold_loss":0.0,"damage_taken":0.0,"cards_obtained":["Echo Form","Reinforced Body"]},{"damage_healed":0.0,"max_hp_gain":0.0,"max_hp_loss":0.0,"gold_gain":75.0,"event_name":"World of Goop","player_choice":"Gather Gold","floor":11.0,"gold_loss":0.0,"damage_taken":11.0}],"is_beta":true,"boss_relics":[],"items_purged_floors":[4],"is_endless":false,"potions_floor_spawned":[5,7],"killed_by":"Gremlin Nob","ascension_level":20}