{"gold_per_floor":[365,365,379,33,33,33,52,52,52,63,63,63],"floor_reached":12,"playtime":243,"items_purged":["Strike_R"],"score":136,"play_id":"96491438-8053-4925-b3f9-095f41f70580","local_time":"20190325225427","is_ascension_mode":true,"campfire_choices":[{"data":"Bash","floor":6,"key":"SMITH"},{"data":"Sword Boomerang","floor":8,"key":"SMITH"}],"neow_cost":"PERCENT_DAMAGE","seed_source_timestamp":427321152940700,"circlet_count":0,"master_deck":["AscendersBane","Strike_R","Strike_R","Strike_R","Defend_R","Defend_R","Bash+1","Sword Boomerang+1","Pommel Strike"],"relics":["Burning Blood","Meat on the Bone","Toxic Egg 2"],"potions_floor_usage":[10,12,12],"damage_taken":[{"damage":5,"enemies":"2 Louse","floor":1,"turns":3},{"damage":1,"enemies":"Cultist","floor":3,"turns":3},{"damage":4,"enemies":"Jaw Worm","floor":7,"turns":4},{"damage":45,"enemies":"Exordium Thugs","floor":10,"turns":5},{"damage":24,"enemies":"Gremlin Gang","floor":12,"turns":3}],"seed_played":"-1557418782107585702","potions_obtained":[{"floor":3,"key":"SpeedPotion"},{"floor":7,"key":"EssenceOfSteel"},{"floor":10,"key":"SteroidPotion"}],"is_trial":false,"path_per_floor":["M","?","M","$","?","R","M","R","T","M","?","M"],"character_chosen":"IRONCLAD","items_purchased":["Meat on the Bone"],"campfire_rested":0,"item_purchase_floors":[4],"current_hp_per_floor":[51,51,56,56,49,49,51,51,51,24,24,0],"gold":63,"neow_bonus":"TWO_FIFTY_GOLD","is_prod":false,"is_daily":false,"chose_seed":false,"campfire_upgraded":2,"win_rate":0,"timestamp":1553550867,"path_taken":["M","?","?","?","?","R","M","R","T","M","?","M"],"build_version":"2019-03-15","purchased_purges":1,"victory":false,"max_hp_per_floor":[75,75,75,75,75,75,75,75,75,75,75,75],"card_choices":[{"not_picked":["Ghostly Armor","Body Slam"],"picked":"Sword Boomerang","floor":1},{"not_picked":["Thunderclap","Flex","Exhume"],"picked":"SKIP","floor":3},{"not_picked":["Wild Strike","Havoc","Spot Weakness"],"picked":"SKIP","floor":7},{"not_picked":["Second Wind+1","Clash","Perfected Strike"],"picked":"SKIP","floor":10}],"player_experience":1279770,"relics_obtained":[{"floor":9,"key":"Toxic Egg 2"}],"event_choices":[{"cards_removed":["Defend_R"],"damage_healed":0,"gold_gain":0,"player_choice":"Offered Basic","damage_taken":0,"max_hp_gain":0,"max_hp_loss":0,"event_name":"Bonfire Elementals","floor":2,"gold_loss":0},{"cards_removed":["Defend_R"],"damage_healed":0,"gold_gain":0,"player_choice":"Card Removal","damage_taken":7,"max_hp_gain":0,"max_hp_loss":0,"event_name":"Golden Wing","floor":5,"gold_loss":0},{"damage_healed":0,"gold_gain":0,"cards_transformed":["Strike_R"],"player_choice":"Transformed","damage_taken":0,"max_hp_gain":0,"max_hp_loss":0,"event_name":"Transmorgrifier","floor":11,"gold_loss":0,"cards_obtained":["Pommel Strike"]}],"is_beta":true,"boss_relics":[],"items_purged_floors":[4],"is_endless":false,"potions_floor_spawned":[3,7,10],"killed_by":"Gremlin Gang","ascension_level":20}