{"path_per_floor":["M","?","?","M","?","R","E","?","T","M","M","M","M","E","R","B",null,"M","$","?","M","M","R","E"],"character_chosen":"DEFECT","items_purchased":["Defragment","Symbiotic Virus"],"gold_per_floor":[114,114,79,94,94,94,124,154,179,194,209,224,239,269,269,369,369,384,60,60,75,90,90,150,150],"floor_reached":25,"campfire_rested":0,"playtime":983,"item_purchase_floors":[19,19],"current_hp_per_floor":[73,55,71,70,69,78,72,72,72,72,72,72,71,70,69,51,67,53,53,53,53,53,53,14,0],"items_purged":[],"gold":150,"score":233,"play_id":"979a21d6-10d9-41de-a3b3-d568fa5dfe39","local_time":"20180614234026","daily_mods":["Diverse","Night Terrors","Terminal"],"is_prod":false,"is_daily":true,"chose_seed":false,"is_ascension_mode":false,"campfire_upgraded":3,"win_rate":0,"timestamp":1529012426,"campfire_choices":[{"data":"Glacier","floor":6,"key":"SMITH"},{"data":"Uppercut","floor":15,"key":"SMITH"},{"data":"Defragment","floor":23,"key":"SMITH"}],"path_taken":["M","?","?","?","?","R","E","?","T","M","M","M","?","E","R","BOSS","M","$","?","?","M","R","E","M"],"build_version":"2018-06-14","seed_source_timestamp":99527042859074,"purchased_purges":0,"victory":false,"master_deck":["Strike_B+1","Strike_B","Strike_B+1","Strike_B","Defend_B","Defend_B","Defend_B","Defend_B","Zap","Dualcast","Uppercut+1","Glacier+1","Doom and Gloom+1","Conserve Battery","Multi-Cast","Rainbow","Coolheaded","Defragment","Defragment+1"],"max_hp_per_floor":[73,72,71,70,69,78,77,76,75,74,73,72,71,70,69,68,67,66,65,64,63,62,61,60,60],"special_seed":17696,"relics":["Cracked Core","Molten Egg 2","Anchor","Orichalcum","Whetstone","Inserter","Symbiotic Virus","Tiny Chest"],"card_choices":[{"not_picked":["Clash","Deflect"],"picked":"Uppercut","floor":1},{"not_picked":["Sword Boomerang+1","Chaos"],"picked":"Glacier","floor":4},{"not_picked":["Cold Snap+1","Perfected Strike+1"],"picked":"Doom and Gloom+1","floor":7},{"not_picked":["Dropkick+1","Combust"],"picked":"Conserve Battery","floor":10},{"not_picked":["Barrage+1","Quick Slash+1"],"picked":"Multi-Cast","floor":11},{"not_picked":["Thunderclap+1","Rebound+1","Heel Hook+1"],"picked":"SKIP","floor":12},{"not_picked":["Reflex","Clash+1","Shrug It Off"],"picked":"SKIP","floor":13},{"not_picked":["Feel No Pain","Berserk","Flex"],"picked":"SKIP","floor":14},{"not_picked":["Glass Knife+1","Hyperbeam+1"],"picked":"Rainbow","floor":16},{"not_picked":["Crippling Poison","Feel No Pain"],"picked":"Coolheaded","floor":18},{"not_picked":["Havoc","Consume"],"picked":"Defragment","floor":21},{"not_picked":["Sweeping Beam+1","Dropkick+1","Cloak And Dagger"],"picked":"SKIP","floor":22},{"not_picked":["Entrench","Biased Cognition","PiercingWail"],"picked":"SKIP","floor":24}],"player_experience":525601,"potions_floor_usage":[6,6,21,24,24,24],"damage_taken":[{"damage":0,"enemies":"2 Louse","floor":1,"turns":3},{"damage":0,"enemies":"Small Slimes","floor":4,"turns":3},{"damage":6,"enemies":"Lagavulin","floor":7,"turns":7},{"damage":0,"enemies":"Jaw Worm","floor":10,"turns":2},{"damage":0,"enemies":"Exordium Wildlife","floor":11,"turns":3},{"damage":0,"enemies":"Blue Slaver","floor":12,"turns":3},{"damage":0,"enemies":"Exordium Thugs","floor":13,"turns":4},{"damage":1,"enemies":"3 Sentries","floor":14,"turns":6},{"damage":18,"enemies":"Slime Boss","floor":16,"turns":10},{"damage":14,"enemies":"Chosen","floor":18,"turns":4},{"damage":0,"enemies":"3 Byrds","floor":21,"turns":3},{"damage":0,"enemies":"Centurion and Healer","floor":22,"turns":10},{"damage":39,"enemies":"Gremlin Leader","floor":24,"turns":11},{"damage":15,"enemies":"Chosen and Byrds","floor":25,"turns":4}],"relics_obtained":[{"floor":7,"key":"Anchor"},{"floor":9,"key":"Orichalcum"},{"floor":14,"key":"Whetstone"},{"floor":24,"key":"Tiny Chest"}],"event_choices":[{"event_name":"Scrap Ooze","player_choice":"success","floor":2,"damage_taken":18},{"event_name":"The Cleric","player_choice":"Healed","floor":3,"damage_taken":0},{"event_name":"The Lab","player_choice":"Got Potions","floor":5,"damage_taken":0},{"event_name":"Dead Adventurer","player_choice":"Searched \u00272\u0027 times","floor":8,"damage_taken":0},{"event_name":"Ghosts","player_choice":"Ignored","floor":20,"damage_taken":0}],"boss_relics":[{"not_picked":["Sozu","Astrolabe"],"picked":"Inserter"}],"items_purged_floors":[],"is_endless":false,"potions_floor_spawned":[1,7,10,14,16,21],"seed_played":"-3577076227804411564","killed_by":"Chosen and Byrds","ascension_level":0,"potions_obtained":[{"floor":1,"key":"Swift Potion"},{"floor":5,"key":"Fruit Juice"},{"floor":5,"key":"Fruit Juice"},{"floor":7,"key":"SpeedPotion"},{"floor":10,"key":"EssenceOfSteel"},{"floor":14,"key":"EssenceOfSteel"},{"floor":21,"key":"SkillPotion"}],"is_trial":false}