{"gold_per_floor":[111,131,131,150,160,160,180,180,249,278,292,292,292,323,323,423,423,438,465,495,495,508,508,536,536,536,552,579,593,160,160,160,256,256,276,323,342,342,357,382,401,418,443,462,482,516,516,528,528,528,528,528,202,228,228],"floor_reached":56,"playtime":2179,"items_purged":["Strike_R+1"],"score":1336,"play_id":"9ad0f1d8-4d75-43b3-97b7-67059f001452","local_time":"20190303221628","is_ascension_mode":false,"campfire_choices":[{"data":"Uppercut","floor":6.0,"key":"SMITH"},{"data":"Bash","floor":12.0,"key":"SMITH"},{"data":"Strike_R","floor":15.0,"key":"SMITH"},{"data":"Limit Break","floor":23.0,"key":"SMITH"},{"floor":25.0,"key":"REST"},{"floor":32.0,"key":"REST"},{"floor":49,"key":"RECALL"},{"data":"Heavy Blade","floor":52,"key":"SMITH"}],"neow_cost":"TEN_PERCENT_HP_LOSS","seed_source_timestamp":0,"circlet_count":0,"master_deck":["Strike_R","Strike_R+1","Strike_R+1","Strike_R+1","Defend_R","Defend_R","Bash+1","Uppercut+1","Limit Break+1","Dropkick","Shrug It Off","Offering","Heavy Blade+1","Sword Boomerang","Dropkick","Inflame"],"special_seed":0,"relics":["Burning Blood","Pocketwatch","StoneCalendar","Dream Catcher","Regal Pillow","Philosopher\u0027s Stone","Red Mask","Tiny Chest","Shuriken","Oddly Smooth Stone","Boot","Lantern","Whetstone","Vajra","Black Star","Incense Burner","Question Card","Centennial Puzzle","Nunchaku","Red Skull","Letter Opener","Self Forming Clay","Anchor","Pen Nib","Mummified Hand"],"potions_floor_usage":[50,55,55,55],"damage_taken":[{"damage":1.0,"enemies":"2 Louse","floor":1.0,"turns":3.0},{"damage":2.0,"enemies":"Small Slimes","floor":2.0,"turns":3.0},{"damage":1.0,"enemies":"Jaw Worm","floor":4.0,"turns":5.0},{"damage":6.0,"enemies":"Blue Slaver","floor":5.0,"turns":4.0},{"damage":5.0,"enemies":"Exordium Thugs","floor":7.0,"turns":4.0},{"damage":11.0,"enemies":"3 Sentries","floor":10.0,"turns":7.0},{"damage":11.0,"enemies":"Lots of Slimes","floor":11.0,"turns":6.0},{"damage":5.0,"enemies":"Gremlin Nob","floor":14.0,"turns":4.0},{"damage":22.0,"enemies":"Hexaghost","floor":16.0,"turns":8.0},{"damage":3.0,"enemies":"Shell Parasite","floor":18.0,"turns":7.0},{"damage":4.0,"enemies":"Masked Bandits","floor":19.0,"turns":3.0},{"damage":11.0,"enemies":"3 Byrds","floor":22.0,"turns":5.0},{"damage":25.0,"enemies":"Book of Stabbing","floor":24.0,"turns":5.0},{"damage":29.0,"enemies":"Sentry and Sphere","floor":27.0,"turns":4.0},{"damage":36.0,"enemies":"Slavers","floor":28.0,"turns":6.0},{"damage":3.0,"enemies":"Snecko","floor":29.0,"turns":4.0},{"damage":8.0,"enemies":"Champ","floor":33.0,"turns":5.0},{"damage":1.0,"enemies":"3 Shapes","floor":35.0,"turns":6.0},{"damage":13.0,"enemies":"2 Orb Walkers","floor":36.0,"turns":3.0},{"damage":0.0,"enemies":"Orb Walker","floor":37.0,"turns":2.0},{"damage":13.0,"enemies":"4 Shapes","floor":39.0,"turns":7.0},{"damage":39.0,"enemies":"Nemesis","floor":40.0,"turns":5.0},{"damage":6.0,"enemies":"Jaw Worm Horde","floor":41.0,"turns":3.0},{"damage":8.0,"enemies":"3 Darklings","floor":42.0,"turns":3.0},{"damage":6.0,"enemies":"Sphere and 2 Shapes","floor":44.0,"turns":4.0},{"damage":6.0,"enemies":"Transient","floor":45.0,"turns":5.0},{"damage":1.0,"enemies":"Giant Head","floor":46.0,"turns":4.0},{"damage":12.0,"enemies":"Spire Growth","floor":48.0,"turns":3.0},{"damage":33,"enemies":"Awakened One","floor":50,"turns":5},{"damage":1,"enemies":"Shield and Spear","floor":54,"turns":3},{"damage":73,"enemies":"The Heart","floor":55,"turns":5}],"seed_played":"-2800605546985304400","potions_obtained":[{"floor":4.0,"key":"LiquidBronze"},{"floor":7.0,"key":"Strength Potion"},{"floor":10.0,"key":"SteroidPotion"},{"floor":16.0,"key":"SpeedPotion"},{"floor":19.0,"key":"Strength Potion"},{"floor":24.0,"key":"Ancient Potion"},{"floor":33.0,"key":"FearPotion"},{"floor":35.0,"key":"SteroidPotion"},{"floor":36.0,"key":"SpeedPotion"},{"floor":41.0,"key":"Energy Potion"},{"floor":44.0,"key":"FairyPotion"},{"floor":46.0,"key":"SteroidPotion"},{"floor":48.0,"key":"SkillPotion"}],"is_trial":false,"path_per_floor":["M","M","?","M","M","R","M","?","T","E","M","R","?","E","R","B",null,"M","?","?","T","M","R","E","R","T","M","E","M","$","?","R","B",null,"M","?","M","?","M","E","M","M","T","M","M","E","?","M","R","B",null,"R","$","E","B",null],"character_chosen":"IRONCLAD","items_purchased":["Whetstone","Vajra","Weak Potion","Inflame","Anchor","Weak Potion","SteroidPotion"],"campfire_rested":2,"item_purchase_floors":[30,30,30,53,53,53,53],"current_hp_per_floor":[72,72,65,70,70,70,71,57,57,52,47,47,47,48,48,32,72,72,72,72,72,67,67,48,72,72,49,19,22,22,9,47,45,77,77,70,76,76,69,36,36,34,34,34,34,39,39,33,33,13,77,77,77,77,10],"gold":228,"neow_bonus":"ONE_RARE_RELIC","is_prod":false,"is_daily":false,"chose_seed":false,"campfire_upgraded":5,"win_rate":0,"timestamp":1551647788,"path_taken":["M","M","?","M","M","R","M","?","T","E","M","R","?","E","R","BOSS","M","?","?","?","M","R","E","R","T","?","E","M","?","?","R","BOSS","M","?","M","?","M","E","M","M","T","?","M","E","?","M","R","BOSS","R","$","E","BOSS"],"build_version":"2019-02-06","purchased_purges":1,"victory":true,"max_hp_per_floor":[72,72,72,72,72,72,72,72,72,72,72,72,72,72,72,72,72,72,72,72,72,72,72,72,72,72,72,72,72,72,77,77,77,77,77,77,77,77,77,77,77,77,77,77,77,77,77,77,77,77,77,77,77,77,77],"card_choices":[{"not_picked":["Thunderclap","Intimidate","Body Slam"],"picked":"SKIP","floor":1.0},{"not_picked":["Sword Boomerang","Perfected Strike","Anger"],"picked":"SKIP","floor":2.0},{"not_picked":["Sword Boomerang","Disarm"],"picked":"Uppercut","floor":4.0},{"not_picked":["Juggernaut","Headbutt","Carnage"],"picked":"SKIP","floor":5.0},{"not_picked":["Headbutt","Pommel Strike","Warcry"],"picked":"SKIP","floor":7.0},{"not_picked":["Dual Wield","Reckless Charge","Pommel Strike"],"picked":"SKIP","floor":10.0},{"not_picked":["Clash","Sword Boomerang","Cleave"],"picked":"SKIP","floor":11.0},{"not_picked":["Feel No Pain","Wild Strike","Corruption"],"picked":"SKIP","floor":14.0},{"not_picked":["Bludgeon","Reaper"],"picked":"Limit Break","floor":16.0},{"not_picked":["Warcry","Rupture"],"picked":"Dropkick","floor":18.0},{"not_picked":["Clash+1","Corruption"],"picked":"Shrug It Off","floor":19.0},{"not_picked":["Clothesline","Cleave","Sever Soul+1"],"picked":"SKIP","floor":22.0},{"not_picked":["Clothesline","Havoc","Flame Barrier"],"picked":"SKIP","floor":24.0},{"not_picked":["Flex+1","Pommel Strike"],"picked":"Offering","floor":27.0},{"not_picked":["Iron Wave","Twin Strike+1"],"picked":"Heavy Blade","floor":28.0},{"not_picked":["Bloodletting","Pummel","Whirlwind+1"],"picked":"SKIP","floor":29.0},{"not_picked":["Dual Wield+1","Hemokinesis+1","Clothesline"],"picked":"SKIP","floor":35.0},{"not_picked":["Body Slam+1","Flame Barrier+1","Iron Wave"],"picked":"SKIP","floor":37.0},{"not_picked":["Pommel Strike","Thunderclap","Iron Wave+1","Sword Boomerang"],"picked":"SKIP","floor":39.0},{"not_picked":["Pommel Strike","Thunderclap","Iron Wave+1"],"picked":"Sword Boomerang","floor":39.0},{"not_picked":["Cleave","Perfected Strike+1","Second Wind+1"],"picked":"Dropkick","floor":40.0},{"not_picked":["Impervious","Rupture+1","Pommel Strike+1","Sword Boomerang"],"picked":"SKIP","floor":41.0},{"not_picked":["Body Slam+1","Shockwave+1","Clash","Thunderclap+1"],"picked":"SKIP","floor":42.0},{"not_picked":["Brutality","True Grit+1","Rage+1","Thunderclap+1"],"picked":"SKIP","floor":44.0},{"not_picked":["Corruption+1","Pommel Strike","Wild Strike","Perfected Strike+1"],"picked":"SKIP","floor":45.0},{"not_picked":["Body Slam","Sword Boomerang","Headbutt","Flame Barrier"],"picked":"SKIP","floor":46.0},{"not_picked":["Wild Strike+1","Bloodletting","Brutality","Anger"],"picked":"SKIP","floor":48.0},{"not_picked":["Ghostly Armor+1","Dark Embrace","Havoc","Armaments+1"],"picked":"SKIP","floor":54}],"player_experience":1215660,"relics_obtained":[{"floor":10.0,"key":"Dream Catcher"},{"floor":14.0,"key":"Regal Pillow"},{"floor":19.0,"key":"Red Mask"},{"floor":21.0,"key":"Shuriken"},{"floor":24.0,"key":"Oddly Smooth Stone"},{"floor":26.0,"key":"Boot"},{"floor":28.0,"key":"Lantern"},{"floor":36.0,"key":"Incense Burner"},{"floor":40.0,"key":"Centennial Puzzle"},{"floor":40.0,"key":"Nunchaku"},{"floor":43.0,"key":"Red Skull"},{"floor":46.0,"key":"Letter Opener"},{"floor":46.0,"key":"Self Forming Clay"},{"floor":54,"key":"Pen Nib"},{"floor":54,"key":"Mummified Hand"}],"event_choices":[{"damage_healed":0.0,"max_hp_gain":0.0,"max_hp_loss":0.0,"gold_gain":0.0,"event_name":"Scrap Ooze","player_choice":"Success","floor":3.0,"gold_loss":0.0,"damage_taken":7.0,"relics_obtained":["StoneCalendar"]},{"damage_healed":0.0,"max_hp_gain":0.0,"max_hp_loss":0.0,"gold_gain":0.0,"event_name":"Shining Light","player_choice":"Entered Light","floor":8.0,"gold_loss":0.0,"damage_taken":14.0,"cards_upgraded":["Strike_R","Defend_R"]},{"cards_removed":["Defend_R"],"damage_healed":0.0,"max_hp_gain":0.0,"max_hp_loss":0.0,"gold_gain":0.0,"event_name":"Living Wall","player_choice":"Forget","floor":13.0,"gold_loss":0.0,"damage_taken":0.0},{"damage_healed":0.0,"max_hp_gain":0.0,"max_hp_loss":0.0,"gold_gain":0.0,"event_name":"Masked Bandits","player_choice":"Fought Bandits","floor":19.0,"gold_loss":0.0,"damage_taken":0.0},{"damage_healed":0.0,"max_hp_gain":0.0,"max_hp_loss":0.0,"gold_gain":0.0,"event_name":"The Mausoleum","player_choice":"Opened","floor":20.0,"gold_loss":0.0,"damage_taken":0.0,"relics_obtained":["Tiny Chest"]},{"damage_healed":0.0,"max_hp_gain":5.0,"max_hp_loss":0.0,"gold_gain":0.0,"event_name":"Forgotten Altar","player_choice":"Shed Blood","floor":31.0,"gold_loss":0.0,"damage_taken":18.0},{"damage_healed":0.0,"max_hp_gain":0.0,"max_hp_loss":0.0,"gold_gain":0.0,"event_name":"Mysterious Sphere","player_choice":"Fight","floor":36.0,"gold_loss":0.0,"damage_taken":0.0},{"damage_healed":0.0,"max_hp_gain":0.0,"max_hp_loss":0.0,"gold_gain":0.0,"event_name":"WeMeetAgain","player_choice":"Gave Potion","floor":38.0,"gold_loss":0.0,"damage_taken":0.0,"relics_obtained":["Question Card"]},{"cards_removed":["Defend_R"],"damage_healed":0.0,"max_hp_gain":0.0,"max_hp_loss":0.0,"gold_gain":0.0,"event_name":"Falling","player_choice":"Removed Skill","floor":47.0,"gold_loss":0.0,"damage_taken":0.0}],"is_beta":true,"boss_relics":[{"not_picked":["Tiny House","Snecko Eye"],"picked":"Philosopher\u0027s Stone"},{"not_picked":["Sozu","Mark of Pain"],"picked":"Black Star"}],"items_purged_floors":[30],"is_endless":false,"potions_floor_spawned":[4,7,10,16,19,24,27,33,35,36,41,44,46,48],"ascension_level":0}