{"gold_per_floor":[116,133,133,143,157,157,157,190,239,256,275,301,311,311,311,415,415,431,74,74,74,88,122,122,153,153,165,191,191,226,226,226,327,327,338,356,371,371,221,221,231,231,231,231,246,246,16,33,33,33],"floor_reached":51,"playtime":1969,"items_purged":["Strike_R","Strike_R"],"score":861,"play_id":"c2d72ddc-5ced-4618-bfe6-63155a3adad9","local_time":"20180708212221","is_ascension_mode":true,"campfire_choices":[{"data":"Uppercut","floor":6.0,"key":"SMITH"},{"data":"Shockwave","floor":15.0,"key":"SMITH"},{"data":"Feed","floor":29,"key":"SMITH"},{"data":"Searing Blow","floor":32,"key":"SMITH"},{"data":"Searing Blow+1","floor":40,"key":"SMITH"},{"data":"Searing Blow+2","floor":42,"key":"SMITH"},{"data":"Searing Blow+3","floor":44,"key":"SMITH"},{"data":"Searing Blow+4","floor":46,"key":"SMITH"},{"data":"Searing Blow+5","floor":49,"key":"SMITH"}],"neow_cost":"","seed_source_timestamp":0,"circlet_count":0,"master_deck":["Strike_R","Strike_R","Strike_R+1","Defend_R","Defend_R+1","Defend_R","Defend_R","Bash","Corruption+1","Clothesline","Uppercut+1","Shockwave+1","Cleave","Feel No Pain","Double Tap","Feed+1","Pommel Strike","Searing Blow+6","Feed","Shrug It Off","Searing Blow","Inflame","Armaments+1","Whirlwind+1","Exhume","Feel No Pain"],"special_seed":0,"relics":["Burning Blood","Omamori","Mummified Hand","Happy Flower","Orichalcum","Calipers","Coffee Dripper","MealTicket","Necronomicon","Anchor","Incense Burner","Letter Opener","Vajra","Question Card","Sundial","Mark of Pain","Gremlin Horn"],"potions_floor_usage":[16,16,16,16,16,23,25,27,33,36,50,50,50],"damage_taken":[{"damage":3.0,"enemies":"Jaw Worm","floor":1.0,"turns":5.0},{"damage":7.0,"enemies":"2 Louse","floor":2.0,"turns":4.0},{"damage":2.0,"enemies":"Small Slimes","floor":4.0,"turns":5.0},{"damage":16.0,"enemies":"Red Slaver","floor":5.0,"turns":5.0},{"damage":28.0,"enemies":"3 Sentries","floor":8.0,"turns":8.0},{"damage":10.0,"enemies":"3 Louse","floor":10.0,"turns":3.0},{"damage":9.0,"enemies":"Exordium Wildlife","floor":11.0,"turns":3.0},{"damage":4.0,"enemies":"Gremlin Nob","floor":12.0,"turns":3.0},{"damage":1.0,"enemies":"Blue Slaver","floor":13.0,"turns":4.0},{"damage":31,"enemies":"The Guardian","floor":16,"turns":10},{"damage":7,"enemies":"2 Thieves","floor":18,"turns":4},{"damage":3,"enemies":"Shell Parasite","floor":22,"turns":2},{"damage":21,"enemies":"Gremlin Leader","floor":23,"turns":5},{"damage":11,"enemies":"Slavers","floor":25,"turns":3},{"damage":0,"enemies":"3 Cultists","floor":27,"turns":4},{"damage":8,"enemies":"Gremlin Leader","floor":28,"turns":5},{"damage":3,"enemies":"Slavers","floor":30,"turns":4},{"damage":20,"enemies":"Collector","floor":33,"turns":5},{"damage":0,"enemies":"Flame Bruiser 1 Orb","floor":35,"turns":3},{"damage":20,"enemies":"3 Shapes","floor":36,"turns":3},{"damage":6,"enemies":"Maw","floor":37,"turns":7},{"damage":19,"enemies":"3 Darklings","floor":41,"turns":5},{"damage":26,"enemies":"4 Shapes","floor":45,"turns":5},{"damage":11,"enemies":"Transient","floor":48,"turns":5},{"damage":0,"enemies":"Donu and Deca","floor":50,"turns":3}],"seed_played":"-1282774828312813814","potions_obtained":[{"floor":1.0,"key":"Strength Potion"},{"floor":8.0,"key":"Energy Potion"},{"floor":12.0,"key":"EntropicBrew"},{"floor":16,"key":"Swift Potion"},{"floor":22,"key":"SkillPotion"},{"floor":25,"key":"PowerPotion"},{"floor":27,"key":"Ancient Potion"},{"floor":28,"key":"EssenceOfSteel"},{"floor":35,"key":"SkillPotion"},{"floor":45,"key":"Strength Potion"}],"is_trial":false,"path_per_floor":["M","M","?","M","M","R","?","E","T","M","M","E","M","T","R","B",null,"M","$","?","?","M","E","?","E","T","M","E","R","E","T","R","B",null,"M","M","M","?","$","R","M","R","T","R","M","R","$","M","R","B"],"character_chosen":"IRONCLAD","items_purchased":["MealTicket","Feed","Inflame","Exhume","FearPotion"],"campfire_rested":0,"item_purchase_floors":[19,19,39,47,47],"current_hp_per_floor":[80,79,79,80,70,70,54,32,32,28,25,27,32,32,32,7,80,79,79,79,63,66,51,51,46,46,52,50,50,53,53,53,39,80,80,69,69,69,76,76,67,67,67,67,51,51,58,53,53,59],"gold":33,"neow_bonus":"","is_prod":false,"is_daily":false,"chose_seed":false,"campfire_upgraded":9,"win_rate":0,"timestamp":1531110141,"path_taken":["M","M","?","?","M","R","?","E","T","M","M","E","M","?","R","BOSS","M","$","?","?","M","E","?","E","T","M","E","R","E","?","R","BOSS","M","M","M","?","$","R","M","R","T","R","M","R","$","M","R","BOSS"],"build_version":"2018-07-05","purchased_purges":2,"victory":true,"max_hp_per_floor":[80,80,80,80,80,80,80,80,80,80,80,80,80,80,80,80,80,80,80,80,80,80,80,80,80,80,80,80,80,80,80,80,80,80,80,83,83,83,83,83,87,87,87,87,91,91,91,91,91,91],"card_choices":[{"not_picked":["Dual Wield","Havoc"],"picked":"Corruption","floor":1.0},{"not_picked":["Clash","Warcry"],"picked":"Clothesline","floor":2.0},{"not_picked":["Thunderclap","Anger"],"picked":"Uppercut","floor":4.0},{"not_picked":["Sword Boomerang","Clash","Clothesline"],"picked":"SKIP","floor":5.0},{"not_picked":["Entrench","Sword Boomerang"],"picked":"Shockwave","floor":8.0},{"not_picked":["Uppercut","Warcry"],"picked":"Cleave","floor":10.0},{"not_picked":["Intimidate","Body Slam","Searing Blow"],"picked":"SKIP","floor":11.0},{"not_picked":["Intimidate","Carnage","Armaments"],"picked":"SKIP","floor":12.0},{"not_picked":["Immolate","Cleave"],"picked":"Feel No Pain","floor":13.0},{"not_picked":["Impervious","Reaper"],"picked":"Double Tap","floor":16},{"not_picked":["Iron Wave","Cleave","Sword Boomerang"],"picked":"SKIP","floor":18},{"not_picked":["Spot Weakness","Body Slam","Clash"],"picked":"SKIP","floor":22},{"not_picked":["Wild Strike","Burning Pact+1","Anger"],"picked":"SKIP","floor":23},{"not_picked":["Sword Boomerang","Brutality","Dropkick"],"picked":"SKIP","floor":25},{"not_picked":["Anger+1","Heavy Blade","Reckless Charge+1"],"picked":"SKIP","floor":27},{"not_picked":["Ghostly Armor","True Grit+1"],"picked":"Pommel Strike","floor":28},{"not_picked":["Heavy Blade","Exhume"],"picked":"Searing Blow","floor":30},{"not_picked":["Brutality","Berserk","Exhume"],"picked":"Feed","floor":33},{"not_picked":["Havoc+1","Flex","Iron Wave","Sever Soul"],"picked":"SKIP","floor":35},{"not_picked":["Power Through","Havoc","Wild Strike"],"picked":"Shrug It Off","floor":36},{"not_picked":["Warcry+1","Clash","Twin Strike+1","Flex+1"],"picked":"SKIP","floor":37},{"not_picked":["Iron Wave","Evolve","Carnage+1"],"picked":"Armaments+1","floor":41},{"not_picked":["Demon Form","Flame Barrier","Battle Trance"],"picked":"Whirlwind+1","floor":45},{"not_picked":["Thunderclap+1","Blood for Blood+1","Clothesline+1"],"picked":"Feel No Pain","floor":48}],"player_experience":167474,"relics_obtained":[{"floor":8.0,"key":"Mummified Hand"},{"floor":9.0,"key":"Happy Flower"},{"floor":12.0,"key":"Orichalcum"},{"floor":14.0,"key":"Calipers"},{"floor":21,"key":"Necronomicon"},{"floor":23,"key":"Anchor"},{"floor":25,"key":"Incense Burner"},{"floor":26,"key":"Letter Opener"},{"floor":28,"key":"Vajra"},{"floor":30,"key":"Question Card"},{"floor":31,"key":"Sundial"},{"floor":43,"key":"Gremlin Horn"}],"event_choices":[{"event_name":"Living Wall","player_choice":"Grow","floor":3.0,"damage_taken":0.0},{"event_name":"Shining Light","player_choice":"Entered Light","floor":7.0,"damage_taken":0.0},{"event_name":"Addict","player_choice":"Ignored","floor":20,"damage_taken":0},{"event_name":"Cursed Tome","player_choice":"Obtained Book","floor":21,"damage_taken":0},{"event_name":"Ghosts","player_choice":"Ignored","floor":24,"damage_taken":0},{"event_name":"Match and Keep!","player_choice":"1 cards matched","floor":38,"damage_taken":0}],"boss_relics":[{"not_picked":["White Beast Statue","Calling Bell"],"picked":"Coffee Dripper"},{"not_picked":["Empty Cage","Runic Dome"],"picked":"Mark of Pain"}],"items_purged_floors":[39,47],"is_endless":false,"potions_floor_spawned":[1,8,12,16,22,25,27,28,35,45],"ascension_level":2}