{"gold_per_floor":[18,38,0,13,28,28,28,28,55,55,72,92,104,104,104,176,176,176,176,176,176,176,176,176],"floor_reached":24,"playtime":905,"items_purged":[],"score":376,"play_id":"cc811cc4-7e23-4d0f-8b06-bff0bdcb88ed","local_time":"20190128001423","is_ascension_mode":true,"campfire_choices":[{"data":"Footwork","floor":6,"key":"SMITH"},{"data":"Neutralize","floor":10,"key":"SMITH"},{"data":"Dodge and Roll","floor":15,"key":"SMITH"},{"floor":23,"key":"REST"}],"neow_cost":"NO_GOLD","seed_source_timestamp":732671854209400,"circlet_count":0,"master_deck":["AscendersBane","Defend_G","Defend_G","Defend_G","Defend_G","Strike_G","Strike_G","Strike_G","Strike_G","Survivor","Neutralize+1","Reflex","Storm of Steel","Blade Dance","Dagger Spray","Footwork+1","Cloak And Dagger","Flying Knee","Dodge and Roll+1","Terror","Malaise","Escape Plan"],"relics":["Ring of the Snake","Vajra","Ectoplasm","Red Mask","MutagenicStrength"],"potions_floor_usage":[11,13,13,16,19],"damage_taken":[{"damage":0,"enemies":"2 Louse","floor":1,"turns":4},{"damage":4,"enemies":"Jaw Worm","floor":2,"turns":4},{"damage":1,"enemies":"Cultist","floor":4,"turns":3},{"damage":8,"enemies":"Blue Slaver","floor":5,"turns":6},{"damage":13,"enemies":"Exordium Wildlife","floor":11,"turns":7},{"damage":0,"enemies":"2 Fungi Beasts","floor":12,"turns":4},{"damage":5,"enemies":"Gremlin Gang","floor":13,"turns":5},{"damage":5,"enemies":"The Guardian","floor":16,"turns":11},{"damage":16,"enemies":"Chosen","floor":18,"turns":7},{"damage":35,"enemies":"Masked Bandits","floor":19,"turns":6},{"damage":3,"enemies":"Shell Parasite","floor":22,"turns":7},{"damage":2,"enemies":"3 Cultists","floor":24,"turns":3}],"seed_played":"3359009224746032767","potions_obtained":[{"floor":2,"key":"Poison Potion"},{"floor":4,"key":"EssenceOfSteel"},{"floor":11,"key":"Strength Potion"},{"floor":13,"key":"Fruit Juice"},{"floor":16,"key":"Block Potion"}],"is_trial":false,"path_per_floor":["M","M","?","M","M","R","?","$","T","R","M","M","M","$","R","B",null,"M","?","?","$","M","R","M"],"character_chosen":"THE_SILENT","items_purchased":[],"campfire_rested":1,"item_purchase_floors":[],"current_hp_per_floor":[59,55,55,54,46,46,66,66,66,66,53,53,53,53,53,48,65,49,14,14,14,11,32,30],"gold":176,"neow_bonus":"TRANSFORM_TWO_CARDS","is_prod":false,"is_daily":false,"chose_seed":false,"campfire_upgraded":3,"win_rate":0,"timestamp":1548630863,"path_taken":["M","M","?","M","M","R","?","$","T","R","M","M","M","?","R","BOSS","M","?","?","?","M","R","M"],"build_version":"2019-01-23","purchased_purges":0,"victory":false,"max_hp_per_floor":[66,66,66,66,66,66,66,66,66,66,66,66,71,71,71,71,71,71,71,71,71,71,71,71],"card_choices":[{"not_picked":["Poisoned Stab","Terror"],"picked":"Blade Dance","floor":1},{"not_picked":["Prepared","Deflect"],"picked":"Dagger Spray","floor":2},{"not_picked":["Backflip","Deflect"],"picked":"Footwork","floor":4},{"not_picked":["Finisher","Acrobatics"],"picked":"Cloak And Dagger","floor":5},{"not_picked":["Doppelganger","Noxious Fumes"],"picked":"Flying Knee","floor":11},{"not_picked":["Quick Slash","Dodge and Roll","Crippling Poison"],"picked":"SKIP","floor":12},{"not_picked":["Quick Slash","Crippling Poison"],"picked":"Dodge and Roll","floor":12},{"not_picked":["Dagger Throw","Outmaneuver"],"picked":"Terror","floor":13},{"not_picked":["Phantasmal Killer","Venomology"],"picked":"Malaise","floor":16},{"not_picked":["Infinite Blades","Terror"],"picked":"Escape Plan","floor":18},{"not_picked":["Dagger Throw","Choke","Slice"],"picked":"SKIP","floor":22}],"player_experience":1095064,"relics_obtained":[{"floor":9,"key":"Vajra"},{"floor":19,"key":"Red Mask"}],"event_choices":[{"damage_healed":0,"gold_gain":0,"player_choice":"Left Gold","damage_taken":0,"max_hp_gain":0,"max_hp_loss":0,"event_name":"World of Goop","floor":3,"gold_loss":38},{"damage_healed":22,"gold_gain":0,"player_choice":"Banana","damage_taken":0,"max_hp_gain":0,"max_hp_loss":0,"event_name":"Big Fish","floor":7,"gold_loss":0},{"damage_healed":0,"gold_gain":0,"player_choice":"Fought Bandits","damage_taken":0,"max_hp_gain":0,"max_hp_loss":0,"event_name":"Masked Bandits","floor":19,"gold_loss":0},{"damage_healed":0,"gold_gain":0,"player_choice":"Inject Mutagens","damage_taken":0,"relics_obtained":["MutagenicStrength"],"max_hp_gain":0,"max_hp_loss":0,"event_name":"Drug Dealer","floor":20,"gold_loss":0}],"is_beta":true,"boss_relics":[{"not_picked":["HoveringKite","Orrery"],"picked":"Ectoplasm"}],"items_purged_floors":[],"is_endless":false,"potions_floor_spawned":[2,4,11,13,16],"killed_by":"3 Cultists","ascension_level":20}