{"gold_per_floor":[110,110,125,142,162,187,187,199,251,251,326,326,344,98,98,171,171,181,181,181,181,198,198,113,148,148,48,48,66,81,28,28,102,102,118,118,118,118,118,118,152,168,216,7,32,46,60,71,71,71],"floor_reached":50,"playtime":1592,"items_purged":["Regret","Defend_R+1","Strike_R+1"],"score":1065,"play_id":"6372b648-5774-4ff2-9cae-4fa8754805e7","local_time":"20190331195944","is_ascension_mode":true,"campfire_choices":[{"data":"Bash","floor":7.0,"key":"SMITH"},{"data":"Pummel","floor":12.0,"key":"SMITH"},{"data":"Sword Boomerang","floor":15.0,"key":"SMITH"},{"floor":23.0,"key":"REST"},{"floor":28.0,"key":"REST"},{"floor":32.0,"key":"REST"},{"data":"Demon Form","floor":40.0,"key":"SMITH"},{"floor":49,"key":"RECALL"}],"neow_cost":"CURSE","seed_source_timestamp":0,"circlet_count":0,"master_deck":["AscendersBane","Strike_R+1","Strike_R+1","Strike_R+1","Defend_R+1","Defend_R+1","Defend_R+1","Bash+1","Twin Strike","Shrug It Off","Pummel+1","Sword Boomerang+1","Demon Form+1","Flame Barrier","Limit Break+1","Pummel"],"special_seed":0,"relics":["Burning Blood","Du-Vu Doll","Kunai","Red Skull","Gremlin Horn","Whetstone","Velvet Choker","MutagenicStrength","Art of War","Bag of Marbles","Self Forming Clay","Busted Crown","Boot","Question Card"],"potions_floor_usage":[47,47],"damage_taken":[{"damage":7.0,"enemies":"Jaw Worm","floor":1.0,"turns":3.0},{"damage":1.0,"enemies":"Cultist","floor":3.0,"turns":3.0},{"damage":3.0,"enemies":"2 Louse","floor":4.0,"turns":3.0},{"damage":30.0,"enemies":"Exordium Thugs","floor":5.0,"turns":5.0},{"damage":8.0,"enemies":"Gremlin Nob","floor":6.0,"turns":3.0},{"damage":10.0,"enemies":"Large Slime","floor":8.0,"turns":5.0},{"damage":0.0,"enemies":"Looter","floor":13.0,"turns":1.0},{"damage":30.0,"enemies":"Slime Boss","floor":16.0,"turns":6.0},{"damage":28.0,"enemies":"Spheric Guardian","floor":18.0,"turns":4.0},{"damage":0.0,"enemies":"3 Byrds","floor":22.0,"turns":3.0},{"damage":35.0,"enemies":"Book of Stabbing","floor":25.0,"turns":4.0},{"damage":19.0,"enemies":"Snecko","floor":29.0,"turns":4.0},{"damage":4.0,"enemies":"Chosen and Byrds","floor":30.0,"turns":3.0},{"damage":56.0,"enemies":"Automaton","floor":33.0,"turns":7.0},{"damage":0.0,"enemies":"3 Shapes","floor":35.0,"turns":3.0},{"damage":8,"enemies":"Reptomancer","floor":41,"turns":5},{"damage":18,"enemies":"Orb Walker","floor":42,"turns":3},{"damage":21,"enemies":"Giant Head","floor":45,"turns":5},{"damage":0,"enemies":"Jaw Worm Horde","floor":46,"turns":2},{"damage":38,"enemies":"Sphere and 2 Shapes","floor":47,"turns":6},{"damage":0,"enemies":"4 Shapes","floor":48,"turns":2},{"damage":27,"enemies":"Donu and Deca","floor":50,"turns":3}],"seed_played":"-4631666205137022076","potions_obtained":[{"floor":5.0,"key":"Poison Potion"},{"floor":8.0,"key":"Energy Potion"},{"floor":16.0,"key":"PowerPotion"},{"floor":18.0,"key":"Poison Potion"},{"floor":25.0,"key":"Swift Potion"},{"floor":30.0,"key":"Explosive Potion"},{"floor":42,"key":"Ancient Potion"},{"floor":45,"key":"Energy Potion"},{"floor":47,"key":"FearPotion"}],"is_trial":false,"path_per_floor":["M","?","M","M","M","E","R","M","T","?","?","R","M","$","R","B",null,"M","?","?","?","M","R","?","E","T","$","R","M","M","$","R","B",null,"M","?","?","?","?","R","E","M","T","$","E","M","M","M","R","B"],"character_chosen":"IRONCLAD","items_purchased":["Whetstone","PowerPotion","Pummel"],"campfire_rested":3,"item_purchase_floors":[14,31,44],"current_hp_per_floor":[67,67,72,75,51,49,49,45,45,45,34,34,40,40,40,16,60,38,38,38,31,37,59,59,30,30,30,52,39,41,41,63,13,60,66,66,66,66,66,66,64,52,52,52,37,43,11,17,17,0],"gold":71,"neow_bonus":"ONE_RARE_RELIC","is_prod":false,"is_daily":false,"chose_seed":false,"campfire_upgraded":4,"win_rate":0,"timestamp":1554055184,"path_taken":["M","?","M","M","M","E","R","?","T","?","?","R","M","$","R","BOSS","M","?","?","?","?","R","?","E","T","?","R","M","M","$","R","BOSS","M","?","?","?","?","R","E","M","T","$","E","?","?","M","R","BOSS"],"build_version":"2019-03-15","purchased_purges":3,"victory":false,"max_hp_per_floor":[75,75,75,75,75,75,75,75,75,75,75,75,75,75,75,75,75,75,75,75,75,75,75,75,75,75,75,75,75,75,75,75,75,75,75,75,75,75,75,75,75,75,75,75,75,75,75,75,75,75],"card_choices":[{"not_picked":["Pommel Strike","Sentinel"],"picked":"Twin Strike","floor":1.0},{"not_picked":["Anger","Wild Strike"],"picked":"Shrug It Off","floor":3.0},{"not_picked":["Combust","Ghostly Armor"],"picked":"Pummel","floor":4.0},{"not_picked":["Rage","Dual Wield","Havoc"],"picked":"SKIP","floor":5.0},{"not_picked":["Warcry","Anger"],"picked":"Sword Boomerang","floor":6.0},{"not_picked":["Berserk","Armaments","Cleave"],"picked":"SKIP","floor":8.0},{"not_picked":["Armaments","Reckless Charge","Dual Wield"],"picked":"SKIP","floor":13.0},{"not_picked":["Feed","Reaper"],"picked":"Demon Form","floor":16.0},{"not_picked":["Armaments+1","Searing Blow","Rage"],"picked":"SKIP","floor":18.0},{"not_picked":["Anger","Armaments","Fire Breathing"],"picked":"SKIP","floor":22.0},{"not_picked":["Thunderclap","Iron Wave","Clash"],"picked":"SKIP","floor":25.0},{"not_picked":["Warcry","Power Through"],"picked":"Flame Barrier","floor":29.0},{"not_picked":["Ghostly Armor","Havoc","Hemokinesis"],"picked":"SKIP","floor":30.0},{"not_picked":["Exhume","Brutality"],"picked":"Limit Break","floor":33.0},{"not_picked":["Iron Wave"],"picked":"SKIP","floor":35.0},{"not_picked":["Blood for Blood"],"picked":"SKIP","floor":41},{"not_picked":["Cleave"],"picked":"SKIP","floor":42},{"not_picked":["Body Slam"],"picked":"SKIP","floor":45},{"not_picked":["Power Through+1","Evolve"],"picked":"SKIP","floor":46},{"not_picked":["Feel No Pain","Clothesline"],"picked":"SKIP","floor":47},{"not_picked":["Thunderclap","Anger"],"picked":"SKIP","floor":48}],"player_experience":1313453,"relics_obtained":[{"floor":6.0,"key":"Kunai"},{"floor":9.0,"key":"Red Skull"},{"floor":25.0,"key":"Bag of Marbles"},{"floor":26.0,"key":"Self Forming Clay"},{"floor":41,"key":"Boot"},{"floor":45,"key":"Question Card"}],"event_choices":[{"cards_removed":["Writhe"],"damage_healed":0.0,"max_hp_gain":0.0,"max_hp_loss":0.0,"gold_gain":0.0,"event_name":"Purifier","player_choice":"Purged","floor":2.0,"gold_loss":0.0,"damage_taken":0.0},{"damage_healed":0.0,"max_hp_gain":0.0,"max_hp_loss":0.0,"gold_gain":0.0,"event_name":"Big Fish","player_choice":"Box","floor":10.0,"gold_loss":0.0,"damage_taken":0.0,"relics_obtained":["Gremlin Horn"],"cards_obtained":["Regret"]},{"damage_healed":0.0,"max_hp_gain":0.0,"max_hp_loss":0.0,"gold_gain":75.0,"event_name":"World of Goop","player_choice":"Gather Gold","floor":11.0,"gold_loss":0.0,"damage_taken":11.0},{"damage_healed":0.0,"max_hp_gain":0.0,"max_hp_loss":0.0,"gold_gain":0.0,"event_name":"Back to Basics","player_choice":"Simplicity","floor":19.0,"gold_loss":0.0,"damage_taken":0.0,"cards_upgraded":["Strike_R","Strike_R","Strike_R","Defend_R","Defend_R","Defend_R","Defend_R"]},{"damage_healed":0.0,"max_hp_gain":0.0,"max_hp_loss":0.0,"gold_gain":0.0,"event_name":"Drug Dealer","player_choice":"Inject Mutagens","floor":20.0,"gold_loss":0.0,"damage_taken":0.0,"relics_obtained":["MutagenicStrength"]},{"damage_healed":0.0,"max_hp_gain":0.0,"max_hp_loss":0.0,"gold_gain":0.0,"event_name":"Knowing Skull","player_choice":"","floor":21.0,"potions_obtained":[],"gold_loss":0.0,"damage_taken":7.0,"cards_obtained":[]},{"damage_healed":0.0,"max_hp_gain":0.0,"max_hp_loss":0.0,"gold_gain":0.0,"event_name":"Addict","player_choice":"Obtained Relic","floor":24.0,"gold_loss":85.0,"damage_taken":0.0,"relics_obtained":["Art of War"]},{"damage_healed":0.0,"max_hp_gain":0.0,"max_hp_loss":0.0,"gold_gain":0.0,"event_name":"SensoryStone","player_choice":"Memory 1","floor":36.0,"gold_loss":0.0,"damage_taken":0.0},{"damage_healed":0.0,"max_hp_gain":0.0,"max_hp_loss":0.0,"gold_gain":0.0,"event_name":"Mysterious Sphere","player_choice":"Ignored","floor":37.0,"gold_loss":0.0,"damage_taken":0.0},{"cards_removed":["Strike_R"],"damage_healed":0.0,"max_hp_gain":0.0,"max_hp_loss":0.0,"gold_gain":0.0,"event_name":"Falling","player_choice":"Removed Attack","floor":38.0,"gold_loss":0.0,"damage_taken":0.0},{"damage_healed":0.0,"max_hp_gain":0.0,"max_hp_loss":0.0,"gold_gain":0.0,"event_name":"Accursed Blacksmith","player_choice":"Forge","floor":39.0,"gold_loss":0.0,"damage_taken":0.0,"cards_upgraded":["Limit Break"]}],"is_beta":true,"boss_relics":[{"not_picked":["Sozu","Orrery"],"picked":"Velvet Choker"},{"not_picked":["Empty Cage","White Beast Statue"],"picked":"Busted Crown"}],"items_purged_floors":[14,27,44],"is_endless":false,"potions_floor_spawned":[5,8,16,18,22,25,30,42,45,47],"killed_by":"Donu and Deca","ascension_level":20}