{"gold_per_floor":[10,22,36,1,1,1,13,28,28,55,66,78,78,78],"floor_reached":14,"playtime":364,"items_purged":[],"score":188,"play_id":"6b1e0cc6-e5ff-40bd-87d1-213cc33bd6f5","local_time":"20190412155936","is_ascension_mode":true,"campfire_choices":[{"data":"Bash","floor":6,"key":"SMITH"}],"neow_cost":"NO_GOLD","seed_source_timestamp":182529693918900,"circlet_count":0,"master_deck":["AscendersBane","Strike_R","Strike_R","Strike_R","Strike_R","Strike_R","Defend_R+1","Defend_R+1","Defend_R","Defend_R","Bash+1","Immolate","Twin Strike","Shrug It Off"],"relics":["Burning Blood","StoneCalendar","Kunai","War Paint"],"potions_floor_usage":[11,14],"damage_taken":[{"damage":7,"enemies":"Cultist","floor":1,"turns":4},{"damage":24,"enemies":"Jaw Worm","floor":2,"turns":6},{"damage":0,"enemies":"2 Louse","floor":3,"turns":1},{"damage":14,"enemies":"Red Slaver","floor":7,"turns":4},{"damage":19,"enemies":"Exordium Wildlife","floor":8,"turns":3},{"damage":45,"enemies":"3 Sentries","floor":10,"turns":6},{"damage":0,"enemies":"Looter","floor":11,"turns":1},{"damage":18,"enemies":"Large Slime","floor":12,"turns":6},{"damage":16,"enemies":"Exordium Thugs","floor":14,"turns":2}],"seed_played":"3877861858663560904","potions_obtained":[{"floor":8,"key":"AttackPotion"},{"floor":10,"key":"SteroidPotion"},{"floor":12,"key":"BloodPotion"}],"is_trial":false,"path_per_floor":["M","M","M","?","?","R","M","M","T","E","M","M","T","M"],"character_chosen":"IRONCLAD","items_purchased":[],"campfire_rested":0,"item_purchase_floors":[],"current_hp_per_floor":[67,49,55,73,75,75,67,54,54,15,21,9,9,0],"gold":78,"neow_bonus":"ONE_RARE_RELIC","is_prod":false,"is_daily":false,"chose_seed":false,"campfire_upgraded":1,"win_rate":0,"timestamp":1555077576,"path_taken":["M","?","M","?","?","R","M","?","T","E","M","M","?","M"],"build_version":"2019-04-04","purchased_purges":0,"victory":false,"max_hp_per_floor":[75,75,75,75,75,75,75,75,75,75,75,75,75,75],"card_choices":[{"not_picked":["Clothesline","Heavy Blade","Iron Wave"],"picked":"SKIP","floor":1},{"not_picked":["Shrug It Off","Sword Boomerang"],"picked":"Immolate","floor":2},{"not_picked":["Reckless Charge","Warcry","Clothesline"],"picked":"SKIP","floor":3},{"not_picked":["Carnage","Battle Trance","Havoc"],"picked":"SKIP","floor":7},{"not_picked":["Flame Barrier","Thunderclap"],"picked":"Twin Strike","floor":8},{"not_picked":["Warcry","True Grit"],"picked":"Shrug It Off","floor":10},{"not_picked":["Pommel Strike","Evolve","Perfected Strike"],"picked":"SKIP","floor":11},{"not_picked":["Uppercut","Reckless Charge","Anger"],"picked":"SKIP","floor":12}],"player_experience":1366097,"relics_obtained":[{"floor":9,"key":"Kunai"},{"floor":10,"key":"War Paint"}],"event_choices":[{"damage_healed":18,"gold_gain":0,"player_choice":"Healed","damage_taken":0,"max_hp_gain":0,"max_hp_loss":0,"event_name":"The Cleric","floor":4,"gold_loss":35},{"damage_healed":2,"gold_gain":0,"player_choice":"Full Heal","damage_taken":0,"max_hp_gain":0,"max_hp_loss":0,"event_name":"Wheel of Change","floor":5,"gold_loss":0}],"is_beta":true,"boss_relics":[],"items_purged_floors":[],"is_endless":false,"potions_floor_spawned":[8,10,12],"killed_by":"Exordium Thugs","ascension_level":20}