{"gold_per_floor":[117,117,267,192,192,233,81,81,81,81,99,119,194,230,230,230],"floor_reached":16,"playtime":285,"items_purged":["Doubt","Strike_R"],"score":262,"play_id":"4565583e-9bd1-4827-a76f-12c35549d9e0","local_time":"20190428224944","is_ascension_mode":true,"campfire_choices":[{"data":"Bash","floor":8.0,"key":"SMITH"},{"data":"Sword Boomerang","floor":10.0,"key":"SMITH"},{"floor":15,"key":"REST"}],"neow_cost":"NONE","seed_source_timestamp":0,"circlet_count":0,"master_deck":["AscendersBane","Strike_R","Strike_R+1","Strike_R+1","Strike_R","Defend_R","Defend_R","Defend_R","Defend_R","Bash+1","Sword Boomerang+1","True Grit","Uppercut+1"],"special_seed":0,"relics":["Burning Blood","NeowsBlessing","Golden Idol","Strawberry","Molten Egg 2","Blood Vial"],"potions_floor_usage":[14,14,14,16],"damage_taken":[{"damage":0.0,"enemies":"Small Slimes","floor":1.0,"turns":1.0},{"damage":0.0,"enemies":"Gremlin Nob","floor":6.0,"turns":1.0},{"damage":0.0,"enemies":"2 Louse","floor":11.0,"turns":1.0},{"damage":2.0,"enemies":"Jaw Worm","floor":12.0,"turns":3.0},{"damage":35,"enemies":"3 Sentries","floor":14,"turns":9},{"damage":50,"enemies":"Slime Boss","floor":16,"turns":6}],"seed_played":"3401424420329737413","potions_obtained":[{"floor":6.0,"key":"SteroidPotion"},{"floor":12.0,"key":"EntropicBrew"}],"is_trial":false,"path_per_floor":["M","?","?","$","?","E","$","R","T","R","M","M","?","E","R","B"],"character_chosen":"IRONCLAD","items_purchased":["Sword Boomerang"],"campfire_rested":1,"item_purchase_floors":[7],"current_hp_per_floor":[74,48,48,48,25,38,38,38,38,38,44,48,37,8,32,0],"gold":230,"neow_bonus":"THREE_ENEMY_KILL","is_prod":false,"is_daily":false,"chose_seed":false,"campfire_upgraded":2,"win_rate":0,"timestamp":1556484584,"path_taken":["M","?","?","?","?","E","$","R","T","R","M","M","?","E","R","BOSS"],"build_version":"2019-04-23","purchased_purges":2,"victory":false,"max_hp_per_floor":[75,75,75,75,75,82,82,82,82,82,82,82,82,82,82,82],"card_choices":[{"not_picked":["Perfected Strike","Rupture","Wild Strike"],"picked":"SKIP","floor":1.0},{"not_picked":["Evolve","Headbutt","Cleave"],"picked":"SKIP","floor":6.0},{"not_picked":["Wild Strike+1","Exhume","Clash+1"],"picked":"SKIP","floor":11.0},{"not_picked":["Clothesline+1","Warcry"],"picked":"True Grit","floor":12.0},{"not_picked":["Dual Wield","Havoc"],"picked":"Uppercut+1","floor":14}],"player_experience":1423520,"relics_obtained":[{"floor":6.0,"key":"Strawberry"},{"floor":9.0,"key":"Molten Egg 2"},{"floor":14,"key":"Blood Vial"}],"event_choices":[{"damage_healed":0.0,"max_hp_gain":0.0,"max_hp_loss":0.0,"gold_gain":0.0,"event_name":"Golden Idol","player_choice":"Take Damage","floor":2.0,"gold_loss":0.0,"damage_taken":26.0,"relics_obtained":["Golden Idol"]},{"damage_healed":0.0,"max_hp_gain":0.0,"max_hp_loss":0.0,"gold_gain":150.0,"event_name":"Liars Game","player_choice":"AGREE","floor":3.0,"gold_loss":0.0,"damage_taken":0.0,"cards_obtained":["Doubt"]},{"damage_healed":0.0,"max_hp_gain":0.0,"max_hp_loss":0.0,"gold_gain":0.0,"event_name":"Shining Light","player_choice":"Entered Light","floor":5.0,"gold_loss":0.0,"damage_taken":23.0,"cards_upgraded":["Strike_R","Strike_R"]},{"damage_healed":0.0,"max_hp_gain":0.0,"max_hp_loss":0.0,"gold_gain":75.0,"event_name":"World of Goop","player_choice":"Gather Gold","floor":13.0,"gold_loss":0.0,"damage_taken":11.0}],"is_beta":true,"boss_relics":[],"items_purged_floors":[4,7],"is_endless":false,"potions_floor_spawned":[6,12],"killed_by":"Slime Boss","ascension_level":20}