{"gold_per_floor":[118,128,36,54,4,36,36,36],"floor_reached":8,"playtime":413,"items_purged":[],"score":92,"play_id":"dcfb6034-74d3-42ff-a7c4-1bf32c6ac9ed","local_time":"20190417140147","is_ascension_mode":true,"campfire_choices":[],"neow_cost":"PERCENT_DAMAGE","seed_source_timestamp":1396232288019125,"circlet_count":0,"master_deck":["AscendersBane","Strike_R","Strike_R","Strike_R","Strike_R","Defend_R","Defend_R","Defend_R","Defend_R","Bash","Feed","Wild Strike","Disarm","Pommel Strike","Seeing Red","Armaments+1","Feed"],"relics":["Burning Blood","Bag of Marbles"],"potions_floor_usage":[6],"damage_taken":[{"damage":0,"enemies":"Small Slimes","floor":1,"turns":3},{"damage":2,"enemies":"2 Louse","floor":2,"turns":4},{"damage":0,"enemies":"Cultist","floor":4,"turns":3},{"damage":64,"enemies":"Gremlin Nob","floor":6,"turns":6},{"damage":21,"enemies":"Lagavulin","floor":8,"turns":3}],"seed_played":"-5990079543794482268","potions_obtained":[{"floor":2,"key":"SneckoOil"}],"is_trial":false,"path_per_floor":["M","M","$","M","?","E","?","E"],"character_chosen":"IRONCLAD","items_purchased":["Pommel Strike","Seeing Red"],"campfire_rested":0,"item_purchase_floors":[3,3],"current_hp_per_floor":[60,67,67,73,73,15,15,0],"gold":36,"neow_bonus":"THREE_RARE_CARDS","is_prod":false,"is_daily":false,"chose_seed":false,"campfire_upgraded":0,"win_rate":0,"timestamp":1555488107,"path_taken":["M","M","$","M","?","E","?","E"],"build_version":"2019-01-23","purchased_purges":0,"victory":false,"max_hp_per_floor":[83,86,86,86,86,86,86,86],"card_choices":[{"not_picked":["Impervious","Immolate"],"picked":"Feed","floor":0},{"not_picked":["Twin Strike","Warcry"],"picked":"Wild Strike","floor":1},{"not_picked":["Whirlwind","Blood for Blood"],"picked":"Disarm","floor":2},{"not_picked":["Seeing Red","Anger"],"picked":"Armaments","floor":4},{"not_picked":["Searing Blow","Sentinel"],"picked":"Feed","floor":6}],"player_experience":1169207,"relics_obtained":[{"floor":6,"key":"Bag of Marbles"}],"event_choices":[{"cards_removed":["Strike_R"],"damage_healed":0,"gold_gain":0,"player_choice":"Card Removal","damage_taken":0,"max_hp_gain":0,"max_hp_loss":0,"event_name":"The Cleric","floor":5,"gold_loss":50},{"damage_healed":0,"gold_gain":0,"player_choice":"Grow","damage_taken":0,"max_hp_gain":0,"max_hp_loss":0,"event_name":"Living Wall","floor":7,"gold_loss":0,"cards_upgraded":["Armaments"]}],"is_beta":false,"boss_relics":[],"items_purged_floors":[],"is_endless":false,"potions_floor_spawned":[2],"killed_by":"Lagavulin","ascension_level":13}