{"gold_per_floor":[118,118,268,138,138,138,155,155,155,182,194,209,209,209,209,280,280,292,292,107,107,107,107,134,134,214,89,100,111,131,131,131,203,203,213,265,265,283,283,283],"floor_reached":40,"playtime":1970,"items_purged":["Doubt","Defend_R","Defend_R"],"score":825,"play_id":"ad6fd666-203d-4347-b1c9-a73991d373aa","local_time":"20190412172243","is_ascension_mode":true,"campfire_choices":[{"data":"Bash","floor":6,"key":"SMITH"},{"data":"Immolate","floor":8,"key":"SMITH"},{"data":"Flame Barrier","floor":13,"key":"SMITH"},{"data":"Twin Strike","floor":15,"key":"SMITH"},{"data":"Inflame","floor":23,"key":"SMITH"},{"floor":25,"key":"REST"},{"data":"Heavy Blade","floor":32,"key":"SMITH"}],"neow_cost":"NONE","seed_source_timestamp":185909156021500,"circlet_count":0,"master_deck":["AscendersBane","Strike_R","Strike_R+1","Defend_R","Bash+1","Immolate+1","Twin Strike+1","Shrug It Off","Flame Barrier+1","Shrug It Off","Sword Boomerang+1","Inflame+1","Sword Boomerang","Shrug It Off+1","Heavy Blade+1","Shrug It Off","Offering","Shrug It Off"],"relics":["Burning Blood","Shuriken","Self Forming Clay","Potion Belt","Mark of Pain","MutagenicStrength","Whetstone","Orrery","StoneCalendar"],"potions_floor_usage":[16,24,33,33,36,36],"damage_taken":[{"damage":0,"enemies":"Small Slimes","floor":1,"turns":2},{"damage":0,"enemies":"2 Louse","floor":7,"turns":2},{"damage":8,"enemies":"Gremlin Nob","floor":10,"turns":3},{"damage":0,"enemies":"Jaw Worm","floor":11,"turns":3},{"damage":3,"enemies":"3 Louse","floor":12,"turns":3},{"damage":79,"enemies":"Hexaghost","floor":16,"turns":12},{"damage":6,"enemies":"2 Thieves","floor":18,"turns":4},{"damage":42,"enemies":"Book of Stabbing","floor":24,"turns":5},{"damage":0,"enemies":"Chosen","floor":28,"turns":3},{"damage":0,"enemies":"3 Cultists","floor":29,"turns":3},{"damage":0,"enemies":"Centurion and Healer","floor":30,"turns":4},{"damage":73,"enemies":"Collector","floor":33,"turns":10},{"damage":11,"enemies":"Orb Walker","floor":35,"turns":2},{"damage":38,"enemies":"2 Orb Walkers","floor":36,"turns":3},{"damage":6,"enemies":"3 Shapes","floor":38,"turns":7},{"damage":107,"enemies":"Giant Head","floor":40,"turns":6}],"seed_played":"-7430097723305014199","potions_obtained":[{"floor":1,"key":"SkillPotion"},{"floor":12,"key":"EssenceOfSteel"},{"floor":16,"key":"Regen Potion"},{"floor":29,"key":"Fire Potion"},{"floor":30,"key":"Block Potion"},{"floor":33,"key":"Regen Potion"},{"floor":38,"key":"FairyPotion"}],"is_trial":false,"path_per_floor":["M","?","?","$","?","R","M","R","T","E","M","M","R","?","R","B",null,"M","?","$","?","?","R","E","R","T","$","M","M","M","?","R","B",null,"M","?","?","M","?","E"],"character_chosen":"IRONCLAD","items_purchased":["Shrug It Off","Inflame"],"campfire_rested":1,"item_purchase_floors":[4,20],"current_hp_per_floor":[74,69,69,69,62,62,68,68,68,66,72,75,75,80,80,7,62,62,62,62,62,62,62,40,64,64,64,70,76,80,80,80,13,63,58,35,35,35,35,0],"gold":283,"neow_bonus":"TRANSFORM_CARD","is_prod":false,"is_daily":false,"chose_seed":false,"campfire_upgraded":6,"win_rate":0,"timestamp":1555082563,"path_taken":["M","?","?","$","?","R","M","R","T","E","?","M","R","?","R","BOSS","M","?","?","?","?","R","E","R","T","$","?","M","M","?","R","BOSS","M","?","?","M","?","E"],"build_version":"2019-04-04","purchased_purges":3,"victory":false,"max_hp_per_floor":[75,75,75,75,75,75,75,75,75,75,75,75,75,80,80,80,80,80,80,80,80,80,80,80,80,80,80,80,80,80,80,80,80,80,80,80,80,80,80,80],"card_choices":[{"not_picked":["Reckless Charge","Thunderclap"],"picked":"Twin Strike","floor":1},{"not_picked":["Combust","Wild Strike","Perfected Strike"],"picked":"SKIP","floor":7},{"not_picked":["Warcry","Intimidate"],"picked":"Flame Barrier","floor":10},{"not_picked":["Spot Weakness","Pommel Strike","Carnage"],"picked":"SKIP","floor":11},{"not_picked":["Rage","Body Slam"],"picked":"Shrug It Off","floor":12},{"not_picked":["Headbutt","Entrench"],"picked":"Sword Boomerang","floor":18},{"not_picked":["Battle Trance","Armaments+1"],"picked":"Shrug It Off+1","floor":24},{"not_picked":["Intimidate","Flame Barrier"],"picked":"Heavy Blade","floor":28},{"not_picked":["Havoc","Searing Blow","Warcry"],"picked":"SKIP","floor":29},{"not_picked":["Searing Blow","Sword Boomerang"],"picked":"Shrug It Off","floor":30},{"not_picked":["Berserk","Fiend Fire"],"picked":"Offering","floor":33},{"not_picked":["Wild Strike","Second Wind"],"picked":"Shrug It Off","floor":34},{"not_picked":["Clash","Perfected Strike","Wild Strike+1"],"picked":"SKIP","floor":35},{"not_picked":["Flex+1","Wild Strike+1","Armaments"],"picked":"SKIP","floor":38}],"player_experience":1369063,"relics_obtained":[{"floor":9,"key":"Self Forming Clay"},{"floor":10,"key":"Potion Belt"},{"floor":24,"key":"Whetstone"},{"floor":36,"key":"StoneCalendar"}],"event_choices":[{"damage_healed":0,"gold_gain":0,"player_choice":"Success","damage_taken":5,"relics_obtained":["Shuriken"],"max_hp_gain":0,"max_hp_loss":0,"event_name":"Scrap Ooze","floor":2,"gold_loss":0},{"damage_healed":0,"gold_gain":150,"player_choice":"AGREE","damage_taken":0,"max_hp_gain":0,"max_hp_loss":0,"event_name":"Liars Game","floor":3,"gold_loss":0,"cards_obtained":["Doubt"]},{"cards_removed":["Strike_R"],"damage_healed":0,"gold_gain":0,"player_choice":"Card Removal","damage_taken":7,"max_hp_gain":0,"max_hp_loss":0,"event_name":"Golden Wing","floor":5,"gold_loss":0},{"damage_healed":0,"gold_gain":0,"player_choice":"Donut","damage_taken":0,"max_hp_gain":5,"max_hp_loss":0,"event_name":"Big Fish","floor":14,"gold_loss":0},{"cards_removed":["Strike_R"],"damage_healed":0,"gold_gain":0,"player_choice":"Purged","damage_taken":0,"max_hp_gain":0,"max_hp_loss":0,"event_name":"Purifier","floor":19,"gold_loss":0},{"damage_healed":0,"gold_gain":0,"player_choice":"Read","damage_taken":0,"max_hp_gain":0,"max_hp_loss":0,"event_name":"The Library","floor":21,"gold_loss":0,"cards_obtained":["Sword Boomerang"]},{"damage_healed":0,"gold_gain":0,"player_choice":"Inject Mutagens","damage_taken":0,"relics_obtained":["MutagenicStrength"],"max_hp_gain":0,"max_hp_loss":0,"event_name":"Drug Dealer","floor":22,"gold_loss":0},{"cards_removed":["Strike_R"],"damage_healed":0,"gold_gain":0,"player_choice":"Elegance","damage_taken":0,"max_hp_gain":0,"max_hp_loss":0,"event_name":"Back to Basics","floor":31,"gold_loss":0},{"damage_healed":0,"gold_gain":0,"player_choice":"Fight","damage_taken":0,"max_hp_gain":0,"max_hp_loss":0,"event_name":"Mysterious Sphere","floor":36,"gold_loss":0},{"damage_healed":0,"gold_gain":0,"player_choice":"Memory 1","damage_taken":0,"max_hp_gain":0,"max_hp_loss":0,"event_name":"SensoryStone","floor":37,"gold_loss":0},{"damage_healed":0,"gold_gain":0,"player_choice":"Ignored","damage_taken":0,"max_hp_gain":0,"max_hp_loss":0,"event_name":"The Moai Head","floor":39,"gold_loss":0}],"is_beta":true,"boss_relics":[{"not_picked":["Calling Bell","Pandora\u0027s Box"],"picked":"Mark of Pain"},{"not_picked":["Philosopher\u0027s Stone","Black Star"],"picked":"Orrery"}],"items_purged_floors":[4,20,27],"is_endless":false,"potions_floor_spawned":[1,12,16,29,30,33,38],"killed_by":"Giant Head","ascension_level":20}