{"gold_per_floor":[114,39,58,58,8,38,38,69,69,69,79,90,90,121,121,216,216,236,236,254,309,309,341,341,355,355,366,218,139,139,238,238,337,337,353,453,188,198,198,198,198,198,198,251,251,49,0,0,0,0],"floor_reached":51,"playtime":3069,"items_purged":["Strike_B","Doubt","Consume+1"],"score":960,"play_id":"2d40d4b7-97ca-4f67-8040-8a4fa74e5f04","local_time":"20181126224520","is_ascension_mode":true,"campfire_choices":[{"data":"Zap","floor":10,"key":"SMITH"},{"data":"Dualcast","floor":13,"key":"SMITH"},{"data":"Cold Snap","floor":15,"key":"SMITH"},{"floor":24,"key":"REST"},{"data":"Creative AI","floor":32,"key":"SMITH"},{"data":"Seek","floor":40,"key":"SMITH"},{"floor":45,"key":"REST"},{"data":"Heatsinks","floor":49,"key":"SMITH"}],"neow_cost":"NONE","seed_source_timestamp":1122684178002889,"circlet_count":0,"master_deck":["Strike_B+1","Defend_B","Defend_B","Zap+1","Dualcast+1","Cold Snap+1","Rebound+1","Heatsinks+1","Cold Snap+1","Cold Snap+1","Storm","Creative AI+1","Loop","Seek+1","Storm+1","Steam","Leap+1","Loop"],"relics":["Cracked Core","NeowsBlessing","Molten Egg 2","Pen Nib","Juzu Bracelet","Dream Catcher","Busted Crown","Nloth\u0027s Gift","Happy Flower","StoneCalendar","DataDisk","Dodecahedron","Astrolabe","Bird Faced Urn","Tiny Chest","Gremlin Horn","Calipers","Red Mask"],"potions_floor_usage":[14,14,16,33,33,44,44,44,50],"damage_taken":[{"damage":0,"enemies":"Cultist","floor":1,"turns":1},{"damage":0,"enemies":"Small Slimes","floor":3,"turns":1},{"damage":0,"enemies":"Lagavulin","floor":6,"turns":1},{"damage":22,"enemies":"3 Sentries","floor":8,"turns":11},{"damage":5,"enemies":"Jaw Worm","floor":11,"turns":4},{"damage":9,"enemies":"Red Slaver","floor":12,"turns":2},{"damage":1,"enemies":"Lagavulin","floor":14,"turns":5},{"damage":4,"enemies":"The Guardian","floor":16,"turns":10},{"damage":12,"enemies":"3 Byrds","floor":18,"turns":5},{"damage":12,"enemies":"Spheric Guardian","floor":20,"turns":4},{"damage":42,"enemies":"Slavers","floor":23,"turns":7},{"damage":11,"enemies":"Snecko","floor":25,"turns":6},{"damage":10,"enemies":"Cultist and Chosen","floor":27,"turns":6},{"damage":24,"enemies":"Automaton","floor":33,"turns":8},{"damage":6,"enemies":"3 Shapes","floor":35,"turns":3},{"damage":0,"enemies":"Mind Bloom Boss Battle","floor":36,"turns":4},{"damage":10,"enemies":"Orb Walker","floor":38,"turns":2},{"damage":75,"enemies":"2 Orb Walkers","floor":44,"turns":5},{"damage":18,"enemies":"Time Eater","floor":50,"turns":8}],"seed_played":"7126360314120354051","potions_obtained":[{"floor":1,"key":"LiquidBronze"},{"floor":6,"key":"Block Potion"},{"floor":12,"key":"SteroidPotion"},{"floor":25,"key":"SteroidPotion"},{"floor":27,"key":"EssenceOfSteel"},{"floor":33,"key":"Explosive Potion"},{"floor":35,"key":"Poison Potion"},{"floor":38,"key":"EssenceOfSteel"}],"is_trial":false,"path_per_floor":["M","$","M","$","?","E","$","E","T","R","M","M","R","E","R","B",null,"M","?","M","T","?","E","R","M","T","M","$","$","?","?","R","B",null,"M","?","$","M","?","R","?","?","T","?","R","$","?","?","R","B",null],"character_chosen":"DEFECT","items_purchased":["DataDisk","Loop","Tiny Chest","Block Potion","FocusPotion"],"campfire_rested":2,"item_purchase_floors":[28,29,37,37,46],"current_hp_per_floor":[68,68,75,75,75,75,75,60,60,60,62,53,53,59,59,62,72,67,67,62,62,62,27,49,45,45,42,42,42,42,42,42,25,63,64,71,71,71,71,71,71,71,71,6,27,27,27,62,62,60],"gold":0,"neow_bonus":"THREE_ENEMY_KILL","is_prod":false,"is_daily":false,"chose_seed":false,"campfire_upgraded":6,"win_rate":0,"timestamp":1543308320,"path_taken":["M","?","?","$","?","E","$","E","T","R","M","M","R","E","R","BOSS","M","?","M","?","?","E","R","M","T","M","?","$","?","?","R","BOSS","M","?","$","M","?","R","?","?","T","?","R","?","?","?","R","BOSS"],"build_version":"2018-11-15","purchased_purges":3,"victory":true,"max_hp_per_floor":[75,75,75,75,75,75,75,75,75,75,75,75,75,75,75,75,75,75,75,75,75,75,75,75,75,75,75,75,75,75,75,75,75,75,75,75,75,75,75,75,75,71,71,71,71,71,71,62,62,62],"card_choices":[{"not_picked":["Force Field","Chaos"],"picked":"Self Repair","floor":1},{"not_picked":["Double Energy","Coolheaded"],"picked":"Cold Snap","floor":3},{"not_picked":["Lockon","Turbo"],"picked":"Rebound","floor":6},{"not_picked":["Self Repair","White Noise"],"picked":"Heatsinks","floor":8},{"not_picked":["Reprogram","Undo"],"picked":"Cold Snap+1","floor":11},{"not_picked":["Streamline+1","Steam"],"picked":"Cold Snap+1","floor":12},{"not_picked":["Turbo","Barrage+1"],"picked":"Storm","floor":14},{"not_picked":["Seek","Reboot"],"picked":"Creative AI","floor":16},{"not_picked":["Undo+1"],"picked":"SKIP","floor":18},{"not_picked":["Redo"],"picked":"SKIP","floor":20},{"not_picked":["All For One+1"],"picked":"SKIP","floor":23},{"not_picked":["Hello World"],"picked":"SKIP","floor":25},{"not_picked":["Compile Driver+1"],"picked":"SKIP","floor":27},{"not_picked":[],"picked":"Seek","floor":33},{"not_picked":[],"picked":"Steam","floor":35},{"not_picked":["Streamline+1"],"picked":"SKIP","floor":38},{"not_picked":[],"picked":"Leap+1","floor":44},{"not_picked":[],"picked":"Loop","floor":45}],"player_experience":323401,"relics_obtained":[{"floor":6,"key":"Molten Egg 2"},{"floor":8,"key":"Pen Nib"},{"floor":9,"key":"Juzu Bracelet"},{"floor":14,"key":"Dream Catcher"},{"floor":21,"key":"Whetstone"},{"floor":23,"key":"Happy Flower"},{"floor":26,"key":"StoneCalendar"},{"floor":36,"key":"Bird Faced Urn"},{"floor":43,"key":"Gremlin Horn"},{"floor":44,"key":"Calipers"}],"event_choices":[{"cards_removed":["Strike_B"],"damage_healed":0,"gold_gain":0,"player_choice":"Card Removal","damage_taken":0,"max_hp_gain":0,"max_hp_loss":0,"event_name":"The Cleric","floor":5,"gold_loss":50},{"cards_removed":["Strike_B"],"damage_healed":0,"gold_gain":0,"player_choice":"Elegance","damage_taken":0,"max_hp_gain":0,"max_hp_loss":0,"event_name":"Back to Basics","floor":19,"gold_loss":0},{"damage_healed":0,"gold_gain":0,"player_choice":"Traded Relic","damage_taken":0,"relics_obtained":["Nloth\u0027s Gift"],"max_hp_gain":0,"max_hp_loss":0,"event_name":"N\u0027loth","floor":22,"relics_lost":["Whetstone"],"gold_loss":0},{"damage_healed":0,"gold_gain":0,"player_choice":"Opened","damage_taken":0,"relics_obtained":["Dodecahedron"],"max_hp_gain":0,"max_hp_loss":0,"event_name":"The Mausoleum","floor":30,"gold_loss":0,"cards_obtained":["Writhe"]},{"damage_healed":0,"gold_gain":99,"player_choice":"Stole From Cult","damage_taken":0,"max_hp_gain":0,"max_hp_loss":0,"event_name":"Nest","floor":31,"gold_loss":0},{"damage_healed":0,"gold_gain":0,"player_choice":"Fight","damage_taken":0,"max_hp_gain":0,"max_hp_loss":0,"event_name":"MindBloom","floor":36,"gold_loss":0},{"cards_removed":["Self Repair"],"damage_healed":0,"gold_gain":0,"player_choice":"Removed Power","damage_taken":0,"max_hp_gain":0,"max_hp_loss":0,"event_name":"Falling","floor":39,"gold_loss":0},{"damage_healed":0,"gold_gain":0,"player_choice":"Memory 1","damage_taken":0,"max_hp_gain":0,"max_hp_loss":0,"event_name":"SensoryStone","floor":41,"gold_loss":0},{"damage_healed":0,"gold_gain":0,"player_choice":"Max HP","damage_taken":0,"max_hp_gain":0,"max_hp_loss":4,"event_name":"Winding Halls","floor":42,"gold_loss":0},{"damage_healed":0,"gold_gain":0,"player_choice":"Fight","damage_taken":0,"max_hp_gain":0,"max_hp_loss":0,"event_name":"Mysterious Sphere","floor":44,"gold_loss":0},{"damage_healed":0,"gold_gain":0,"player_choice":"Paid","damage_taken":0,"relics_obtained":["Red Mask"],"max_hp_gain":0,"max_hp_loss":0,"event_name":"Tomb of Lord Red Mask","floor":47,"gold_loss":49},{"damage_healed":62,"gold_gain":0,"player_choice":"Heal","damage_taken":0,"max_hp_gain":0,"max_hp_loss":9,"event_name":"The Moai Head","floor":48,"gold_loss":0}],"is_beta":false,"boss_relics":[{"not_picked":["Runic Pyramid","FrozenCore"],"picked":"Busted Crown"},{"not_picked":["Orrery","Runic Dome"],"picked":"Astrolabe"}],"items_purged_floors":[2,37,46],"is_endless":false,"potions_floor_spawned":[1,6,12,25,27,33,35,38],"ascension_level":8}