{"path_per_floor":["M","?","?","?","M","E","M","R","T","M","E","$","R","M","R"],"character_chosen":"IRONCLAD","items_purchased":["Shrug It Off"],"gold_per_floor":[113,113,113,113,133,159,179,179,179,199,226,104,104,114,114,114],"floor_reached":16,"campfire_rested":0,"playtime":1737,"item_purchase_floors":[12],"current_hp_per_floor":[80,85,85,85,81,62,68,68,68,69,50,50,50,56,56,0],"items_purged":["Strike_R"],"gold":114,"score":110,"play_id":"79dd1bf8-a778-4a06-a762-7cb7623b3f3d","local_time":"20180519161026","is_prod":false,"is_daily":false,"chose_seed":false,"is_ascension_mode":false,"campfire_upgraded":3,"timestamp":1526771426,"campfire_choices":[{"data":"Cleave","floor":8,"key":"SMITH"},{"data":"Body Slam","floor":13,"key":"SMITH"},{"data":"Iron Wave","floor":15,"key":"SMITH"}],"path_taken":["M","?","?","?","M","E","M","R","T","?","E","$","R","?","R","BOSS"],"build_version":"2018-05-18","seed_source_timestamp":108541515538831,"purchased_purges":1,"victory":false,"master_deck":["Strike_R","Strike_R","Strike_R","Strike_R","Defend_R","Defend_R","Defend_R","Defend_R","Heavy Blade","Armaments+1","Body Slam+1","Cleave+1","Shrug It Off","Iron Wave+1"],"max_hp_per_floor":[80,85,85,85,85,85,85,85,85,85,85,85,85,85,85,85],"relics":["Burning Blood","Du-Vu Doll","Mercury Hourglass","Letter Opener"],"card_choices":[{"not_picked":["True Grit","Feel No Pain"],"picked":"Armaments","floor":1},{"not_picked":["Pummel","Carnage","True Grit"],"picked":"SKIP","floor":5},{"not_picked":["Wild Strike","Demon Form"],"picked":"Body Slam","floor":6},{"not_picked":["Twin Strike","Warcry"],"picked":"Cleave","floor":7},{"not_picked":["Clothesline","Fire Breathing","Rupture"],"picked":"SKIP","floor":10},{"not_picked":["Juggernaut","Anger","Armaments"],"picked":"SKIP","floor":11},{"not_picked":["Fire Breathing","Flex"],"picked":"Iron Wave","floor":14}],"player_experience":87900,"potions_floor_usage":[10,11],"damage_taken":[{"damage":0,"enemies":"2 Louse","floor":1,"turns":2},{"damage":10,"enemies":"Small Slimes","floor":5,"turns":4},{"damage":25,"enemies":"3 Sentries","floor":6,"turns":11},{"damage":0,"enemies":"Jaw Worm","floor":7,"turns":4},{"damage":5,"enemies":"3 Louse","floor":10,"turns":3},{"damage":25,"enemies":"Gremlin Nob","floor":11,"turns":4},{"damage":0,"enemies":"Exordium Wildlife","floor":14,"turns":3},{"damage":56,"enemies":"Hexaghost","floor":16,"turns":12}],"relics_obtained":[{"floor":6,"key":"Du-Vu Doll"},{"floor":9,"key":"Mercury Hourglass"},{"floor":11,"key":"Letter Opener"}],"event_choices":[{"event_name":"Big Fish","player_choice":"Donut","floor":2,"damage_taken":0},{"event_name":"Living Wall","player_choice":"Grow","floor":3,"damage_taken":0},{"event_name":"Liars Game","player_choice":"disagreed","floor":4,"damage_taken":0}],"boss_relics":[],"items_purged_floors":[12],"potions_floor_spawned":[6,10,11,14],"seed_played":"-6335865247811844460","killed_by":"Hexaghost","ascension_level":0,"potions_obtained":[{"floor":6,"key":"SkillPotion"},{"floor":10,"key":"Poison Potion"},{"floor":11,"key":"Swift Potion"},{"floor":14,"key":"SpeedPotion"}],"is_trial":false}