{"gold_per_floor":[111,286,296,58,58,93,93,104,150,182,196,26,26,46,46,46],"floor_reached":16,"playtime":588,"items_purged":["Doubt","Strike_G"],"score":143,"play_id":"6179547c-c3c4-4827-85a7-471fda036cd7","local_time":"20180915131403","is_ascension_mode":true,"campfire_choices":[{"floor":7,"key":"REST"},{"data":"Footwork","floor":13,"key":"SMITH"},{"data":"Cloak And Dagger","floor":15,"key":"SMITH"}],"neow_cost":"TEN_PERCENT_HP_LOSS","seed_source_timestamp":824021705907800,"circlet_count":0,"master_deck":["Defend_G","Defend_G","Defend_G","Defend_G","Defend_G","Strike_G","Strike_G","Strike_G+1","Strike_G+1","Survivor","Neutralize","Backflip","Dagger Spray","Cloak And Dagger","Accuracy","Backstab","Outmaneuver","Escape Plan","Cloak And Dagger+1","Footwork+1"],"relics":["Ring of the Snake","Ice Cream","Art of War","PreservedInsect","The Specimen"],"potions_floor_usage":[8],"damage_taken":[{"damage":6,"enemies":"Jaw Worm","floor":1,"turns":6},{"damage":2,"enemies":"2 Louse","floor":3,"turns":5},{"damage":32,"enemies":"Gremlin Nob","floor":6,"turns":5},{"damage":0,"enemies":"Cultist","floor":8,"turns":4},{"damage":12,"enemies":"3 Sentries","floor":10,"turns":7},{"damage":1,"enemies":"Blue Slaver","floor":11,"turns":4},{"damage":0,"enemies":"3 Louse","floor":14,"turns":3},{"damage":31,"enemies":"Hexaghost","floor":16,"turns":14}],"seed_played":"4333571717567385441","potions_obtained":[{"floor":6,"key":"Regen Potion"},{"floor":10,"key":"Ancient Potion"}],"is_trial":false,"path_per_floor":["M","?","M","$","?","E","R","M","T","E","M","$","R","M","R"],"character_chosen":"THE_SILENT","items_purchased":["Cloak And Dagger","Accuracy","Backstab","Footwork"],"campfire_rested":1,"item_purchase_floors":[4,4,4,12],"current_hp_per_floor":[57,57,55,55,42,10,28,40,40,28,27,27,27,27,27,0],"gold":46,"neow_bonus":"ONE_RARE_RELIC","is_prod":false,"is_daily":false,"chose_seed":false,"campfire_upgraded":2,"win_rate":0,"timestamp":1537042443,"path_taken":["M","?","?","$","?","E","R","M","T","E","M","$","R","?","R","BOSS"],"build_version":"2018-09-12","purchased_purges":2,"victory":false,"max_hp_per_floor":[63,63,63,63,63,63,63,63,63,63,63,63,63,63,63,63],"card_choices":[{"not_picked":["Dodge and Roll","Quick Slash"],"picked":"Backflip","floor":1},{"not_picked":["Choke","Poisoned Stab"],"picked":"Dagger Spray","floor":3},{"not_picked":["Die Die Die","Masterful Stab"],"picked":"Outmaneuver","floor":6},{"not_picked":["Sucker Punch","Caltrops","Slice"],"picked":"SKIP","floor":8},{"not_picked":["Masterful Stab","Unload"],"picked":"Escape Plan","floor":10},{"not_picked":["Dash","Deadly Poison"],"picked":"Cloak And Dagger","floor":11},{"not_picked":["Choke","Eviscerate","Riddle With Holes"],"picked":"SKIP","floor":14}],"player_experience":277660,"relics_obtained":[{"floor":6,"key":"Art of War"},{"floor":9,"key":"PreservedInsect"},{"floor":10,"key":"The Specimen"}],"event_choices":[{"event_name":"Liars Game","player_choice":"agreed","floor":2,"damage_taken":0},{"event_name":"Shining Light","player_choice":"Entered Light","floor":5,"damage_taken":0}],"is_beta":true,"boss_relics":[],"items_purged_floors":[4,12],"is_endless":false,"potions_floor_spawned":[6,10],"killed_by":"Hexaghost","ascension_level":6}