{"gold_per_floor":[117,42,42,53,2,2,15,15,85,85,85,103,103,134,134,208,208,225,225,225,196,111,111,121,121,144,163,163,163,63,80,80,155,155,172,222,13,288,298,298,333,346,369,383,330,344,2,22,22,22],"floor_reached":50,"playtime":1582,"items_purged":["Decay","Gash","Injury","Strike_B"],"score":1086,"play_id":"55720b10-ff0e-40f0-b8e1-c36baf94bf1e","local_time":"20190103213625","is_ascension_mode":true,"campfire_choices":[{"data":"Dualcast","floor":6,"key":"SMITH"},{"data":"Zap","floor":8,"key":"SMITH"},{"floor":10,"key":"REST"},{"data":"Ball Lightning","floor":15,"key":"SMITH"},{"floor":23,"key":"REST"},{"floor":28,"key":"REST"},{"data":"Hologram","floor":32,"key":"SMITH"},{"floor":40,"key":"REST"},{"floor":49,"key":"REST"}],"neow_cost":"CURSE","seed_source_timestamp":255732272756400,"circlet_count":0,"master_deck":["AscendersBane","Defend_B","Defend_B","Zap+1","Dualcast+1","Ball Lightning","Ball Lightning","Ball Lightning+1","Biased Cognition+1","Echo Form","Rainbow+1","Reboot+1","Cold Snap","Conserve Battery","Rip and Tear","Stack","Chill","Hologram+1","Meteor Strike","White Noise","Coolheaded","Coolheaded","Undo+1"],"relics":["Cracked Core","Letter Opener","Ornamental Fan","DataDisk","Astrolabe","Enchiridion","Vajra","Lantern","Darkstone Periapt","Cursed Key","Omamori","Bottled Flame","Bag of Preparation"],"potions_floor_usage":[14,33,41,46,48],"damage_taken":[{"damage":18,"enemies":"Small Slimes","floor":1,"turns":3},{"damage":1,"enemies":"Cultist","floor":4,"turns":3},{"damage":8,"enemies":"2 Louse","floor":7,"turns":3},{"damage":4,"enemies":"Red Slaver","floor":12,"turns":2},{"damage":11,"enemies":"Gremlin Nob","floor":14,"turns":3},{"damage":0,"enemies":"Slime Boss","floor":16,"turns":4},{"damage":20,"enemies":"3 Byrds","floor":18,"turns":3},{"damage":0,"enemies":"Chosen","floor":24,"turns":2},{"damage":7,"enemies":"Centurion and Healer","floor":27,"turns":4},{"damage":4,"enemies":"Snake Plant","floor":31,"turns":2},{"damage":11,"enemies":"Champ","floor":33,"turns":8},{"damage":0,"enemies":"3 Shapes","floor":35,"turns":3},{"damage":20,"enemies":"3 Darklings","floor":39,"turns":4},{"damage":42,"enemies":"Nemesis","floor":41,"turns":6},{"damage":22,"enemies":"Spire Growth","floor":42,"turns":4},{"damage":0,"enemies":"Sphere and 2 Shapes","floor":44,"turns":2},{"damage":0,"enemies":"Jaw Worm Horde","floor":46,"turns":3},{"damage":8,"enemies":"Maw","floor":48,"turns":6},{"damage":78,"enemies":"Donu and Deca","floor":50,"turns":8}],"seed_played":"-8398914654575598383","potions_obtained":[{"floor":4,"key":"SpeedPotion"},{"floor":7,"key":"SneckoOil"},{"floor":16,"key":"FearPotion"},{"floor":18,"key":"EssenceOfSteel"},{"floor":24,"key":"FocusPotion"},{"floor":39,"key":"Poison Potion"},{"floor":41,"key":"Swift Potion"}],"is_trial":false,"path_per_floor":["M","$","?","M","$","R","M","R","T","R","?","M","?","E","R","B",null,"M","?","?","$","?","R","M","?","T","M","R","T","$","M","R","B",null,"M","T","$","?","M","R","E","M","T","M","$","M","$","M","R","B"],"character_chosen":"DEFECT","items_purchased":["Ball Lightning","Conserve Battery","White Noise","Coolheaded","Regen Potion","FairyPotion"],"campfire_rested":5,"item_purchase_floors":[5,21,37,45,47,47],"current_hp_per_floor":[60,60,60,59,59,59,51,51,51,76,76,72,72,61,61,61,79,59,38,38,38,38,63,63,63,63,56,81,81,81,77,77,66,80,80,86,86,86,66,91,49,27,27,27,27,27,27,34,61,0],"gold":22,"neow_bonus":"TWENTY_PERCENT_HP_BONUS","is_prod":false,"is_daily":false,"chose_seed":false,"campfire_upgraded":4,"win_rate":0,"timestamp":1546547785,"path_taken":["M","$","?","M","?","R","M","R","T","R","?","?","?","E","R","BOSS","M","?","?","$","?","R","M","?","T","?","R","?","?","M","R","BOSS","M","?","$","?","?","R","E","M","T","?","?","?","?","M","R","BOSS"],"build_version":"2019-01-02","purchased_purges":4,"victory":false,"max_hp_per_floor":[85,85,85,85,85,85,85,85,85,85,85,85,85,85,85,85,85,85,85,85,85,85,85,85,85,85,85,85,85,85,85,85,85,85,85,91,91,91,91,91,91,91,91,91,91,91,91,91,91,91],"card_choices":[{"not_picked":["Streamline","Cold Snap"],"picked":"Ball Lightning","floor":1},{"not_picked":["Go for the Eyes","Sweeping Beam"],"picked":"Ball Lightning","floor":4},{"not_picked":["Doom and Gloom","Coolheaded"],"picked":"Biased Cognition","floor":7},{"not_picked":["Barrage","Stack","Beam Cell"],"picked":"SKIP","floor":12},{"not_picked":["Meteor Strike","Reprogram"],"picked":"Echo Form","floor":14},{"not_picked":["Skim","Steam"],"picked":"Cold Snap","floor":18},{"not_picked":["Stack","Redo"],"picked":"Rip and Tear","floor":24},{"not_picked":["Aggregate","Static Discharge"],"picked":"Chill","floor":27},{"not_picked":["Compile Driver","Loop"],"picked":"Hologram","floor":31},{"not_picked":["Multi-Cast","All For One"],"picked":"Meteor Strike","floor":33},{"not_picked":["Hologram+1","Rebound","Ball Lightning"],"picked":"SKIP","floor":35},{"not_picked":["Reinforced Body","Double Energy"],"picked":"Coolheaded","floor":39},{"not_picked":["Conserve Battery","Beam Cell","Biased Cognition"],"picked":"SKIP","floor":41},{"not_picked":["Static Discharge","Hello World","Rebound"],"picked":"SKIP","floor":42},{"not_picked":["Conserve Battery","Hello World","Hologram"],"picked":"SKIP","floor":44},{"not_picked":["Sweeping Beam","Undo","Barrage"],"picked":"SKIP","floor":46},{"not_picked":["Leap","Rebound+1"],"picked":"Undo+1","floor":48}],"player_experience":1008592,"relics_obtained":[{"floor":9,"key":"Letter Opener"},{"floor":14,"key":"DataDisk"},{"floor":19,"key":"Enchiridion"},{"floor":26,"key":"Lantern"},{"floor":29,"key":"Darkstone Periapt"},{"floor":36,"key":"Omamori"},{"floor":41,"key":"Bottled Flame"},{"floor":43,"key":"Bag of Preparation"}],"event_choices":[{"cards_removed":["Defend_B"],"damage_healed":0,"gold_gain":0,"player_choice":"Purged","damage_taken":0,"max_hp_gain":0,"max_hp_loss":0,"event_name":"Purifier","floor":3,"gold_loss":0},{"damage_healed":0,"gold_gain":0,"player_choice":"Gave Potion","damage_taken":0,"relics_obtained":["Ornamental Fan"],"max_hp_gain":0,"max_hp_loss":0,"event_name":"WeMeetAgain","floor":11,"gold_loss":0},{"damage_healed":0,"gold_gain":0,"player_choice":"Upgraded","damage_taken":0,"max_hp_gain":0,"max_hp_loss":0,"event_name":"Upgrade Shrine","floor":13,"gold_loss":0,"cards_upgraded":["Biased Cognition"]},{"damage_healed":0,"gold_gain":0,"player_choice":"Obtained Book","damage_taken":21,"max_hp_gain":0,"max_hp_loss":0,"event_name":"Cursed Tome","floor":19,"gold_loss":0},{"damage_healed":0,"gold_gain":0,"player_choice":"Ignored","damage_taken":0,"max_hp_gain":0,"max_hp_loss":0,"event_name":"Vampires","floor":20,"gold_loss":0},{"damage_healed":0,"gold_gain":0,"player_choice":"Obtained Relic","damage_taken":0,"relics_obtained":["Vajra"],"max_hp_gain":0,"max_hp_loss":0,"event_name":"Addict","floor":22,"gold_loss":85},{"damage_healed":0,"gold_gain":0,"cards_transformed":["Tempest","Strike_B"],"player_choice":"Became Test Subject","damage_taken":0,"max_hp_gain":0,"max_hp_loss":0,"event_name":"Drug Dealer","floor":25,"gold_loss":0,"cards_obtained":["Stack","Gash"]},{"damage_healed":0,"gold_gain":275,"player_choice":"Desecrate","damage_taken":0,"max_hp_gain":0,"max_hp_loss":0,"event_name":"Golden Shrine","floor":38,"gold_loss":0,"cards_obtained":["Regret"]}],"is_beta":true,"boss_relics":[{"not_picked":["Velvet Choker","Pandora\u0027s Box"],"picked":"Astrolabe"},{"not_picked":["Sozu","Runic Dome"],"picked":"Cursed Key"}],"items_purged_floors":[2,30,37,47],"is_endless":false,"potions_floor_spawned":[4,7,16,18,24,39,41,42,44],"killed_by":"Donu and Deca","ascension_level":20}