{"gold_per_floor":[109,109,119,119,139,139,163,163,163,163,203,203,224,259,259,259],"floor_reached":16,"playtime":2141,"items_purged":[],"score":220,"play_id":"35b6e868-51c8-4a94-8f1e-85764a843c30","local_time":"20190501144054","is_ascension_mode":true,"campfire_choices":[{"data":"Entrench","floor":6.0,"key":"SMITH"},{"data":"Rampage","floor":8.0,"key":"SMITH"},{"data":"Iron Wave","floor":10.0,"key":"SMITH"},{"data":"Whirlwind","floor":12.0,"key":"SMITH"},{"data":"Bash","floor":15.0,"key":"SMITH"}],"neow_cost":"NONE","seed_source_timestamp":301728601966,"circlet_count":0,"master_deck":["AscendersBane","Strike_R","Strike_R","Strike_R","Strike_R","Defend_R","Defend_R","Defend_R","Defend_R","Bash+1","Iron Wave+1","Entrench+1","Rampage+1","Whirlwind+1","Offering"],"special_seed":0,"relics":["Burning Blood","Pear","Golden Idol","The Courier","Dream Catcher"],"potions_floor_usage":[16,16],"damage_taken":[{"damage":3.0,"enemies":"2 Louse","floor":1.0,"turns":4.0},{"damage":4.0,"enemies":"Small Slimes","floor":3.0,"turns":4.0},{"damage":12.0,"enemies":"Jaw Worm","floor":5.0,"turns":4.0},{"damage":10.0,"enemies":"3 Louse","floor":7.0,"turns":5.0},{"damage":37.0,"enemies":"Lagavulin","floor":11.0,"turns":10.0},{"damage":6.0,"enemies":"Looter","floor":13.0,"turns":4.0},{"damage":25.0,"enemies":"Gremlin Nob","floor":14.0,"turns":4.0},{"damage":29,"enemies":"Hexaghost","floor":16,"turns":7}],"seed_played":"-4119591318663230708","potions_obtained":[{"floor":3.0,"key":"LiquidBronze"},{"floor":11.0,"key":"SteroidPotion"},{"floor":13.0,"key":"Strength Potion"},{"floor":14.0,"key":"BloodPotion"}],"is_trial":false,"path_per_floor":["M","?","M","?","M","R","M","R","T","R","E","R","M","E","R","B"],"character_chosen":"IRONCLAD","items_purchased":[],"campfire_rested":0,"item_purchase_floors":[],"current_hp_per_floor":[71,76,78,77,71,71,67,67,67,67,36,36,36,17,17,0],"gold":259,"neow_bonus":"REMOVE_CARD","is_prod":false,"is_daily":false,"chose_seed":false,"campfire_upgraded":5,"win_rate":0,"timestamp":1556743254,"path_taken":["M","?","M","?","M","R","M","R","T","R","E","R","M","E","R","BOSS"],"build_version":"2019-04-23","purchased_purges":0,"victory":false,"max_hp_per_floor":[75,85,85,77,77,77,77,77,77,77,77,77,77,77,77,77],"card_choices":[{"not_picked":["Perfected Strike","Twin Strike"],"picked":"Iron Wave","floor":1.0},{"not_picked":["Disarm","Anger"],"picked":"Entrench","floor":3.0},{"not_picked":["Anger","Armaments"],"picked":"Rampage","floor":5.0},{"not_picked":["Armaments","Combust","Havoc"],"picked":"SKIP","floor":7.0},{"not_picked":["Sword Boomerang","Headbutt"],"picked":"Whirlwind","floor":11.0},{"not_picked":["Havoc","Clash","Flex"],"picked":"SKIP","floor":13.0},{"not_picked":["Dropkick","Perfected Strike"],"picked":"Offering","floor":14.0}],"player_experience":3096950,"relics_obtained":[{"floor":11.0,"key":"The Courier"},{"floor":14.0,"key":"Dream Catcher"}],"event_choices":[{"damage_healed":0.0,"max_hp_gain":0.0,"max_hp_loss":0.0,"gold_gain":0.0,"event_name":"Scrap Ooze","player_choice":"Success","floor":2.0,"gold_loss":0.0,"damage_taken":5.0,"relics_obtained":["Pear"]},{"damage_healed":0.0,"max_hp_gain":0.0,"max_hp_loss":8.0,"gold_gain":0.0,"event_name":"Golden Idol","player_choice":"Lose Max HP","floor":4.0,"gold_loss":0.0,"damage_taken":0.0,"relics_obtained":["Golden Idol"]}],"is_beta":true,"boss_relics":[],"items_purged_floors":[],"is_endless":false,"potions_floor_spawned":[3,11,13,14],"killed_by":"Hexaghost","ascension_level":20}