{"gold_per_floor":[113,38,38,9,9,44,44,44,44,106,141,166,201,239,239,239],"floor_reached":16,"playtime":300,"items_purged":["Defend_R"],"score":328,"play_id":"c5633044-550c-4148-a787-ffae181a00da","local_time":"20190330193315","is_ascension_mode":true,"campfire_choices":[{"data":"Twin Strike","floor":8,"key":"SMITH"},{"data":"Sword Boomerang","floor":15,"key":"SMITH"}],"neow_cost":"NONE","seed_source_timestamp":847215996180700,"circlet_count":0,"master_deck":["AscendersBane","Strike_R","Strike_R","Strike_R","Strike_R","Strike_R","Defend_R","Defend_R","Defend_R","Bash+1","Twin Strike+1","Sword Boomerang+1","Double Tap","Heavy Blade"],"relics":["Burning Blood","NeowsBlessing","Ancient Tea Set","Golden Idol","Question Card","Art of War","Meat on the Bone","Odd Mushroom"],"potions_floor_usage":[16],"damage_taken":[{"damage":0,"enemies":"2 Louse","floor":1,"turns":1},{"damage":0,"enemies":"3 Sentries","floor":6,"turns":1},{"damage":0,"enemies":"Lagavulin","floor":11,"turns":1},{"damage":7,"enemies":"Jaw Worm","floor":12,"turns":4},{"damage":11,"enemies":"Gremlin Nob","floor":13,"turns":3},{"damage":25,"enemies":"The Mushroom Lair","floor":14,"turns":4},{"damage":47,"enemies":"The Guardian","floor":16,"turns":9}],"seed_played":"1319541870684261919","potions_obtained":[{"floor":6,"key":"GamblersBrew"},{"floor":11,"key":"Ancient Potion"},{"floor":14,"key":"Fire Potion"}],"is_trial":false,"path_per_floor":["M","$","?","$","?","E","?","R","T","?","E","M","E","?","R","B"],"character_chosen":"IRONCLAD","items_purchased":["Sword Boomerang"],"campfire_rested":0,"item_purchase_floors":[4],"current_hp_per_floor":[74,74,74,74,74,75,49,49,49,49,55,54,49,42,42,0],"gold":239,"neow_bonus":"THREE_ENEMY_KILL","is_prod":false,"is_daily":false,"chose_seed":false,"campfire_upgraded":2,"win_rate":0,"timestamp":1553970795,"path_taken":["M","$","?","$","?","E","?","R","T","?","E","?","E","?","R","BOSS"],"build_version":"2019-03-15","purchased_purges":1,"victory":false,"max_hp_per_floor":[75,75,75,75,75,75,75,75,75,75,75,75,75,75,75,75],"card_choices":[{"not_picked":["Thunderclap","Perfected Strike"],"picked":"Twin Strike","floor":1},{"not_picked":["Reckless Charge","Blood for Blood"],"picked":"Double Tap","floor":6},{"not_picked":["Anger","True Grit","Flex","Entrench"],"picked":"SKIP","floor":11},{"not_picked":["Shockwave","Clothesline","Intimidate","True Grit"],"picked":"SKIP","floor":12},{"not_picked":["Twin Strike","Clothesline","Thunderclap","Blood for Blood"],"picked":"SKIP","floor":13},{"not_picked":["Second Wind","Dropkick","Searing Blow"],"picked":"Heavy Blade","floor":14}],"player_experience":1308455,"relics_obtained":[{"floor":6,"key":"Ancient Tea Set"},{"floor":9,"key":"Question Card"},{"floor":11,"key":"Art of War"},{"floor":13,"key":"Meat on the Bone"},{"floor":14,"key":"Odd Mushroom"}],"event_choices":[{"damage_healed":0,"gold_gain":0,"player_choice":"Grow","damage_taken":0,"max_hp_gain":0,"max_hp_loss":0,"event_name":"Living Wall","floor":3,"gold_loss":0,"cards_upgraded":["Bash"]},{"damage_healed":0,"gold_gain":0,"player_choice":"Leave","damage_taken":0,"max_hp_gain":0,"max_hp_loss":0,"event_name":"The Cleric","floor":5,"gold_loss":0},{"damage_healed":0,"gold_gain":0,"player_choice":"Take Damage","damage_taken":26,"relics_obtained":["Golden Idol"],"max_hp_gain":0,"max_hp_loss":0,"event_name":"Golden Idol","floor":7,"gold_loss":0},{"damage_healed":0,"gold_gain":62,"player_choice":"Gained Gold","damage_taken":0,"max_hp_gain":0,"max_hp_loss":0,"event_name":"Golden Wing","floor":10,"gold_loss":0},{"damage_healed":0,"gold_gain":0,"player_choice":"Fought Mushrooms","damage_taken":0,"max_hp_gain":0,"max_hp_loss":0,"event_name":"Mushrooms","floor":14,"gold_loss":0}],"is_beta":true,"boss_relics":[],"items_purged_floors":[2],"is_endless":false,"potions_floor_spawned":[6,11,14],"killed_by":"The Guardian","ascension_level":20}