{"gold_per_floor":[366,239,414,426,98,124,124,124,151,166,183,183,194,223,223,324,324,306,321,39,53,53,53,53,53,125,150,168,168,168,168,168,168],"floor_reached":33,"playtime":1072,"items_purged":["Strike_G","Strike_G"],"score":369,"play_id":"c3c15392-1f80-49c4-9289-889fa9b22ebb","local_time":"20180923151120","is_ascension_mode":true,"campfire_choices":[{"data":"Noxious Fumes","floor":8.0,"key":"SMITH"},{"data":"Catalyst","floor":12.0,"key":"SMITH"},{"floor":15.0,"key":"REST"},{"floor":23,"key":"REST"},{"data":"Blur","floor":25,"key":"SMITH"},{"floor":29,"key":"REST"},{"data":"Venomology","floor":32,"key":"SMITH"}],"neow_cost":"PERCENT_DAMAGE","seed_source_timestamp":0,"circlet_count":0,"master_deck":["Defend_G","Defend_G","Defend_G","Defend_G","Strike_G","Strike_G","Survivor","Neutralize","Catalyst+1","Poisoned Stab","Noxious Fumes+1","Backstab","PiercingWail","Malaise","Blur","Blur+1","Escape Plan","Backflip","Choke","Bouncing Flask","Venomology+1","Grand Finale"],"special_seed":0,"relics":["Ring of the Snake","Potion Belt","Vajra","Bag of Preparation","Philosopher\u0027s Stone","TwistedFunnel","Bottled Lightning","Mummified Hand"],"potions_floor_usage":[18,18,33],"damage_taken":[{"damage":6.0,"enemies":"Cultist","floor":1.0,"turns":5.0},{"damage":1.0,"enemies":"Small Slimes","floor":4.0,"turns":4.0},{"damage":7.0,"enemies":"Lagavulin","floor":6.0,"turns":6.0},{"damage":0.0,"enemies":"2 Louse","floor":10.0,"turns":2.0},{"damage":1.0,"enemies":"Looter","floor":11.0,"turns":3.0},{"damage":0.0,"enemies":"3 Louse","floor":13.0,"turns":3.0},{"damage":6.0,"enemies":"Gremlin Nob","floor":14.0,"turns":3.0},{"damage":19.0,"enemies":"Hexaghost","floor":16.0,"turns":6.0},{"damage":13,"enemies":"2 Thieves","floor":18,"turns":4},{"damage":18,"enemies":"3 Byrds","floor":19,"turns":5},{"damage":0,"enemies":"Snecko","floor":21,"turns":5},{"damage":34,"enemies":"Book of Stabbing","floor":27,"turns":6},{"damage":13,"enemies":"Centurion and Healer","floor":28,"turns":6},{"damage":60,"enemies":"Automaton","floor":33,"turns":6}],"seed_played":"5621210892773922739","potions_obtained":[{"floor":1.0,"key":"Block Potion"},{"floor":10.0,"key":"Fire Potion"},{"floor":11.0,"key":"Explosive Potion"},{"floor":13.0,"key":"LiquidBronze"},{"floor":16.0,"key":"SpeedPotion"}],"is_trial":false,"path_per_floor":["M","$","?","M","$","E","?","R","T","M","M","R","M","E","R","B",null,"M","M","$","M","?","R","$","R","T","E","M","R","?","?","R"],"character_chosen":"THE_SILENT","items_purchased":["Poisoned Stab","Noxious Fumes","Deadly Poison","EntropicBrew","TwistedFunnel","Escape Plan"],"campfire_rested":3,"item_purchase_floors":[2,5,5,5,20,20],"current_hp_per_floor":[39,39,39,38,38,31,31,31,31,31,30,30,30,24,45,26,59,46,28,28,28,28,49,49,49,49,15,2,23,23,23,23,0],"gold":168,"neow_bonus":"TWO_FIFTY_GOLD","is_prod":false,"is_daily":false,"chose_seed":false,"campfire_upgraded":4,"win_rate":0,"timestamp":1537740680,"path_taken":["M","$","?","M","$","E","?","R","T","M","M","R","M","E","R","BOSS","M","M","$","M","?","R","?","R","T","E","M","R","?","?","R","BOSS"],"build_version":"2018-09-20","purchased_purges":2,"victory":false,"max_hp_per_floor":[70,70,70,70,70,70,70,70,70,70,70,70,70,70,70,70,70,70,70,70,70,70,70,70,70,70,70,70,70,70,70,70,70],"card_choices":[{"not_picked":["Dagger Throw","Deflect"],"picked":"Catalyst","floor":1.0},{"not_picked":["Quick Slash","Underhanded Strike","Bane"],"picked":"SKIP","floor":4.0},{"not_picked":["Calculated Gamble","Riddle With Holes"],"picked":"Backstab","floor":6.0},{"not_picked":["Slice","Endless Agony","Bullet Time"],"picked":"SKIP","floor":10.0},{"not_picked":["Bane","Acrobatics","PiercingWail"],"picked":"SKIP","floor":11.0},{"not_picked":["Bane","Acrobatics"],"picked":"PiercingWail","floor":11.0},{"not_picked":["Slice","Sucker Punch","Quick Slash"],"picked":"SKIP","floor":13.0},{"not_picked":["PiercingWail","Dagger Spray","Quick Slash"],"picked":"SKIP","floor":14.0},{"not_picked":["Doppelganger","Tools of the Trade"],"picked":"Malaise","floor":16.0},{"not_picked":["Quick Slash","Backflip"],"picked":"Blur","floor":18},{"not_picked":["Bouncing Flask","Dash+1"],"picked":"Blur","floor":19},{"not_picked":["Distraction","Masterful Stab"],"picked":"Backflip","floor":21},{"not_picked":["Outmaneuver","Dagger Throw"],"picked":"Bouncing Flask","floor":27},{"not_picked":["Acrobatics","Setup"],"picked":"Venomology","floor":28}],"player_experience":303777,"relics_obtained":[{"floor":6.0,"key":"Potion Belt"},{"floor":9.0,"key":"Vajra"},{"floor":14.0,"key":"Bag of Preparation"},{"floor":26,"key":"Bottled Lightning"},{"floor":27,"key":"Mummified Hand"}],"event_choices":[{"event_name":"Liars Game","player_choice":"agreed","floor":3.0,"damage_taken":0.0},{"event_name":"Living Wall","player_choice":"Forget","floor":7.0,"damage_taken":0.0},{"event_name":"Drug Dealer","player_choice":"Became Test Subject","floor":22,"damage_taken":0},{"event_name":"Back to Basics","player_choice":"Elegance","floor":30,"damage_taken":0},{"event_name":"Transmorgrifier","player_choice":"Transform","floor":31,"damage_taken":0}],"is_beta":true,"boss_relics":[{"not_picked":["Eternal Feather","Runic Dome"],"picked":"Philosopher\u0027s Stone"}],"items_purged_floors":[2,5],"is_endless":false,"potions_floor_spawned":[1,10,11,13,16],"killed_by":"Automaton","ascension_level":7}