{"gold_per_floor":[17,17,17,28,48,48,80,80,80,106,106,125,137,162,162,236,236,251,204,204,216,141,141,141,141],"floor_reached":25,"playtime":1330,"items_purged":[],"score":442,"play_id":"48064b80-2237-4e04-8ac4-6debaad97f7e","local_time":"20190421084145","is_ascension_mode":true,"campfire_choices":[{"data":"Bash","floor":6.0,"key":"SMITH"},{"floor":8.0,"key":"REST"},{"floor":11.0,"key":"REST"},{"floor":15.0,"key":"REST"},{"floor":23.0,"key":"REST"}],"neow_cost":"NO_GOLD","seed_source_timestamp":218485259653910,"circlet_count":0,"master_deck":["AscendersBane","Strike_R+1","Defend_R","Defend_R","Defend_R","Defend_R","Bash+1","Sentinel+1","Reckless Charge","Spot Weakness","Shrug It Off","Spot Weakness","Rampage+1","Iron Wave+1","Iron Wave+1","Demon Form","Feel No Pain+1","Whirlwind+1","Shrug It Off"],"special_seed":0,"relics":["Black Blood","Molten Egg 2","Paper Frog","Magic Flower","Potion Belt"],"potions_floor_usage":[25],"damage_taken":[{"damage":14.0,"enemies":"Jaw Worm","floor":1.0,"turns":7.0},{"damage":5.0,"enemies":"Small Slimes","floor":4.0,"turns":4.0},{"damage":1.0,"enemies":"Cultist","floor":5.0,"turns":6.0},{"damage":31.0,"enemies":"Lagavulin","floor":7.0,"turns":6.0},{"damage":34.0,"enemies":"3 Sentries","floor":10.0,"turns":10.0},{"damage":9.0,"enemies":"Looter","floor":12.0,"turns":3.0},{"damage":16.0,"enemies":"2 Fungi Beasts","floor":13.0,"turns":4.0},{"damage":25.0,"enemies":"Lagavulin","floor":14.0,"turns":5.0},{"damage":31.0,"enemies":"Hexaghost","floor":16.0,"turns":8.0},{"damage":17.0,"enemies":"Spheric Guardian","floor":18.0,"turns":6.0},{"damage":29.0,"enemies":"2 Thieves","floor":19.0,"turns":5.0},{"damage":39.0,"enemies":"Shelled Parasite and Fungi","floor":21.0,"turns":6.0},{"damage":42,"enemies":"Sentry and Sphere","floor":25,"turns":9}],"seed_played":"-5097070693978905960","potions_obtained":[{"floor":1.0,"key":"PowerPotion"},{"floor":4.0,"key":"Strength Potion"},{"floor":13.0,"key":"Weak Potion"},{"floor":14.0,"key":"PowerPotion"},{"floor":16.0,"key":"Block Potion"},{"floor":18.0,"key":"Dexterity Potion"},{"floor":21.0,"key":"Dexterity Potion"}],"is_trial":false,"path_per_floor":["M","?","?","M","M","R","E","R","T","E","R","M","M","E","R","B",null,"M","M","?","M","?","R","?","M"],"character_chosen":"IRONCLAD","items_purchased":[],"campfire_rested":4,"item_purchase_floors":[],"current_hp_per_floor":[60,37,37,38,43,43,18,40,40,12,34,34,27,11,33,11,59,57,43,43,19,19,41,41,0],"gold":141,"neow_bonus":"TRANSFORM_TWO_CARDS","is_prod":false,"is_daily":false,"chose_seed":false,"campfire_upgraded":1,"win_rate":0,"timestamp":1555857705,"path_taken":["M","?","?","?","M","R","E","R","T","E","R","M","M","E","R","BOSS","M","M","?","M","?","R","?","?"],"build_version":"2019-04-04","purchased_purges":0,"victory":false,"max_hp_per_floor":[75,75,75,75,75,75,75,75,75,75,75,75,75,75,75,75,75,75,75,75,75,75,75,75,75],"card_choices":[{"not_picked":["Rupture","Twin Strike"],"picked":"Spot Weakness","floor":1.0},{"not_picked":["Clash","Twin Strike"],"picked":"Shrug It Off","floor":4.0},{"not_picked":["Perfected Strike","Hemokinesis","Havoc"],"picked":"SKIP","floor":5.0},{"not_picked":["Battle Trance","Reckless Charge"],"picked":"Spot Weakness","floor":7.0},{"not_picked":["Dropkick+1","Fire Breathing"],"picked":"Rampage+1","floor":10.0},{"not_picked":["Bloodletting","Perfected Strike+1","Warcry"],"picked":"SKIP","floor":12.0},{"not_picked":["Blood for Blood+1","Shrug It Off"],"picked":"Iron Wave+1","floor":13.0},{"not_picked":["Pommel Strike+1","Sword Boomerang+1"],"picked":"Iron Wave+1","floor":14.0},{"not_picked":["Dark Embrace","Berserk"],"picked":"Demon Form","floor":16.0},{"not_picked":["Armaments","Warcry","Sever Soul+1"],"picked":"SKIP","floor":18.0},{"not_picked":["Twin Strike+1","Reckless Charge+1"],"picked":"Feel No Pain+1","floor":19.0},{"not_picked":["Clothesline+1","Armaments"],"picked":"Shrug It Off","floor":21.0}],"player_experience":2943961,"relics_obtained":[{"floor":7.0,"key":"Molten Egg 2"},{"floor":9.0,"key":"Paper Frog"},{"floor":10.0,"key":"Magic Flower"},{"floor":14.0,"key":"Potion Belt"}],"event_choices":[{"damage_healed":0.0,"max_hp_gain":0.0,"max_hp_loss":0.0,"gold_gain":0.0,"event_name":"Shining Light","player_choice":"Entered Light","floor":2.0,"gold_loss":0.0,"damage_taken":23.0,"cards_upgraded":["Strike_R","Sentinel"]},{"cards_removed":["Strike_R"],"damage_healed":0.0,"max_hp_gain":0.0,"max_hp_loss":0.0,"gold_gain":0.0,"event_name":"Bonfire Elementals","player_choice":"Offered Basic","floor":3.0,"gold_loss":0.0,"damage_taken":0.0},{"damage_healed":0.0,"max_hp_gain":0.0,"max_hp_loss":0.0,"gold_gain":0.0,"event_name":"The Library","player_choice":"Read","floor":20.0,"gold_loss":0.0,"damage_taken":0.0,"cards_obtained":["Whirlwind"]},{"cards_removed":["Strike_R"],"damage_healed":0.0,"max_hp_gain":0.0,"max_hp_loss":0.0,"gold_gain":0.0,"event_name":"Beggar","player_choice":"Gave Gold","floor":22.0,"gold_loss":75.0,"damage_taken":0.0},{"damage_healed":0,"gold_gain":0,"player_choice":"Ignored","damage_taken":0,"max_hp_gain":0,"max_hp_loss":0,"event_name":"The Mausoleum","floor":24,"gold_loss":0}],"is_beta":true,"boss_relics":[{"not_picked":["Busted Crown","White Beast Statue"],"picked":"Black Blood"}],"items_purged_floors":[],"is_endless":false,"potions_floor_spawned":[1,4,13,14,16,18,21],"killed_by":"Sentry and Sphere","ascension_level":20}