{"gold_per_floor":[111,111,111,128,128,128,155,168,168,199,164,3,16,36,36,110,110,125,125,157,72,85,110,110,110],"floor_reached":25,"playtime":1429,"items_purged":["Strike_B"],"score":435,"play_id":"396eda50-bff9-40c9-9f5f-fcc1cdc47f9f","local_time":"20190429181436","is_ascension_mode":true,"campfire_choices":[{"floor":6,"key":"REST"},{"data":"FTL","floor":15,"key":"SMITH"},{"floor":24,"key":"REST"}],"neow_cost":"NONE","seed_source_timestamp":2447192749130749,"circlet_count":0,"master_deck":["AscendersBane","Strike_B","Strike_B+1","Strike_B","Defend_B","Defend_B","Defend_B","Defend_B+1","Zap+1","Dualcast","Ball Lightning","Compile Driver","Sweeping Beam","Sweeping Beam","Hyperbeam","FTL+1","Coolheaded","Biased Cognition","Genetic Algorithm","Leap","Hologram","Glacier","Ghostly","Ghostly","Ghostly","Undo+1"],"relics":["Cracked Core","Gambling Chip","Du-Vu Doll","DataDisk","Orrery","Red Mask","Incense Burner","Toxic Egg 2"],"potions_floor_usage":[16,20,23,23,23,23],"damage_taken":[{"damage":8,"enemies":"2 Louse","floor":1,"turns":3},{"damage":2,"enemies":"Small Slimes","floor":4,"turns":3},{"damage":22,"enemies":"Lagavulin","floor":7,"turns":5},{"damage":4,"enemies":"Jaw Worm","floor":8,"turns":3},{"damage":8,"enemies":"Gremlin Nob","floor":10,"turns":3},{"damage":12,"enemies":"Gremlin Gang","floor":13,"turns":2},{"damage":6,"enemies":"Red Slaver","floor":14,"turns":2},{"damage":10,"enemies":"Hexaghost","floor":16,"turns":9},{"damage":29,"enemies":"3 Byrds","floor":18,"turns":4},{"damage":2,"enemies":"Masked Bandits","floor":20,"turns":2},{"damage":3,"enemies":"Chosen","floor":22,"turns":6},{"damage":10,"enemies":"Slavers","floor":23,"turns":6},{"damage":34,"enemies":"Snecko","floor":25,"turns":5}],"seed_played":"2842858260159201174","potions_obtained":[{"floor":0,"key":"LiquidBronze"},{"floor":0,"key":"PowerPotion"},{"floor":16,"key":"EntropicBrew"},{"floor":20,"key":"GamblersBrew"},{"floor":23,"key":"Ancient Potion"}],"is_trial":false,"path_per_floor":["M","?","?","M","?","R","E","M","T","E","?","$","M","M","R","B",null,"M","?","?","?","M","E","R","M"],"character_chosen":"DEFECT","items_purchased":["FTL"],"campfire_rested":2,"item_purchase_floors":[12],"current_hp_per_floor":[56,61,38,36,36,58,36,32,32,24,43,43,31,25,25,15,61,32,32,30,30,27,17,28,0],"gold":110,"neow_bonus":"THREE_SMALL_POTIONS","is_prod":false,"is_daily":false,"chose_seed":false,"campfire_upgraded":1,"win_rate":0,"timestamp":1556540076,"path_taken":["M","?","?","M","?","R","E","M","T","E","?","?","?","?","R","BOSS","M","?","?","?","M","E","R","M"],"build_version":"2019-01-23","purchased_purges":1,"victory":false,"max_hp_per_floor":[71,76,76,76,76,76,76,76,76,76,76,76,76,76,76,76,76,76,38,38,38,38,38,38,38],"card_choices":[{"not_picked":["Rebound","Leap"],"picked":"Ball Lightning","floor":1},{"not_picked":["Defragment","Turbo"],"picked":"Compile Driver","floor":4},{"not_picked":["Melter","Compile Driver"],"picked":"Sweeping Beam","floor":7},{"not_picked":["Redo","Gash"],"picked":"Sweeping Beam","floor":8},{"not_picked":["Chill","Rebound"],"picked":"Hyperbeam","floor":10},{"not_picked":["Lockon","Compile Driver","Cold Snap"],"picked":"SKIP","floor":13},{"not_picked":["Loop","Tempest"],"picked":"Coolheaded","floor":14},{"not_picked":["Fission","All For One"],"picked":"Biased Cognition","floor":16},{"not_picked":["Streamline","Compile Driver"],"picked":"Genetic Algorithm","floor":17},{"not_picked":["Storm","Streamline"],"picked":"Leap","floor":17},{"not_picked":["Rip and Tear","Steam Power"],"picked":"Hologram","floor":17},{"not_picked":["Self Repair","Barrage"],"picked":"Glacier","floor":18},{"not_picked":["Go for the Eyes","Double Energy","Sweeping Beam"],"picked":"SKIP","floor":22},{"not_picked":["Hologram+1","Heatsinks"],"picked":"Undo","floor":23}],"player_experience":1260997,"relics_obtained":[{"floor":7,"key":"Gambling Chip"},{"floor":9,"key":"Du-Vu Doll"},{"floor":10,"key":"DataDisk"},{"floor":20,"key":"Red Mask"},{"floor":23,"key":"Toxic Egg 2"}],"event_choices":[{"damage_healed":0,"gold_gain":0,"player_choice":"Donut","damage_taken":0,"max_hp_gain":5,"max_hp_loss":0,"event_name":"Big Fish","floor":2,"gold_loss":0},{"damage_healed":0,"gold_gain":0,"player_choice":"Entered Light","damage_taken":23,"max_hp_gain":0,"max_hp_loss":0,"event_name":"Shining Light","floor":3,"gold_loss":0,"cards_upgraded":["Defend_B","Strike_B"]},{"damage_healed":0,"gold_gain":0,"player_choice":"Grow","damage_taken":0,"max_hp_gain":0,"max_hp_loss":0,"event_name":"Living Wall","floor":5,"gold_loss":0,"cards_upgraded":["Zap"]},{"damage_healed":19,"gold_gain":0,"player_choice":"Healed","damage_taken":0,"max_hp_gain":0,"max_hp_loss":0,"event_name":"The Cleric","floor":11,"gold_loss":35},{"damage_healed":0,"gold_gain":0,"player_choice":"Became a Ghost","damage_taken":0,"max_hp_gain":0,"max_hp_loss":38,"event_name":"Ghosts","floor":19,"gold_loss":0,"cards_obtained":["Ghostly","Ghostly","Ghostly"]},{"damage_healed":0,"gold_gain":0,"player_choice":"Fought Bandits","damage_taken":0,"max_hp_gain":0,"max_hp_loss":0,"event_name":"Masked Bandits","floor":20,"gold_loss":0},{"damage_healed":0,"gold_gain":0,"player_choice":"Obtained Relic","damage_taken":0,"relics_obtained":["Incense Burner"],"max_hp_gain":0,"max_hp_loss":0,"event_name":"Addict","floor":21,"gold_loss":85}],"is_beta":false,"boss_relics":[{"not_picked":["Philosopher\u0027s Stone","Busted Crown"],"picked":"Orrery"}],"items_purged_floors":[12],"is_endless":false,"potions_floor_spawned":[1,10,16,20,23],"killed_by":"Snecko","ascension_level":18}