{"gold_per_floor":[109,109,109,109,109,109,143,143,169,0,41,67,87,102,102,102],"floor_reached":16,"playtime":434,"items_purged":[],"score":212,"play_id":"12c31ed8-aa69-4bf8-9668-971dc5167dcf","local_time":"20190406225115","is_ascension_mode":true,"campfire_choices":[{"data":"Bash","floor":6,"key":"SMITH"},{"floor":8,"key":"REST"},{"floor":15,"key":"REST"}],"neow_cost":"NONE","seed_source_timestamp":103893524646800,"circlet_count":0,"master_deck":["AscendersBane","Strike_R","Strike_R","Strike_R","Strike_R","Strike_R","Defend_R","Defend_R","Defend_R","Bash+1","Immolate"],"relics":["Burning Blood","Golden Idol","Orichalcum","PreservedInsect","Boot","Happy Flower"],"potions_floor_usage":[],"damage_taken":[{"damage":7,"enemies":"Jaw Worm","floor":1,"turns":3},{"damage":32,"enemies":"Lagavulin","floor":7,"turns":7},{"damage":25,"enemies":"Gremlin Nob","floor":11,"turns":4},{"damage":7,"enemies":"Small Slimes","floor":13,"turns":3},{"damage":4,"enemies":"2 Louse","floor":14,"turns":2},{"damage":65,"enemies":"The Guardian","floor":16,"turns":8}],"seed_played":"-8479240668425568916","potions_obtained":[{"floor":14,"key":"Explosive Potion"}],"is_trial":false,"path_per_floor":["M","?","?","?","?","R","E","R","T","$","E","T","M","M","R","B"],"character_chosen":"IRONCLAD","items_purchased":["PreservedInsect"],"campfire_rested":2,"item_purchase_floors":[10],"current_hp_per_floor":[67,72,65,65,65,65,39,60,60,60,41,41,40,42,63,0],"gold":102,"neow_bonus":"ONE_RANDOM_RARE_CARD","is_prod":false,"is_daily":false,"chose_seed":false,"campfire_upgraded":1,"win_rate":0,"timestamp":1554583875,"path_taken":["M","?","?","?","?","R","E","R","T","?","E","?","M","M","R","BOSS"],"build_version":"2019-04-04","purchased_purges":0,"victory":false,"max_hp_per_floor":[75,80,80,72,72,72,72,72,72,72,72,72,72,72,72,72],"card_choices":[{"not_picked":["Warcry","Carnage","Anger"],"picked":"SKIP","floor":1},{"not_picked":["Rage","Armaments","Entrench"],"picked":"SKIP","floor":7},{"not_picked":["Hemokinesis","Rampage","Reaper"],"picked":"SKIP","floor":11},{"not_picked":["Perfected Strike","Flex","Feel No Pain"],"picked":"SKIP","floor":13},{"not_picked":["Anger","True Grit","Warcry"],"picked":"SKIP","floor":14}],"player_experience":1336483,"relics_obtained":[{"floor":7,"key":"Orichalcum"},{"floor":11,"key":"Boot"},{"floor":12,"key":"Happy Flower"}],"event_choices":[{"damage_healed":0,"gold_gain":0,"player_choice":"Donut","damage_taken":0,"max_hp_gain":5,"max_hp_loss":0,"event_name":"Big Fish","floor":2,"gold_loss":0},{"cards_removed":["Defend_R"],"damage_healed":0,"gold_gain":0,"player_choice":"Card Removal","damage_taken":7,"max_hp_gain":0,"max_hp_loss":0,"event_name":"Golden Wing","floor":3,"gold_loss":0},{"damage_healed":0,"gold_gain":0,"player_choice":"Lose Max HP","damage_taken":0,"relics_obtained":["Golden Idol"],"max_hp_gain":0,"max_hp_loss":8,"event_name":"Golden Idol","floor":4,"gold_loss":0},{"damage_healed":0,"gold_gain":0,"player_choice":"Ignored","damage_taken":0,"max_hp_gain":0,"max_hp_loss":0,"event_name":"Liars Game","floor":5,"gold_loss":0}],"is_beta":true,"boss_relics":[],"items_purged_floors":[],"is_endless":false,"potions_floor_spawned":[14],"killed_by":"The Guardian","ascension_level":20}