{"gold_per_floor":[111,129,129,140,140,140,155,180,207,242,242,31,31,51,51,149,149,161,175,175,195,215,243,254,282,309,324,128,128],"floor_reached":29,"playtime":1127,"items_purged":["Doubt"],"score":362,"play_id":"7c5f8284-ac2a-487d-92fc-c3c82dbb73a8","local_time":"20180801211834","is_ascension_mode":true,"campfire_choices":[{"data":"Flex","floor":6.0,"key":"SMITH"},{"data":"Shrug It Off","floor":15.0,"key":"SMITH"}],"neow_cost":"TEN_PERCENT_HP_LOSS","seed_source_timestamp":0,"circlet_count":0,"master_deck":["Strike_R","Strike_R","Strike_R","Strike_R+1","Strike_R","Defend_R","Defend_R+1","Defend_R","Defend_R","Bash","Shrug It Off","Flex+1","Heavy Blade","Barricade+1","Flex","Shrug It Off+1","Cleave","Double Tap","Spot Weakness","Thunderclap","Impervious","Uppercut+1","Shrug It Off","Metallicize","Inflame","Reaper"],"special_seed":0,"relics":["Burning Blood","Thread and Needle","Regal Pillow","Centennial Puzzle","Juzu Bracelet","Happy Flower","Cursed Key","Smiling Mask","Pen Nib","Bronze Scales"],"potions_floor_usage":[29],"damage_taken":[{"damage":0.0,"enemies":"Jaw Worm","floor":1.0,"turns":3.0},{"damage":7.0,"enemies":"Small Slimes","floor":2.0,"turns":3.0},{"damage":0.0,"enemies":"Cultist","floor":4.0,"turns":3.0},{"damage":5.0,"enemies":"Lots of Slimes","floor":7.0,"turns":5.0},{"damage":0.0,"enemies":"3 Sentries","floor":8.0,"turns":5.0},{"damage":15.0,"enemies":"Gremlin Nob","floor":10.0,"turns":4.0},{"damage":1.0,"enemies":"Red Slaver","floor":14.0,"turns":4.0},{"damage":37.0,"enemies":"Hexaghost","floor":16.0,"turns":16.0},{"damage":20.0,"enemies":"2 Thieves","floor":18.0,"turns":3.0},{"damage":0.0,"enemies":"Chosen","floor":19.0,"turns":5.0},{"damage":20.0,"enemies":"Snake Plant","floor":21.0,"turns":6.0},{"damage":18.0,"enemies":"Centurion and Healer","floor":22.0,"turns":5.0},{"damage":21.0,"enemies":"Book of Stabbing","floor":23.0,"turns":6.0},{"damage":0.0,"enemies":"Cultist and Chosen","floor":24.0,"turns":7.0},{"damage":21.0,"enemies":"Slavers","floor":25.0,"turns":4.0},{"damage":10.0,"enemies":"Snake Plant","floor":27.0,"turns":3.0},{"damage":29,"enemies":"Book of Stabbing","floor":29,"turns":5}],"seed_played":"3446667753722837685","potions_obtained":[{"floor":1.0,"key":"Explosive Potion"},{"floor":2.0,"key":"Ancient Potion"},{"floor":4.0,"key":"BloodPotion"},{"floor":18.0,"key":"BloodPotion"},{"floor":19.0,"key":"SteroidPotion"},{"floor":25.0,"key":"Ancient Potion"},{"floor":27.0,"key":"BloodPotion"}],"is_trial":false,"path_per_floor":["M","M","?","M","?","R","M","E","T","E","?","$","?","M","R","B",null,"M","M","?","M","M","E","M","E","T","M","$"],"character_chosen":"IRONCLAD","items_purchased":["Shrug It Off","Happy Flower","Reaper"],"campfire_rested":0,"item_purchase_floors":[12,12,28],"current_hp_per_floor":[72,71,57,63,63,63,64,70,70,61,61,61,66,71,71,40,77,63,69,62,55,43,28,41,26,26,22,22,0],"gold":128,"neow_bonus":"ONE_RARE_RELIC","is_prod":false,"is_daily":false,"chose_seed":false,"campfire_upgraded":2,"win_rate":0,"timestamp":1533183514,"path_taken":["M","M","?","M","?","R","?","E","T","E","?","$","?","M","R","BOSS","M","M","?","M","M","E","M","E","T","M","$","E"],"build_version":"2018-07-31","purchased_purges":1,"victory":false,"max_hp_per_floor":[72,72,72,72,72,72,72,72,72,72,72,72,77,77,77,77,77,77,77,77,77,77,77,77,77,77,77,77,77],"card_choices":[{"not_picked":["Infernal Blade","Power Through"],"picked":"Shrug It Off","floor":1.0},{"not_picked":["Carnage","Twin Strike"],"picked":"Flex","floor":2.0},{"not_picked":["Entrench","Rupture","Blood for Blood"],"picked":"SKIP","floor":4.0},{"not_picked":["Perfected Strike","Twin Strike"],"picked":"Heavy Blade","floor":7.0},{"not_picked":["Metallicize","Twin Strike"],"picked":"Barricade","floor":8.0},{"not_picked":["Twin Strike","Reaper"],"picked":"Flex","floor":10.0},{"not_picked":["Havoc","Twin Strike"],"picked":"Cleave","floor":14.0},{"not_picked":["Exhume","Bludgeon"],"picked":"Double Tap","floor":16.0},{"not_picked":["Headbutt+1","Sword Boomerang"],"picked":"Spot Weakness","floor":18.0},{"not_picked":["Cleave","Anger","Flex+1"],"picked":"SKIP","floor":19.0},{"not_picked":["Cleave+1","Warcry"],"picked":"Thunderclap","floor":21.0},{"not_picked":["Havoc","Headbutt+1"],"picked":"Impervious","floor":22.0},{"not_picked":["Sword Boomerang+1","True Grit"],"picked":"Uppercut+1","floor":23.0},{"not_picked":["Anger+1","Sentinel+1"],"picked":"Shrug It Off","floor":24.0},{"not_picked":["Battle Trance+1","Uppercut"],"picked":"Metallicize","floor":25.0},{"not_picked":["Flex","Clash"],"picked":"Inflame","floor":27.0}],"player_experience":199118,"relics_obtained":[{"floor":8.0,"key":"Regal Pillow"},{"floor":9.0,"key":"Centennial Puzzle"},{"floor":10.0,"key":"Juzu Bracelet"},{"floor":23.0,"key":"Smiling Mask"},{"floor":25.0,"key":"Pen Nib"},{"floor":26.0,"key":"Bronze Scales"}],"event_choices":[{"event_name":"Shining Light","player_choice":"Entered Light","floor":3.0,"damage_taken":0.0},{"event_name":"NoteForYourself","player_choice":"Ignored","floor":5.0,"damage_taken":0.0},{"event_name":"Living Wall","player_choice":"Grow","floor":11.0,"damage_taken":0.0},{"event_name":"Big Fish","player_choice":"Donut","floor":13.0,"damage_taken":0.0},{"event_name":"Wheel of Change","player_choice":"Damage","floor":20.0,"damage_taken":0.0}],"is_beta":true,"boss_relics":[{"not_picked":["Eternal Feather","Black Star"],"picked":"Cursed Key"}],"items_purged_floors":[28],"is_endless":false,"potions_floor_spawned":[1,2,4,18,19,25,27],"killed_by":"Book of Stabbing","ascension_level":4}