{"gold_per_floor":[109,109,136,61,61,61,136,171,171,190,224,235,235,254,254,351,351,366,366,465,481,406,432,432,184,209,209,223,249,266,285,285,390,390,400,415,32,44,62,89,89,104,180,180,180,0,31,31],"floor_reached":48,"playtime":1554,"items_purged":["Regret","Strike_R+1","Dark Embrace"],"score":613,"play_id":"e5fe39ff-d198-4ffd-89b8-1ac0d75d0435","local_time":"20190309223101","is_ascension_mode":false,"campfire_choices":[{"data":"Bash","floor":6,"key":"SMITH"},{"data":"Demon Form","floor":13,"key":"SMITH"},{"data":"Feed","floor":15,"key":"SMITH"},{"floor":27,"key":"REST"},{"floor":32,"key":"REST"},{"floor":44,"key":"RECALL"}],"neow_cost":"TEN_PERCENT_HP_LOSS","seed_source_timestamp":633800406113300,"circlet_count":0,"master_deck":["Bash+1","Feed+1","Demon Form+1","Double Tap","Sword Boomerang","Feed","Immolate","Double Tap","Heavy Blade","Combust","Carnage","Body Slam","Intimidate","True Grit"],"relics":["Burning Blood","Juzu Bracelet","Bronze Scales","Darkstone Periapt","Potion Belt","Dodecahedron","White Beast Statue","Blue Candle","Anchor","Bag of Preparation","Singing Bowl","Pandora\u0027s Box","Membership Card","Question Card","Regal Pillow","Thread and Needle","FossilizedHelix"],"potions_floor_usage":[16,16,16,23,29,30,30,31,33,33,40,47,47,47,48],"damage_taken":[{"damage":0,"enemies":"2 Louse","floor":1,"turns":3},{"damage":28,"enemies":"Gremlin Nob","floor":8,"turns":4},{"damage":11,"enemies":"Jaw Worm","floor":10,"turns":3},{"damage":36,"enemies":"Lagavulin","floor":11,"turns":7},{"damage":0,"enemies":"Small Slimes","floor":12,"turns":3},{"damage":9,"enemies":"3 Louse","floor":14,"turns":3},{"damage":15,"enemies":"The Guardian","floor":16,"turns":6},{"damage":0,"enemies":"Spheric Guardian","floor":18,"turns":3},{"damage":2,"enemies":"Chosen","floor":21,"turns":3},{"damage":63,"enemies":"Slavers","floor":23,"turns":5},{"damage":14,"enemies":"Centurion and Healer","floor":28,"turns":6},{"damage":29,"enemies":"Gremlin Leader","floor":29,"turns":7},{"damage":33,"enemies":"Sentry and Sphere","floor":30,"turns":6},{"damage":18,"enemies":"Snake Plant","floor":31,"turns":4},{"damage":60,"enemies":"Champ","floor":33,"turns":9},{"damage":3,"enemies":"Orb Walker","floor":35,"turns":2},{"damage":7,"enemies":"3 Shapes","floor":36,"turns":3},{"damage":54,"enemies":"Spire Growth","floor":38,"turns":5},{"damage":16,"enemies":"Sphere and 2 Shapes","floor":39,"turns":3},{"damage":52,"enemies":"Giant Head","floor":40,"turns":6},{"damage":40,"enemies":"3 Darklings","floor":42,"turns":5},{"damage":96,"enemies":"Nemesis","floor":47,"turns":7},{"damage":35,"enemies":"4 Shapes","floor":48,"turns":3}],"seed_played":"2055755663309335204","potions_obtained":[{"floor":1,"key":"SteroidPotion"},{"floor":8,"key":"Dexterity Potion"},{"floor":11,"key":"Swift Potion"},{"floor":14,"key":"AttackPotion"},{"floor":18,"key":"AttackPotion"},{"floor":21,"key":"SpeedPotion"},{"floor":23,"key":"Weak Potion"},{"floor":28,"key":"FairyPotion"},{"floor":29,"key":"SteroidPotion"},{"floor":30,"key":"Regen Potion"},{"floor":31,"key":"LiquidBronze"},{"floor":33,"key":"SpeedPotion"},{"floor":35,"key":"Dexterity Potion"},{"floor":36,"key":"Block Potion"},{"floor":38,"key":"Poison Potion"},{"floor":40,"key":"Swift Potion"},{"floor":42,"key":"PowerPotion"},{"floor":45,"key":"Strength Potion"},{"floor":45,"key":"GamblersBrew"},{"floor":47,"key":"Weak Potion"}],"is_trial":false,"path_per_floor":["M","?","T","$","?","R","?","E","T","M","E","M","R","M","R","B",null,"M","?","?","M","?","E","?","$","T","R","M","E","M","M","R","B",null,"M","M","$","M","M","E","?","M","T","R","?","$","E","M"],"character_chosen":"IRONCLAD","items_purchased":["Anchor","Membership Card","Question Card","True Grit","Thread and Needle"],"campfire_rested":2,"item_purchase_floors":[25,37,37,46,46],"current_hp_per_floor":[75,75,75,75,75,75,64,45,45,43,16,25,25,25,25,20,94,98,98,98,102,102,52,30,30,30,64,60,43,22,16,56,19,138,140,148,148,106,105,61,145,113,113,113,113,113,25,0],"gold":31,"neow_bonus":"THREE_RARE_CARDS","is_prod":false,"is_daily":false,"chose_seed":false,"campfire_upgraded":3,"win_rate":0,"timestamp":1552167061,"path_taken":["M","?","?","?","?","R","?","E","T","M","E","M","R","M","R","BOSS","M","?","?","M","?","E","?","$","T","R","M","E","M","M","R","BOSS","M","M","$","M","M","E","?","M","T","R","?","$","E","M"],"build_version":"2019-02-06","purchased_purges":3,"victory":false,"max_hp_per_floor":[75,75,75,75,75,75,75,78,78,81,84,87,87,90,90,94,94,98,98,98,102,102,109,114,114,114,114,118,124,130,136,136,138,138,140,149,149,155,164,166,145,147,147,147,147,147,149,149],"card_choices":[{"not_picked":["Juggernaut","Immolate"],"picked":"Feed","floor":0},{"not_picked":["Flame Barrier","Clothesline","Blood for Blood"],"picked":"SKIP","floor":1},{"not_picked":["Inflame","Headbutt"],"picked":"Demon Form","floor":8},{"not_picked":["Power Through","Flame Barrier","Intimidate"],"picked":"SKIP","floor":10},{"not_picked":["Reckless Charge","Metallicize"],"picked":"Double Tap","floor":11},{"not_picked":["Corruption","Clothesline"],"picked":"Sword Boomerang","floor":12},{"not_picked":["Wild Strike","Hemokinesis","Headbutt"],"picked":"SKIP","floor":14},{"not_picked":["Demon Form","Fiend Fire"],"picked":"Feed","floor":16},{"not_picked":["Cleave","Rupture","Dual Wield"],"picked":"SKIP","floor":18},{"not_picked":["Body Slam","Rampage","Whirlwind"],"picked":"SKIP","floor":21},{"not_picked":["True Grit+1","Corruption"],"picked":"Immolate","floor":23},{"not_picked":["Wild Strike","Flex+1","Iron Wave"],"picked":"SKIP","floor":28},{"not_picked":["Sever Soul","Berserk","Burning Pact+1"],"picked":"Singing Bowl","floor":29},{"not_picked":["Body Slam","Searing Blow","Sentinel+1"],"picked":"Singing Bowl","floor":30},{"not_picked":["Body Slam","Rampage","Power Through"],"picked":"Singing Bowl","floor":31},{"not_picked":["Double Tap","Juggernaut","Feed"],"picked":"Singing Bowl","floor":33},{"not_picked":["Headbutt","Clash","Warcry"],"picked":"Singing Bowl","floor":35},{"not_picked":["Thunderclap","Intimidate+1","True Grit"],"picked":"Singing Bowl","floor":36},{"not_picked":["Flex","Corruption","Power Through+1","Dual Wield"],"picked":"Singing Bowl","floor":38},{"not_picked":["Immolate","Flex","Perfected Strike","Entrench+1"],"picked":"Singing Bowl","floor":39},{"not_picked":["Carnage","Evolve","Reckless Charge+1","Thunderclap"],"picked":"Singing Bowl","floor":40},{"not_picked":["Power Through","Whirlwind","Rampage","Flame Barrier"],"picked":"Singing Bowl","floor":42},{"not_picked":["Headbutt","Intimidate+1","Clash+1","True Grit+1"],"picked":"Singing Bowl","floor":47}],"player_experience":1240139,"relics_obtained":[{"floor":3,"key":"Bronze Scales"},{"floor":8,"key":"Darkstone Periapt"},{"floor":9,"key":"Potion Belt"},{"floor":11,"key":"Dodecahedron"},{"floor":23,"key":"Blue Candle"},{"floor":26,"key":"Bag of Preparation"},{"floor":29,"key":"Singing Bowl"},{"floor":40,"key":"Regal Pillow"},{"floor":47,"key":"FossilizedHelix"}],"event_choices":[{"damage_healed":0,"gold_gain":0,"player_choice":"Box","damage_taken":0,"relics_obtained":["Juzu Bracelet"],"max_hp_gain":0,"max_hp_loss":0,"event_name":"Big Fish","floor":2,"gold_loss":0,"cards_obtained":["Regret"]},{"damage_healed":0,"gold_gain":0,"player_choice":"Ignored","damage_taken":0,"max_hp_gain":0,"max_hp_loss":0,"event_name":"Liars Game","floor":5,"gold_loss":0},{"damage_healed":0,"gold_gain":75,"player_choice":"Gather Gold","damage_taken":11,"max_hp_gain":0,"max_hp_loss":0,"event_name":"World of Goop","floor":7,"gold_loss":0},{"damage_healed":0,"gold_gain":0,"player_choice":"Simplicity","damage_taken":0,"max_hp_gain":0,"max_hp_loss":0,"event_name":"Back to Basics","floor":19,"gold_loss":0,"cards_upgraded":["Strike_R","Strike_R","Strike_R","Strike_R","Strike_R","Defend_R","Defend_R","Defend_R","Defend_R"]},{"damage_healed":0,"gold_gain":99,"player_choice":"Stole From Cult","damage_taken":0,"max_hp_gain":0,"max_hp_loss":0,"event_name":"Nest","floor":20,"gold_loss":0},{"cards_removed":["Strike_R"],"damage_healed":0,"gold_gain":0,"player_choice":"Gave Gold","damage_taken":0,"max_hp_gain":0,"max_hp_loss":0,"event_name":"Beggar","floor":22,"gold_loss":75},{"damage_healed":0,"gold_gain":0,"player_choice":"Shed Blood","damage_taken":27,"max_hp_gain":5,"max_hp_loss":0,"event_name":"Forgotten Altar","floor":24,"gold_loss":0},{"damage_healed":145,"gold_gain":0,"player_choice":"Heal","damage_taken":0,"max_hp_gain":0,"max_hp_loss":21,"event_name":"The Moai Head","floor":41,"gold_loss":0},{"damage_healed":0,"gold_gain":0,"player_choice":"Got Potions","damage_taken":0,"max_hp_gain":0,"max_hp_loss":0,"event_name":"Lab","floor":45,"gold_loss":0}],"is_beta":true,"boss_relics":[{"not_picked":["Black Blood","Orrery"],"picked":"White Beast Statue"},{"not_picked":["Runic Pyramid","Mark of Pain"],"picked":"Pandora\u0027s Box"}],"items_purged_floors":[4,25,37],"is_endless":false,"potions_floor_spawned":[1,8,11,14,18,21,23,28,29,30,31,33,35,36,38,39,40,42,47],"killed_by":"4 Shapes","ascension_level":0}