{"gold_per_floor":[113,34,34,46,64,98,98],"floor_reached":7,"playtime":390,"items_purged":[],"score":74,"play_id":"c19fa644-3ad6-484f-9d70-5ebc5b58c5fe","local_time":"20190313151933","is_ascension_mode":true,"campfire_choices":[],"neow_cost":"CURSE","seed_source_timestamp":2231629773542646,"circlet_count":0,"master_deck":["Defend_G","Defend_G","Defend_G","Defend_G","Defend_G","Strike_G","Strike_G","Strike_G","Strike_G","Strike_G","Survivor","Neutralize","Shame","Unload","Dagger Spray","Tactician","Skewer","Underhanded Strike"],"relics":["Ring of the Snake","Bottled Flame"],"potions_floor_usage":[6,6],"damage_taken":[{"damage":2,"enemies":"Jaw Worm","floor":1,"turns":4},{"damage":0,"enemies":"Cultist","floor":4,"turns":4},{"damage":0,"enemies":"Small Slimes","floor":5,"turns":3},{"damage":20,"enemies":"3 Sentries","floor":6,"turns":6},{"damage":46,"enemies":"The Mushroom Lair","floor":7,"turns":5}],"seed_played":"-7444947108042298753","potions_obtained":[{"floor":3,"key":"Poison Potion"},{"floor":3,"key":"Explosive Potion"},{"floor":3,"key":"Block Potion"},{"floor":4,"key":"Explosive Potion"}],"is_trial":false,"path_per_floor":["M","$","?","M","M","E","?"],"character_chosen":"THE_SILENT","items_purchased":["Tactician"],"campfire_rested":0,"item_purchase_floors":[2],"current_hp_per_floor":[61,61,61,61,61,41,0],"gold":98,"neow_bonus":"THREE_RARE_CARDS","is_prod":false,"is_daily":false,"chose_seed":false,"campfire_upgraded":0,"win_rate":0,"timestamp":1552468773,"path_taken":["M","$","?","M","?","E","?"],"build_version":"2019-01-23","purchased_purges":0,"victory":false,"max_hp_per_floor":[70,70,70,70,70,70,70],"card_choices":[{"not_picked":["Venomology","Storm of Steel"],"picked":"Unload","floor":0},{"not_picked":["Flying Knee","Dagger Throw"],"picked":"Dagger Spray","floor":1},{"not_picked":["Bane","Dagger Spray"],"picked":"Skewer","floor":4},{"not_picked":["Quick Slash","Dagger Spray","Slice"],"picked":"SKIP","floor":5},{"not_picked":["Sucker Punch","Quick Slash"],"picked":"Underhanded Strike","floor":6}],"player_experience":993951,"relics_obtained":[{"floor":6,"key":"Bottled Flame"}],"event_choices":[{"damage_healed":0,"gold_gain":0,"player_choice":"Got Potions","damage_taken":0,"max_hp_gain":0,"max_hp_loss":0,"event_name":"Lab","floor":3,"gold_loss":0},{"damage_healed":0,"gold_gain":0,"player_choice":"Fought Mushrooms","damage_taken":0,"max_hp_gain":0,"max_hp_loss":0,"event_name":"Mushrooms","floor":7,"gold_loss":0}],"is_beta":false,"boss_relics":[],"items_purged_floors":[],"is_endless":false,"potions_floor_spawned":[4],"killed_by":"The Mushroom Lair","ascension_level":9}