{"gold_per_floor":[359,42,56,56,74,74,89,89,89,104,104,114,114,114,114,114],"floor_reached":16,"playtime":594,"items_purged":[],"score":184,"play_id":"d31c3506-47ba-480d-828e-73a34f52376e","local_time":"20190124205653","is_ascension_mode":true,"campfire_choices":[{"data":"Crippling Poison","floor":6,"key":"SMITH"},{"data":"Noxious Fumes","floor":8,"key":"SMITH"},{"data":"Neutralize","floor":11,"key":"SMITH"},{"data":"Well Laid Plans","floor":13,"key":"SMITH"},{"data":"Backstab","floor":15,"key":"SMITH"}],"neow_cost":"TEN_PERCENT_HP_LOSS","seed_source_timestamp":461917201391300,"circlet_count":0,"master_deck":["AscendersBane","Defend_G","Defend_G","Defend_G","Defend_G","Defend_G","Strike_G","Strike_G","Strike_G+1","Strike_G+1","Strike_G","Survivor","Neutralize+1","Well Laid Plans+1","Noxious Fumes+1","Backstab+1","Crippling Poison+1","Backflip","Backstab","Parasite"],"relics":["Ring of the Snake","Whetstone","Darkstone Periapt"],"potions_floor_usage":[10,16,16],"damage_taken":[{"damage":10,"enemies":"Small Slimes","floor":1,"turns":6},{"damage":1,"enemies":"2 Louse","floor":3,"turns":3},{"damage":0,"enemies":"Cultist","floor":5,"turns":3},{"damage":2,"enemies":"Looter","floor":7,"turns":4},{"damage":0,"enemies":"Lots of Slimes","floor":10,"turns":2},{"damage":13,"enemies":"Exordium Thugs","floor":12,"turns":6},{"damage":59,"enemies":"Slime Boss","floor":16,"turns":8}],"seed_played":"-4189502533226116222","potions_obtained":[{"floor":1,"key":"SteroidPotion"},{"floor":7,"key":"Explosive Potion"},{"floor":12,"key":"Energy Potion"}],"is_trial":false,"path_per_floor":["M","$","M","$","M","R","M","R","T","M","R","M","R","?","R","B"],"character_chosen":"THE_SILENT","items_purchased":["Noxious Fumes","Backstab","Whetstone"],"campfire_rested":0,"item_purchase_floors":[2,2,2],"current_hp_per_floor":[49,49,48,48,48,48,46,46,46,46,46,33,33,54,54,0],"gold":114,"neow_bonus":"TWO_FIFTY_GOLD","is_prod":false,"is_daily":false,"chose_seed":false,"campfire_upgraded":5,"win_rate":0,"timestamp":1548359813,"path_taken":["M","$","M","$","M","R","M","R","T","M","R","M","R","?","R","BOSS"],"build_version":"2019-01-23","purchased_purges":0,"victory":false,"max_hp_per_floor":[60,60,60,60,60,60,60,60,60,60,60,60,60,66,66,66],"card_choices":[{"not_picked":["PiercingWail","Distraction"],"picked":"Well Laid Plans","floor":1},{"not_picked":["Quick Slash","Masterful Stab"],"picked":"Crippling Poison","floor":3},{"not_picked":["Prepared","Dodge and Roll"],"picked":"Backflip","floor":5},{"not_picked":["Slice","Blade Dance","Prepared"],"picked":"SKIP","floor":7},{"not_picked":["Acrobatics","Blur"],"picked":"Backstab","floor":10},{"not_picked":["Underhanded Strike","Deflect","Dodge and Roll"],"picked":"SKIP","floor":12}],"player_experience":1073971,"relics_obtained":[{"floor":9,"key":"Darkstone Periapt"}],"event_choices":[{"damage_healed":15,"gold_gain":0,"player_choice":"Healed and dodged fight","damage_taken":0,"max_hp_gain":0,"max_hp_loss":0,"event_name":"Mushrooms","floor":14,"gold_loss":0,"cards_obtained":["Parasite"]}],"is_beta":true,"boss_relics":[],"items_purged_floors":[],"is_endless":false,"potions_floor_spawned":[1,7,12],"killed_by":"Slime Boss","ascension_level":20}