{"gold_per_floor":[111,111,125,135,135,179,203,241,241,65,83,108,146,165,165,165],"floor_reached":16,"playtime":643,"items_purged":["Defend_R"],"score":124,"play_id":"fc0f9850-4c7d-4411-8e20-65954e61e907","local_time":"20190315012604","is_ascension_mode":false,"campfire_choices":[{"floor":15,"key":"REST"}],"neow_cost":"NONE","seed_source_timestamp":0,"circlet_count":0,"master_deck":["Strike_R","Strike_R","Strike_R","Strike_R","Strike_R","Defend_R","Defend_R","Defend_R","Bash","Sword Boomerang","Shrug It Off","Pummel","Shrug It Off","Shrug It Off"],"special_seed":0,"relics":["Burning Blood","NeowsBlessing","Golden Idol","Strawberry","Oddly Smooth Stone","Frozen Egg 2","Turnip"],"potions_floor_usage":[],"damage_taken":[{"damage":0.0,"enemies":"Small Slimes","floor":1.0,"turns":1.0},{"damage":0.0,"enemies":"Cultist","floor":3.0,"turns":1.0},{"damage":0.0,"enemies":"2 Louse","floor":4.0,"turns":1.0},{"damage":48.0,"enemies":"Gremlin Nob","floor":6.0,"turns":5.0},{"damage":3.0,"enemies":"2 Fungi Beasts","floor":7.0,"turns":4.0},{"damage":19.0,"enemies":"3 Sentries","floor":8.0,"turns":8.0},{"damage":2.0,"enemies":"Large Slime","floor":11.0,"turns":7.0},{"damage":10.0,"enemies":"Lots of Slimes","floor":12.0,"turns":6.0},{"damage":13.0,"enemies":"Lagavulin","floor":13.0,"turns":9.0},{"damage":6,"enemies":"2 Fungi Beasts","floor":14,"turns":4},{"damage":35,"enemies":"The Guardian","floor":16,"turns":15}],"seed_played":"3912466971967036382","potions_obtained":[{"floor":3.0,"key":"Explosive Potion"},{"floor":4.0,"key":"SpeedPotion"},{"floor":12.0,"key":"Explosive Potion"}],"is_trial":false,"path_per_floor":["M","?","M","M","?","E","M","E","T","$","M","M","E","M","R","B"],"character_chosen":"IRONCLAD","items_purchased":["Block Potion","PowerPotion"],"campfire_rested":1,"item_purchase_floors":[10,10],"current_hp_per_floor":[80,80,80,80,60,25,28,15,15,15,19,15,8,8,34,0],"gold":165,"neow_bonus":"THREE_ENEMY_KILL","is_prod":false,"is_daily":false,"chose_seed":false,"campfire_upgraded":0,"win_rate":0,"timestamp":1552609564,"path_taken":["M","?","?","M","?","E","M","E","T","$","M","M","E","M","R","BOSS"],"build_version":"2019-02-06","purchased_purges":1,"victory":false,"max_hp_per_floor":[80,80,80,80,80,87,87,87,87,87,87,87,87,87,87,87],"card_choices":[{"not_picked":["Iron Wave","Cleave","Dual Wield"],"picked":"SKIP","floor":1.0},{"not_picked":["Armaments","Corruption","Sentinel"],"picked":"SKIP","floor":3.0},{"not_picked":["Infernal Blade","Thunderclap"],"picked":"Sword Boomerang","floor":4.0},{"not_picked":["Headbutt","Heavy Blade"],"picked":"Shrug It Off","floor":6.0},{"not_picked":["Rampage","Rage"],"picked":"Pummel","floor":7.0},{"not_picked":["Second Wind","Fiend Fire","Sentinel"],"picked":"SKIP","floor":8.0},{"not_picked":["Shockwave","Searing Blow"],"picked":"Shrug It Off","floor":11.0},{"not_picked":["Twin Strike","Rupture+1","Clothesline"],"picked":"SKIP","floor":12.0},{"not_picked":["Twin Strike","Rupture+1","Clothesline"],"picked":"SKIP","floor":12.0},{"not_picked":["Perfected Strike","Warcry","Flex"],"picked":"SKIP","floor":13.0},{"not_picked":["Iron Wave","Searing Blow"],"picked":"Shrug It Off","floor":14}],"player_experience":1251803,"relics_obtained":[{"floor":6.0,"key":"Strawberry"},{"floor":8.0,"key":"Oddly Smooth Stone"},{"floor":9.0,"key":"Frozen Egg 2"},{"floor":13.0,"key":"Turnip"}],"event_choices":[{"damage_healed":0.0,"max_hp_gain":0.0,"max_hp_loss":0.0,"gold_gain":0.0,"event_name":"NoteForYourself","player_choice":"Ignored","floor":2.0,"gold_loss":0.0,"damage_taken":0.0},{"damage_healed":0.0,"max_hp_gain":0.0,"max_hp_loss":0.0,"gold_gain":0.0,"event_name":"Golden Idol","player_choice":"Take Damage","floor":5.0,"gold_loss":0.0,"damage_taken":20.0,"relics_obtained":["Golden Idol"]}],"is_beta":true,"boss_relics":[],"items_purged_floors":[10],"is_endless":false,"potions_floor_spawned":[3,4,12],"killed_by":"The Guardian","ascension_level":0}