{"gold_per_floor":[110,129,25,37,37,37,49,49,120,134,99,99,99,48,48,127,127,140,140,160,174,174,174,174,74,100,100,114,134,77,92,92,92],"floor_reached":33,"playtime":905,"items_purged":["Pain","Regret"],"score":478,"play_id":"193da910-83ca-4415-83fa-d949daeab7d0","local_time":"20190120184808","is_ascension_mode":true,"campfire_choices":[{"data":"Neutralize","floor":6,"key":"SMITH"},{"data":"Deadly Poison","floor":13,"key":"SMITH"},{"data":"Poisoned Stab","floor":15,"key":"SMITH"},{"floor":23,"key":"REST"},{"floor":32,"key":"REST"}],"neow_cost":"CURSE","seed_source_timestamp":108265321988600,"circlet_count":0,"master_deck":["AscendersBane","Defend_G","Defend_G","Defend_G","Defend_G","Strike_G","Strike_G","Strike_G","Strike_G","Survivor","Neutralize+1","Deadly Poison+1","Heel Hook","Backflip","Dagger Spray","Poisoned Stab+1","Sucker Punch","Deadly Poison+1","Dodge and Roll+1","Bullet Time+1","Blur+1"],"relics":["Ring of the Snake","Happy Flower","Toxic Egg 2","Lizard Tail","MutagenicStrength","PreservedInsect"],"potions_floor_usage":[16,20,20,24,31],"damage_taken":[{"damage":9,"enemies":"Small Slimes","floor":1,"turns":5},{"damage":2,"enemies":"Jaw Worm","floor":2,"turns":4},{"damage":3,"enemies":"2 Louse","floor":4,"turns":3},{"damage":4,"enemies":"Blue Slaver","floor":7,"turns":4},{"damage":22,"enemies":"Exordium Wildlife","floor":10,"turns":4},{"damage":20,"enemies":"Hexaghost","floor":16,"turns":8},{"damage":21,"enemies":"Chosen","floor":18,"turns":5},{"damage":1,"enemies":"3 Byrds","floor":20,"turns":2},{"damage":23,"enemies":"Centurion and Healer","floor":21,"turns":10},{"damage":0,"enemies":"Cultist and Chosen","floor":24,"turns":1},{"damage":19,"enemies":"Snake Plant","floor":28,"turns":3},{"damage":7,"enemies":"Snecko","floor":29,"turns":6},{"damage":2,"enemies":"3 Cultists","floor":31,"turns":5},{"damage":16,"enemies":"Automaton","floor":33,"turns":3}],"seed_played":"-7792316227604316593","potions_obtained":[{"floor":2,"key":"SteroidPotion"},{"floor":10,"key":"Regen Potion"},{"floor":18,"key":"AttackPotion"},{"floor":20,"key":"SteroidPotion"},{"floor":21,"key":"SmokeBomb"}],"is_trial":false,"path_per_floor":["M","M","$","M","?","R","M","$","T","M","?","$","R","$","R","B",null,"M","?","M","M","?","R","M","$","T","$","M","M","$","M","R","B"],"character_chosen":"THE_SILENT","items_purchased":["Poisoned Stab","Dodge and Roll+1","Block Potion"],"campfire_rested":2,"item_purchase_floors":[3,14,30],"current_hp_per_floor":[50,48,48,45,45,45,41,41,41,19,35,35,35,35,35,30,57,36,36,35,12,12,31,31,31,31,31,12,5,5,3,22,6],"gold":92,"neow_bonus":"TRANSFORM_TWO_CARDS","is_prod":false,"is_daily":false,"chose_seed":false,"campfire_upgraded":3,"win_rate":0,"timestamp":1548006488,"path_taken":["M","M","$","M","?","R","M","$","T","M","?","$","R","?","R","BOSS","M","?","M","M","?","R","M","$","T","?","?","M","?","M","R","BOSS"],"build_version":"2019-01-19","purchased_purges":2,"victory":false,"max_hp_per_floor":[66,66,66,66,66,66,66,66,66,66,66,66,66,66,66,66,66,66,66,66,66,66,66,66,66,66,66,66,66,66,66,66,66],"card_choices":[{"not_picked":["Bouncing Flask","Calculated Gamble"],"picked":"Backflip","floor":1},{"not_picked":["Reflex","Bane"],"picked":"Dagger Spray","floor":2},{"not_picked":["Calculated Gamble","Bane","Prepared"],"picked":"SKIP","floor":4},{"not_picked":["Prepared","Cloak And Dagger"],"picked":"Sucker Punch","floor":7},{"not_picked":["Reflex+1","Predator"],"picked":"Deadly Poison+1","floor":10},{"not_picked":["A Thousand Cuts","After Image"],"picked":"Bullet Time+1","floor":16},{"not_picked":["Poisoned Stab","Slice","Reflex+1"],"picked":"SKIP","floor":18},{"not_picked":["Bane","Flechettes+1","Choke+1"],"picked":"SKIP","floor":20},{"not_picked":["Prepared+1","Deflect+1"],"picked":"Blur+1","floor":21},{"not_picked":["Blade Dance+1","Caltrops","Concentrate+1"],"picked":"SKIP","floor":28},{"not_picked":["Heel Hook","Acrobatics+1","Blade Dance+1"],"picked":"SKIP","floor":29},{"not_picked":["Blade Dance+1","Sucker Punch+1","Dagger Throw"],"picked":"SKIP","floor":31}],"player_experience":1057288,"relics_obtained":[{"floor":9,"key":"Toxic Egg 2"},{"floor":26,"key":"PreservedInsect"}],"event_choices":[{"damage_healed":0,"gold_gain":0,"player_choice":"Box","damage_taken":0,"relics_obtained":["Happy Flower"],"max_hp_gain":0,"max_hp_loss":0,"event_name":"Big Fish","floor":5,"gold_loss":0,"cards_obtained":["Regret"]},{"damage_healed":16,"gold_gain":0,"player_choice":"Healed","damage_taken":0,"max_hp_gain":0,"max_hp_loss":0,"event_name":"The Cleric","floor":11,"gold_loss":35},{"damage_healed":0,"gold_gain":0,"player_choice":"Inject Mutagens","damage_taken":0,"relics_obtained":["MutagenicStrength"],"max_hp_gain":0,"max_hp_loss":0,"event_name":"Drug Dealer","floor":19,"gold_loss":0},{"damage_healed":0,"gold_gain":0,"player_choice":"Ignored","damage_taken":0,"max_hp_gain":0,"max_hp_loss":0,"event_name":"Ghosts","floor":22,"gold_loss":0}],"is_beta":true,"boss_relics":[{"not_picked":["Empty Cage","Orrery"],"picked":"Lizard Tail"}],"items_purged_floors":[3,25],"is_endless":false,"potions_floor_spawned":[2,10,18,20,21],"killed_by":"Automaton","ascension_level":20}