{"gold_per_floor":[114,125,50,50,68,98,98,108,108,8,40,40,40,65,65,65],"floor_reached":16,"playtime":351,"items_purged":["Defend_R","Strike_R"],"score":110,"play_id":"1a7bf2f4-c711-4d32-9926-97ccbd53b20a","local_time":"20190310232654","is_ascension_mode":false,"campfire_choices":[{"data":"Bash","floor":7,"key":"SMITH"},{"floor":15,"key":"REST"}],"neow_cost":"NONE","seed_source_timestamp":724762787259000,"circlet_count":0,"master_deck":["Strike_R","Strike_R","Strike_R","Strike_R","Defend_R+1","Defend_R+1","Bash+1","Sword Boomerang","Pummel","Regret","Shrug It Off"],"relics":["Burning Blood","NeowsBlessing","War Paint","Blood Vial","Letter Opener","Bag of Marbles","Golden Idol"],"potions_floor_usage":[16],"damage_taken":[{"damage":0,"enemies":"2 Louse","floor":1,"turns":1},{"damage":0,"enemies":"Small Slimes","floor":2,"turns":1},{"damage":0,"enemies":"Jaw Worm","floor":5,"turns":1},{"damage":20,"enemies":"Gremlin Nob","floor":6,"turns":4},{"damage":16,"enemies":"Blue Slaver","floor":8,"turns":4},{"damage":23,"enemies":"3 Sentries","floor":11,"turns":9},{"damage":26,"enemies":"Exordium Wildlife","floor":14,"turns":6},{"damage":50,"enemies":"Hexaghost","floor":16,"turns":8}],"seed_played":"5757725380000025432","potions_obtained":[{"floor":2,"key":"Strength Potion"}],"is_trial":false,"path_per_floor":["M","M","$","?","M","E","R","M","T","$","E","?","?","M","R","B"],"character_chosen":"IRONCLAD","items_purchased":[],"campfire_rested":1,"item_purchase_floors":[],"current_hp_per_floor":[80,80,80,73,79,65,65,55,55,55,40,40,40,22,44,0],"gold":65,"neow_bonus":"THREE_ENEMY_KILL","is_prod":false,"is_daily":false,"chose_seed":false,"campfire_upgraded":1,"win_rate":0,"timestamp":1552256814,"path_taken":["M","M","$","?","M","E","R","M","T","$","E","?","?","M","R","BOSS"],"build_version":"2019-02-06","purchased_purges":2,"victory":false,"max_hp_per_floor":[80,80,80,80,80,80,80,80,80,80,80,80,74,74,74,74],"card_choices":[{"not_picked":["Iron Wave","Sentinel","Feel No Pain"],"picked":"SKIP","floor":1},{"not_picked":["Body Slam","Havoc"],"picked":"Sword Boomerang","floor":2},{"not_picked":["Pommel Strike","Perfected Strike"],"picked":"Pummel","floor":5},{"not_picked":["Twin Strike","Combust","Second Wind"],"picked":"SKIP","floor":6},{"not_picked":["Havoc","Impervious","True Grit"],"picked":"SKIP","floor":8},{"not_picked":["Battle Trance","Rupture","Iron Wave"],"picked":"SKIP","floor":11},{"not_picked":["Headbutt","Heavy Blade"],"picked":"Shrug It Off","floor":14}],"player_experience":1245065,"relics_obtained":[{"floor":6,"key":"War Paint"},{"floor":9,"key":"Blood Vial"},{"floor":11,"key":"Letter Opener"}],"event_choices":[{"cards_removed":["Defend_R"],"damage_healed":0,"gold_gain":0,"player_choice":"Card Removal","damage_taken":7,"max_hp_gain":0,"max_hp_loss":0,"event_name":"Golden Wing","floor":4,"gold_loss":0},{"damage_healed":0,"gold_gain":0,"player_choice":"Box","damage_taken":0,"relics_obtained":["Bag of Marbles"],"max_hp_gain":0,"max_hp_loss":0,"event_name":"Big Fish","floor":12,"gold_loss":0,"cards_obtained":["Regret"]},{"damage_healed":0,"gold_gain":0,"player_choice":"Lose Max HP","damage_taken":0,"relics_obtained":["Golden Idol"],"max_hp_gain":0,"max_hp_loss":6,"event_name":"Golden Idol","floor":13,"gold_loss":0}],"is_beta":true,"boss_relics":[],"items_purged_floors":[3,10],"is_endless":false,"potions_floor_spawned":[2],"killed_by":"Hexaghost","ascension_level":0}