{"gold_per_floor":[111,123,123,123,137,137,170,170,222,222,242,242,242,257,257,353,353,321,246,161,161,177,208,208,6,6,31,31,31,49,79,79,182,182,197,217,142,142,142,142],"floor_reached":40,"playtime":1010,"items_purged":["Strike_R"],"score":440,"play_id":"e84dcce4-3bf5-4b09-a1dc-8bbaf84aab6f","local_time":"20190210013519","is_ascension_mode":false,"campfire_choices":[{"data":"Bash","floor":6.0,"key":"SMITH"},{"data":"Shrug It Off","floor":8.0,"key":"SMITH"},{"data":"Strike_R","floor":12.0,"key":"SMITH"},{"floor":15.0,"key":"REST"},{"floor":28.0,"key":"REST"},{"floor":32.0,"key":"REST"}],"neow_cost":"NONE","seed_source_timestamp":0,"circlet_count":0,"master_deck":["Strike_R+1","Strike_R+1","Strike_R+1","Defend_R+1","Defend_R+1","Bash+1","Shrug It Off+1","Clash+1","Dropkick+1","Dropkick+1"],"special_seed":0,"relics":["Black Blood","NeowsBlessing","Whetstone","Red Skull","Question Card","Frozen Egg 2","Potion Belt","Shuriken","Toxic Egg 2","MutagenicStrength","DollysMirror","Mercury Hourglass","Nunchaku","Meat on the Bone","Empty Cage"],"potions_floor_usage":[33,40,40],"damage_taken":[{"damage":0.0,"enemies":"2 Louse","floor":1.0,"turns":1.0},{"damage":0.0,"enemies":"Small Slimes","floor":2.0,"turns":1.0},{"damage":0.0,"enemies":"Jaw Worm","floor":5.0,"turns":1.0},{"damage":34.0,"enemies":"Gremlin Nob","floor":7.0,"turns":5.0},{"damage":9.0,"enemies":"Exordium Thugs","floor":11.0,"turns":7.0},{"damage":2.0,"enemies":"Looter","floor":14.0,"turns":2.0},{"damage":32.0,"enemies":"The Guardian","floor":16.0,"turns":15.0},{"damage":21.0,"enemies":"2 Thieves","floor":18.0,"turns":5.0},{"damage":14.0,"enemies":"3 Byrds","floor":22.0,"turns":6.0},{"damage":37.0,"enemies":"Slavers","floor":23.0,"turns":6.0},{"damage":27.0,"enemies":"Book of Stabbing","floor":27.0,"turns":4.0},{"damage":0.0,"enemies":"Snecko","floor":30.0,"turns":3.0},{"damage":20.0,"enemies":"Slavers","floor":31.0,"turns":4.0},{"damage":78,"enemies":"Collector","floor":33,"turns":9},{"damage":20,"enemies":"Orb Walker","floor":35,"turns":3},{"damage":46,"enemies":"3 Darklings","floor":36,"turns":5},{"damage":59,"enemies":"Nemesis","floor":40,"turns":6}],"seed_played":"-5565328186284154648","potions_obtained":[{"floor":1.0,"key":"Regen Potion"},{"floor":7.0,"key":"SpeedPotion"},{"floor":16.0,"key":"Energy Potion"},{"floor":22.0,"key":"Poison Potion"},{"floor":30.0,"key":"BloodPotion"},{"floor":31.0,"key":"Weak Potion"},{"floor":36,"key":"SpeedPotion"}],"is_trial":false,"path_per_floor":["M","M","?","?","M","R","E","R","T","T","M","R","?","M","R","B",null,"M","?","?","T","M","E","?","$","T","E","R","?","M","E","R","B",null,"M","M","$","?","?","E"],"character_chosen":"IRONCLAD","items_purchased":["DollysMirror"],"campfire_rested":3,"item_purchase_floors":[25],"current_hp_per_floor":[80,80,85,68,74,74,46,46,46,46,43,43,31,35,60,34,85,74,74,74,74,70,43,43,43,43,38,63,63,73,63,85,29,85,75,51,51,51,51,0],"gold":142,"neow_bonus":"THREE_ENEMY_KILL","is_prod":false,"is_daily":false,"chose_seed":false,"campfire_upgraded":3,"win_rate":0,"timestamp":1549758919,"path_taken":["M","M","?","?","M","R","E","R","T","?","?","R","?","M","R","BOSS","M","?","?","?","?","E","?","$","T","E","R","?","M","E","R","BOSS","M","?","$","?","?","E"],"build_version":"2019-02-06","purchased_purges":1,"victory":false,"max_hp_per_floor":[80,80,85,85,85,85,85,85,85,85,85,85,85,85,85,85,85,85,85,85,85,85,85,85,85,85,85,85,85,85,85,85,85,85,85,85,85,85,85,85],"card_choices":[{"not_picked":["Cleave","Headbutt","Wild Strike"],"picked":"SKIP","floor":1.0},{"not_picked":["Pommel Strike","Body Slam","Perfected Strike"],"picked":"SKIP","floor":2.0},{"not_picked":["Headbutt","Sword Boomerang"],"picked":"Shrug It Off","floor":5.0},{"not_picked":["Headbutt","Clothesline","Combust"],"picked":"SKIP","floor":7.0},{"not_picked":["Dark Embrace","Cleave","Anger","Ghostly Armor"],"picked":"SKIP","floor":11.0},{"not_picked":["Entrench","Iron Wave","Evolve+1","Cleave"],"picked":"SKIP","floor":14.0},{"not_picked":["Ghostly Armor+1","Evolve+1","Body Slam"],"picked":"Clash","floor":18.0},{"not_picked":["Cleave+1","Rupture+1","Perfected Strike+1","Pommel Strike"],"picked":"SKIP","floor":22.0},{"not_picked":["True Grit","Anger","Shrug It Off"],"picked":"Dropkick+1","floor":23.0},{"not_picked":["Clash+1","Whirlwind+1","Heavy Blade","Perfected Strike+1"],"picked":"SKIP","floor":27.0},{"not_picked":["Rampage","Flex+1","Headbutt","Clash"],"picked":"SKIP","floor":30.0},{"not_picked":["Battle Trance+1","Clothesline+1","Clash","Intimidate+1"],"picked":"SKIP","floor":31.0},{"not_picked":["Inflame+1","Clothesline+1","Body Slam+1","Warcry+1"],"picked":"SKIP","floor":35},{"not_picked":["Dual Wield+1","Flame Barrier+1","Twin Strike","Heavy Blade"],"picked":"SKIP","floor":36}],"player_experience":1144050,"relics_obtained":[{"floor":7.0,"key":"Whetstone"},{"floor":9.0,"key":"Red Skull"},{"floor":10.0,"key":"Question Card"},{"floor":21.0,"key":"Shuriken"},{"floor":23.0,"key":"Toxic Egg 2"},{"floor":26.0,"key":"Mercury Hourglass"},{"floor":27.0,"key":"Nunchaku"},{"floor":31.0,"key":"Meat on the Bone"}],"event_choices":[{"damage_healed":0.0,"max_hp_gain":5.0,"max_hp_loss":0.0,"gold_gain":0.0,"event_name":"Big Fish","player_choice":"Donut","floor":3.0,"gold_loss":0.0,"damage_taken":0.0},{"damage_healed":0.0,"max_hp_gain":0.0,"max_hp_loss":0.0,"gold_gain":0.0,"event_name":"Shining Light","player_choice":"Entered Light","floor":4.0,"gold_loss":0.0,"damage_taken":17.0,"cards_upgraded":["Defend_R","Defend_R"]},{"damage_healed":0.0,"max_hp_gain":0.0,"max_hp_loss":0.0,"gold_gain":0.0,"event_name":"Scrap Ooze","player_choice":"Success","floor":13.0,"gold_loss":0.0,"damage_taken":12.0,"relics_obtained":["Frozen Egg 2"]},{"cards_removed":["Defend_R"],"damage_healed":0.0,"max_hp_gain":0.0,"max_hp_loss":0.0,"gold_gain":0.0,"event_name":"Beggar","player_choice":"Gave Gold","floor":19.0,"gold_loss":75.0,"damage_taken":0.0},{"damage_healed":0.0,"max_hp_gain":0.0,"max_hp_loss":0.0,"gold_gain":0.0,"event_name":"Addict","player_choice":"Obtained Relic","floor":20.0,"gold_loss":85.0,"damage_taken":0.0,"relics_obtained":["Potion Belt"]},{"damage_healed":0.0,"max_hp_gain":0.0,"max_hp_loss":0.0,"gold_gain":0.0,"event_name":"Drug Dealer","player_choice":"Inject Mutagens","floor":24.0,"gold_loss":0.0,"damage_taken":0.0,"relics_obtained":["MutagenicStrength"]},{"damage_healed":0.0,"max_hp_gain":0.0,"max_hp_loss":0.0,"gold_gain":0.0,"event_name":"Upgrade Shrine","player_choice":"Upgraded","floor":29.0,"gold_loss":0.0,"damage_taken":0.0,"cards_upgraded":["Clash"]},{"damage_healed":0,"gold_gain":0,"player_choice":"Ignored","damage_taken":0,"max_hp_gain":0,"max_hp_loss":0,"event_name":"Mysterious Sphere","floor":38,"gold_loss":0},{"damage_healed":0,"gold_gain":0,"player_choice":"Memory 1","damage_taken":0,"max_hp_gain":0,"max_hp_loss":0,"event_name":"SensoryStone","floor":39,"gold_loss":0}],"is_beta":true,"boss_relics":[{"not_picked":["Cursed Key","Ectoplasm"],"picked":"Black Blood"},{"not_picked":["Mark of Pain","Tiny House"],"picked":"Empty Cage"}],"items_purged_floors":[37],"is_endless":false,"potions_floor_spawned":[1,7,16,22,30,31,36],"killed_by":"Nemesis","ascension_level":0}