{"gold_per_floor":[109,122,47,47,58,58,91,91,117,127,146,178,207,283,283,283],"floor_reached":16,"playtime":464,"items_purged":[],"score":220,"play_id":"57eaeb51-8c9f-4a31-ada9-33889ce48360","local_time":"20190409211852","is_ascension_mode":true,"campfire_choices":[{"data":"Twin Strike","floor":6,"key":"SMITH"},{"floor":8,"key":"REST"},{"floor":15,"key":"REST"}],"neow_cost":"TEN_PERCENT_HP_LOSS","seed_source_timestamp":195576621287200,"circlet_count":0,"master_deck":["AscendersBane","Strike_R","Strike_R","Strike_R","Strike_R","Strike_R","Defend_R","Defend_R","Defend_R","Bash+1","Sword Boomerang","Twin Strike+1","Shrug It Off","Shrug It Off"],"relics":["Burning Blood","Ice Cream","Boot","Juzu Bracelet","Bag of Marbles","Odd Mushroom"],"potions_floor_usage":[7,16,16],"damage_taken":[{"damage":8,"enemies":"Jaw Worm","floor":1,"turns":6},{"damage":4,"enemies":"Small Slimes","floor":2,"turns":3},{"damage":6,"enemies":"Cultist","floor":5,"turns":3},{"damage":50,"enemies":"3 Sentries","floor":7,"turns":6},{"damage":7,"enemies":"Looter","floor":10,"turns":3},{"damage":7,"enemies":"2 Fungi Beasts","floor":11,"turns":5},{"damage":22,"enemies":"Lagavulin","floor":12,"turns":6},{"damage":12,"enemies":"The Mushroom Lair","floor":13,"turns":5},{"damage":48,"enemies":"Slime Boss","floor":16,"turns":6}],"seed_played":"-8677156001975757204","potions_obtained":[{"floor":2,"key":"SpeedPotion"},{"floor":5,"key":"AttackPotion"},{"floor":10,"key":"LiquidBronze"},{"floor":13,"key":"Regen Potion"}],"is_trial":false,"path_per_floor":["M","M","?","?","M","R","E","R","T","M","M","E","?","?","R","B"],"character_chosen":"IRONCLAD","items_purchased":[],"campfire_rested":2,"item_purchase_floors":[],"current_hp_per_floor":[66,68,68,68,68,68,24,44,44,43,42,26,20,20,40,7],"gold":283,"neow_bonus":"ONE_RARE_RELIC","is_prod":false,"is_daily":false,"chose_seed":false,"campfire_upgraded":1,"win_rate":0,"timestamp":1554837532,"path_taken":["M","M","?","?","M","R","E","R","T","M","M","E","?","?","R","BOSS"],"build_version":"2019-04-04","purchased_purges":0,"victory":false,"max_hp_per_floor":[68,68,68,68,68,68,68,68,68,68,68,68,68,68,68,68],"card_choices":[{"not_picked":["True Grit","Heavy Blade"],"picked":"Sword Boomerang","floor":1},{"not_picked":["Entrench","Blood for Blood","Perfected Strike"],"picked":"SKIP","floor":2},{"not_picked":["Seeing Red","Clothesline"],"picked":"Twin Strike","floor":5},{"not_picked":["Armaments","True Grit","Flex"],"picked":"SKIP","floor":7},{"not_picked":["Carnage","Ghostly Armor","Burning Pact"],"picked":"SKIP","floor":10},{"not_picked":["Heavy Blade","Shockwave"],"picked":"Shrug It Off","floor":11},{"not_picked":["Rupture","Clash"],"picked":"Shrug It Off","floor":12}],"player_experience":1349805,"relics_obtained":[{"floor":7,"key":"Boot"},{"floor":9,"key":"Juzu Bracelet"},{"floor":12,"key":"Bag of Marbles"},{"floor":13,"key":"Odd Mushroom"}],"event_choices":[{"cards_removed":["Defend_R"],"damage_healed":0,"gold_gain":0,"player_choice":"Card Removal","damage_taken":0,"max_hp_gain":0,"max_hp_loss":0,"event_name":"The Cleric","floor":3,"gold_loss":75},{"damage_healed":0,"gold_gain":0,"player_choice":"Grow","damage_taken":0,"max_hp_gain":0,"max_hp_loss":0,"event_name":"Living Wall","floor":4,"gold_loss":0,"cards_upgraded":["Bash"]},{"damage_healed":0,"gold_gain":0,"player_choice":"Fought Mushrooms","damage_taken":0,"max_hp_gain":0,"max_hp_loss":0,"event_name":"Mushrooms","floor":13,"gold_loss":0},{"damage_healed":0,"gold_gain":76,"player_choice":"Gained Gold","damage_taken":0,"max_hp_gain":0,"max_hp_loss":0,"event_name":"Golden Wing","floor":14,"gold_loss":0}],"is_beta":true,"boss_relics":[],"items_purged_floors":[],"is_endless":false,"potions_floor_spawned":[2,5,10,12,13],"killed_by":"Slime Boss","ascension_level":20}