{"gold_per_floor":[17,37,37,112,128,157,157,177,177,196,196,196,215,250,250,250],"floor_reached":16,"playtime":533,"items_purged":[],"score":162,"play_id":"cdc7148b-8053-4106-b3d0-ef0e0939c64a","local_time":"20181006192509","is_ascension_mode":true,"campfire_choices":[{"floor":7,"key":"REST"},{"floor":11,"key":"REST"},{"floor":15,"key":"REST"}],"neow_cost":"NO_GOLD","seed_source_timestamp":89728469056800,"circlet_count":0,"master_deck":["Defend_G","Defend_G","Defend_G","Defend_G","Defend_G","Strike_G","Strike_G","Strike_G","Strike_G","Strike_G","Survivor","Neutralize","Cloak And Dagger","Regret","Dagger Spray+1","Blade Dance","Backflip+1","Flying Knee+1","Infinite Blades"],"relics":["Ring of the Snake","Du-Vu Doll","Molten Egg 2","Gremlin Horn","Toxic Egg 2","Bag of Preparation","Art of War"],"potions_floor_usage":[14,14,16],"damage_taken":[{"damage":2,"enemies":"Cultist","floor":1,"turns":4},{"damage":0,"enemies":"Small Slimes","floor":2,"turns":4},{"damage":0,"enemies":"2 Louse","floor":5,"turns":3},{"damage":40,"enemies":"Gremlin Nob","floor":6,"turns":5},{"damage":2,"enemies":"Looter","floor":8,"turns":4},{"damage":0,"enemies":"2 Fungi Beasts","floor":10,"turns":3},{"damage":8,"enemies":"Exordium Thugs","floor":13,"turns":5},{"damage":26,"enemies":"Lagavulin","floor":14,"turns":6},{"damage":40,"enemies":"The Guardian","floor":16,"turns":10}],"seed_played":"-1667041631382315373","potions_obtained":[{"floor":5,"key":"LiquidBronze"},{"floor":6,"key":"EssenceOfSteel"},{"floor":13,"key":"SteroidPotion"},{"floor":14,"key":"LiquidBronze"}],"is_trial":false,"path_per_floor":["M","M","?","?","M","E","R","M","T","M","R","?","M","E","R"],"character_chosen":"THE_SILENT","items_purchased":[],"campfire_rested":3,"item_purchase_floors":[],"current_hp_per_floor":[61,61,61,50,50,10,31,29,29,29,50,50,42,16,37,0],"gold":250,"neow_bonus":"ONE_RARE_RELIC","is_prod":false,"is_daily":false,"chose_seed":false,"campfire_upgraded":0,"win_rate":0,"timestamp":1538879109,"path_taken":["M","M","?","?","M","E","R","?","T","?","R","?","M","E","R","BOSS"],"build_version":"2018-10-04","purchased_purges":0,"victory":false,"max_hp_per_floor":[70,70,70,70,70,70,70,70,70,70,70,70,70,70,70,70],"card_choices":[{"not_picked":["Dodge and Roll","Expertise","Deadly Poison"],"picked":"SKIP","floor":1},{"not_picked":["Sucker Punch","Quick Slash"],"picked":"Cloak And Dagger","floor":2},{"not_picked":["Outmaneuver","Slice+1"],"picked":"Dagger Spray+1","floor":5},{"not_picked":["Tactician","Acrobatics","Bane+1"],"picked":"SKIP","floor":6},{"not_picked":["Dodge and Roll","Catalyst"],"picked":"Blade Dance","floor":8},{"not_picked":["Endless Agony+1","Distraction+1"],"picked":"Backflip+1","floor":10},{"not_picked":["Prepared+1","Finisher+1"],"picked":"Flying Knee+1","floor":13},{"not_picked":["Sucker Punch+1","Deflect+1"],"picked":"Infinite Blades","floor":14}],"player_experience":345941,"relics_obtained":[{"floor":6,"key":"Gremlin Horn"},{"floor":9,"key":"Toxic Egg 2"},{"floor":14,"key":"Art of War"}],"event_choices":[{"event_name":"Big Fish","player_choice":"Box","floor":3,"damage_taken":0},{"event_name":"World of Goop","player_choice":"Gather Gold","floor":4,"damage_taken":0},{"event_name":"Dead Adventurer","player_choice":"Searched \u00272\u0027 times","floor":12,"damage_taken":0}],"is_beta":true,"boss_relics":[],"items_purged_floors":[],"is_endless":false,"potions_floor_spawned":[5,6,13,14],"killed_by":"The Guardian","ascension_level":9}