{"gold_per_floor":[114,129,404,102,27,58,58,89,89,105,140,157,157,168,168,168],"floor_reached":16,"playtime":470,"items_purged":["Regret"],"score":290,"play_id":"4ed73962-9c4e-4260-82c6-5e1a09bc7b6c","local_time":"20190421135852","is_ascension_mode":true,"campfire_choices":[{"data":"Bash","floor":7,"key":"SMITH"},{"floor":13,"key":"REST"},{"floor":15,"key":"REST"}],"neow_cost":"NONE","seed_source_timestamp":952821223863700,"circlet_count":0,"master_deck":["AscendersBane","Strike_R","Strike_R","Strike_R","Strike_R","Defend_R","Defend_R","Defend_R","Defend_R","Bash+1","Heavy Blade","Twin Strike","Shrug It Off"],"relics":["Burning Blood","NeowsBlessing","Sling","Ginger","Unceasing Top","Bag of Preparation"],"potions_floor_usage":[11,12],"damage_taken":[{"damage":0,"enemies":"Small Slimes","floor":1,"turns":1},{"damage":0,"enemies":"Cultist","floor":2,"turns":1},{"damage":0,"enemies":"Lagavulin","floor":6,"turns":1},{"damage":31,"enemies":"Gremlin Nob","floor":8,"turns":4},{"damage":3,"enemies":"2 Louse","floor":10,"turns":3},{"damage":50,"enemies":"3 Sentries","floor":11,"turns":10},{"damage":1,"enemies":"Gremlin Gang","floor":12,"turns":7},{"damage":18,"enemies":"Lots of Slimes","floor":14,"turns":5},{"damage":38,"enemies":"Slime Boss","floor":16,"turns":5}],"seed_played":"-3538984158283794605","potions_obtained":[{"floor":6,"key":"Ancient Potion"},{"floor":8,"key":"GamblersBrew"},{"floor":11,"key":"Dexterity Potion"}],"is_trial":false,"path_per_floor":["M","M","?","$","?","E","R","E","T","M","E","M","R","M","R","B"],"character_chosen":"IRONCLAD","items_purchased":["Sling"],"campfire_rested":2,"item_purchase_floors":[4],"current_hp_per_floor":[74,75,75,75,75,75,75,50,50,53,9,14,36,24,46,8],"gold":168,"neow_bonus":"THREE_ENEMY_KILL","is_prod":false,"is_daily":false,"chose_seed":false,"campfire_upgraded":1,"win_rate":0,"timestamp":1555847932,"path_taken":["M","M","?","$","?","E","R","E","T","M","E","M","R","M","R","BOSS"],"build_version":"2019-04-20","purchased_purges":1,"victory":false,"max_hp_per_floor":[75,75,75,75,75,75,75,75,75,75,75,75,75,75,75,75],"card_choices":[{"not_picked":["Rupture","Iron Wave"],"picked":"Heavy Blade","floor":1},{"not_picked":["Dual Wield","Pommel Strike"],"picked":"Twin Strike","floor":2},{"not_picked":["Iron Wave","Blood for Blood","Pommel Strike"],"picked":"SKIP","floor":6},{"not_picked":["Cleave","Havoc"],"picked":"Shrug It Off","floor":8},{"not_picked":["Anger","Feel No Pain","Cleave"],"picked":"SKIP","floor":10},{"not_picked":["Perfected Strike","Clothesline","Cleave"],"picked":"SKIP","floor":11},{"not_picked":["Ghostly Armor","Infernal Blade","Pommel Strike"],"picked":"SKIP","floor":12},{"not_picked":["Dropkick","Wild Strike","Evolve"],"picked":"SKIP","floor":14}],"player_experience":1405663,"relics_obtained":[{"floor":6,"key":"Ginger"},{"floor":8,"key":"Unceasing Top"},{"floor":11,"key":"Bag of Preparation"}],"event_choices":[{"damage_healed":0,"gold_gain":275,"player_choice":"Desecrate","damage_taken":0,"max_hp_gain":0,"max_hp_loss":0,"event_name":"Golden Shrine","floor":3,"gold_loss":0,"cards_obtained":["Regret"]},{"cards_removed":["Strike_R"],"damage_healed":0,"gold_gain":0,"player_choice":"Card Removal","damage_taken":0,"max_hp_gain":0,"max_hp_loss":0,"event_name":"The Cleric","floor":5,"gold_loss":75}],"is_beta":true,"boss_relics":[],"items_purged_floors":[4],"is_endless":false,"potions_floor_spawned":[6,8,11],"killed_by":"Slime Boss","ascension_level":20}