{"gold_per_floor":[209,284,295,295,51,51,84,84,111,146,12,12,45,45],"floor_reached":14,"playtime":806,"items_purged":["Regret"],"score":198,"play_id":"c0beaf8c-e374-4d13-8453-87055b254a56","local_time":"20190430124447","is_ascension_mode":true,"campfire_choices":[{"data":"Zap","floor":6,"key":"SMITH"},{"floor":8,"key":"REST"},{"floor":12,"key":"REST"}],"neow_cost":"NONE","seed_source_timestamp":2514428913498791,"circlet_count":0,"master_deck":["AscendersBane","Strike_B","Strike_B","Strike_B","Strike_B","Defend_B","Defend_B","Defend_B","Defend_B","Zap+1","Dualcast","Static Discharge","Sweeping Beam","Capacitor","Defragment","FTL","Sweeping Beam","Consume"],"relics":["Cracked Core","Blue Candle","Oddly Smooth Stone","Lantern","Art of War","Turnip","Potion Belt"],"potions_floor_usage":[14],"damage_taken":[{"damage":7,"enemies":"Jaw Worm","floor":1,"turns":3},{"damage":2,"enemies":"Cultist","floor":3,"turns":4},{"damage":22,"enemies":"3 Sentries","floor":7,"turns":6},{"damage":24,"enemies":"Lagavulin","floor":10,"turns":8},{"damage":26,"enemies":"3 Sentries","floor":13,"turns":5},{"damage":16,"enemies":"2 Louse","floor":14,"turns":2}],"seed_played":"-3212039236709375563","potions_obtained":[{"floor":7,"key":"Dexterity Potion"},{"floor":10,"key":"GamblersBrew"}],"is_trial":false,"path_per_floor":["M","?","M","?","$","R","E","R","T","E","$","R","E","M"],"character_chosen":"DEFECT","items_purchased":["Oddly Smooth Stone","FTL","Sweeping Beam"],"campfire_rested":2,"item_purchase_floors":[5,11,11],"current_hp_per_floor":[57,46,44,44,44,44,22,43,43,19,19,40,14,0],"gold":45,"neow_bonus":"HUNDRED_GOLD","is_prod":false,"is_daily":false,"chose_seed":false,"campfire_upgraded":1,"win_rate":0,"timestamp":1556606687,"path_taken":["M","?","M","?","$","R","E","R","T","E","?","R","E","?"],"build_version":"2019-01-23","purchased_purges":1,"victory":false,"max_hp_per_floor":[71,71,71,71,71,71,71,71,71,71,71,71,71,71],"card_choices":[{"not_picked":["Rebound","Conserve Battery"],"picked":"Static Discharge","floor":1},{"not_picked":["Beam Cell","Leap"],"picked":"Sweeping Beam","floor":3},{"not_picked":["Sweeping Beam","Redo"],"picked":"Capacitor","floor":7},{"not_picked":["Barrage","Fusion"],"picked":"Defragment","floor":10},{"not_picked":["Hologram","Redo"],"picked":"Consume","floor":13}],"player_experience":1262426,"relics_obtained":[{"floor":7,"key":"Lantern"},{"floor":9,"key":"Art of War"},{"floor":10,"key":"Turnip"},{"floor":13,"key":"Potion Belt"}],"event_choices":[{"damage_healed":0,"gold_gain":75,"player_choice":"Gather Gold","damage_taken":11,"max_hp_gain":0,"max_hp_loss":0,"event_name":"World of Goop","floor":2,"gold_loss":0},{"damage_healed":0,"gold_gain":0,"player_choice":"Box","damage_taken":0,"relics_obtained":["Blue Candle"],"max_hp_gain":0,"max_hp_loss":0,"event_name":"Big Fish","floor":4,"gold_loss":0,"cards_obtained":["Regret"]}],"is_beta":false,"boss_relics":[],"items_purged_floors":[5],"is_endless":false,"potions_floor_spawned":[7,10],"killed_by":"2 Louse","ascension_level":18}