{"gold_per_floor":[117,117,134,134,134,159,173,202,229,229,254,254,271,296,296,296],"floor_reached":16,"playtime":529,"items_purged":[],"score":306,"play_id":"88c7d2ff-385a-4990-ba05-9ea8799eb7eb","local_time":"20190404224123","is_ascension_mode":true,"campfire_choices":[{"data":"Bash","floor":10,"key":"SMITH"},{"floor":12,"key":"REST"},{"floor":15,"key":"REST"}],"neow_cost":"NONE","seed_source_timestamp":1286702472594500,"circlet_count":0,"master_deck":["AscendersBane","Strike_R","Strike_R","Strike_R","Strike_R","Strike_R","Defend_R","Defend_R","Bash+1","Twin Strike","Shrug It Off","Heavy Blade","Limit Break+1","True Grit+1"],"relics":["Burning Blood","NeowsBlessing","Anchor","Dream Catcher","Toxic Egg 2","FossilizedHelix","Bag of Preparation"],"potions_floor_usage":[8,11,14,16],"damage_taken":[{"damage":0,"enemies":"Small Slimes","floor":1,"turns":1},{"damage":0,"enemies":"Cultist","floor":3,"turns":1},{"damage":0,"enemies":"Lagavulin","floor":6,"turns":1},{"damage":0,"enemies":"2 Louse","floor":7,"turns":2},{"damage":32,"enemies":"Gremlin Nob","floor":8,"turns":4},{"damage":28,"enemies":"Lagavulin","floor":11,"turns":6},{"damage":9,"enemies":"Gremlin Gang","floor":13,"turns":7},{"damage":22,"enemies":"3 Sentries","floor":14,"turns":10},{"damage":50,"enemies":"Hexaghost","floor":16,"turns":9}],"seed_played":"-7795441988015107590","potions_obtained":[{"floor":1,"key":"Strength Potion"},{"floor":6,"key":"Block Potion"},{"floor":11,"key":"Energy Potion"},{"floor":13,"key":"Swift Potion"}],"is_trial":false,"path_per_floor":["M","?","M","?","?","E","M","E","T","R","E","R","M","E","R","B"],"character_chosen":"IRONCLAD","items_purchased":[],"campfire_rested":2,"item_purchase_floors":[],"current_hp_per_floor":[74,74,75,68,68,74,75,49,49,49,27,49,46,30,52,2],"gold":296,"neow_bonus":"THREE_ENEMY_KILL","is_prod":false,"is_daily":false,"chose_seed":false,"campfire_upgraded":1,"win_rate":0,"timestamp":1554410483,"path_taken":["M","?","?","?","?","E","M","E","T","R","E","R","?","E","R","BOSS"],"build_version":"2019-03-15","purchased_purges":0,"victory":false,"max_hp_per_floor":[75,75,75,75,75,75,75,75,75,75,75,75,75,75,75,75],"card_choices":[{"not_picked":["Havoc","Entrench"],"picked":"Twin Strike","floor":1},{"not_picked":["Second Wind","Pommel Strike"],"picked":"Shrug It Off","floor":3},{"not_picked":["Bloodletting","Dark Embrace"],"picked":"Heavy Blade","floor":6},{"not_picked":["Twin Strike","Clothesline","Perfected Strike"],"picked":"SKIP","floor":7},{"not_picked":["Havoc","Infernal Blade","Disarm"],"picked":"SKIP","floor":8},{"not_picked":["Flex+1","Rampage","Thunderclap"],"picked":"SKIP","floor":11},{"not_picked":["Anger","Heavy Blade"],"picked":"Limit Break+1","floor":13},{"not_picked":["Clash","Thunderclap"],"picked":"True Grit+1","floor":14}],"player_experience":1330209,"relics_obtained":[{"floor":6,"key":"Dream Catcher"},{"floor":8,"key":"Toxic Egg 2"},{"floor":11,"key":"FossilizedHelix"},{"floor":14,"key":"Bag of Preparation"}],"event_choices":[{"damage_healed":0,"gold_gain":0,"cards_transformed":["Defend_R"],"player_choice":"Transformed","damage_taken":0,"max_hp_gain":0,"max_hp_loss":0,"event_name":"Transmorgrifier","floor":2,"gold_loss":0,"cards_obtained":["Perfected Strike"]},{"cards_removed":["Defend_R"],"damage_healed":0,"gold_gain":0,"player_choice":"Card Removal","damage_taken":7,"max_hp_gain":0,"max_hp_loss":0,"event_name":"Golden Wing","floor":4,"gold_loss":0},{"cards_removed":["Perfected Strike"],"damage_healed":0,"gold_gain":0,"player_choice":"Gave Card","damage_taken":0,"relics_obtained":["Anchor"],"max_hp_gain":0,"max_hp_loss":0,"event_name":"WeMeetAgain","floor":5,"gold_loss":0}],"is_beta":true,"boss_relics":[],"items_purged_floors":[],"is_endless":false,"potions_floor_spawned":[1,6,11,13],"killed_by":"Hexaghost","ascension_level":20}