{"gold_per_floor":[114,40,54,65,80,80,107,123,146,63,63],"floor_reached":11,"playtime":269,"items_purged":[],"score":150,"play_id":"951422c2-a1ae-4e3b-82e3-892572bbc123","local_time":"20190404231254","is_ascension_mode":true,"campfire_choices":[{"data":"Bash","floor":6,"key":"SMITH"}],"neow_cost":"NONE","seed_source_timestamp":1288854085882500,"circlet_count":0,"master_deck":["AscendersBane","Strike_R","Strike_R","Strike_R","Strike_R","Strike_R","Defend_R","Defend_R","Defend_R","Defend_R","Bash+1","Whirlwind","Shrug It Off","Limit Break"],"relics":["Burning Blood","Anchor","Ornamental Fan","Bag of Marbles"],"potions_floor_usage":[7,7,11,11],"damage_taken":[{"damage":7,"enemies":"Cultist","floor":1,"turns":4},{"damage":8,"enemies":"2 Louse","floor":3,"turns":4},{"damage":10,"enemies":"Small Slimes","floor":4,"turns":4},{"damage":12,"enemies":"Looter","floor":5,"turns":3},{"damage":30,"enemies":"3 Sentries","floor":7,"turns":4},{"damage":13,"enemies":"Exordium Wildlife","floor":8,"turns":4},{"damage":32,"enemies":"Gremlin Nob","floor":11,"turns":3}],"seed_played":"7451636669354107724","potions_obtained":[{"floor":1,"key":"Ancient Potion"},{"floor":3,"key":"AttackPotion"},{"floor":5,"key":"BloodPotion"},{"floor":8,"key":"EntropicBrew"}],"is_trial":false,"path_per_floor":["M","$","M","M","M","R","E","M","T","$","E"],"character_chosen":"IRONCLAD","items_purchased":["Whirlwind","Limit Break"],"campfire_rested":0,"item_purchase_floors":[2,10],"current_hp_per_floor":[67,67,65,61,55,55,38,31,31,31,0],"gold":63,"neow_bonus":"RANDOM_COMMON_RELIC","is_prod":false,"is_daily":false,"chose_seed":false,"campfire_upgraded":1,"win_rate":0,"timestamp":1554412374,"path_taken":["M","$","M","?","M","R","E","M","T","?","E"],"build_version":"2019-03-15","purchased_purges":0,"victory":false,"max_hp_per_floor":[75,75,75,75,75,75,75,75,75,75,75],"card_choices":[{"not_picked":["Second Wind","Sentinel","Havoc"],"picked":"SKIP","floor":1},{"not_picked":["Thunderclap","Flex","Warcry"],"picked":"SKIP","floor":3},{"not_picked":["Combust","Perfected Strike","True Grit"],"picked":"SKIP","floor":4},{"not_picked":["Sentinel","Fire Breathing","Anger"],"picked":"SKIP","floor":5},{"not_picked":["Rage","Metallicize"],"picked":"Shrug It Off","floor":7},{"not_picked":["Thunderclap","Pommel Strike","Armaments"],"picked":"SKIP","floor":8}],"player_experience":1332267,"relics_obtained":[{"floor":7,"key":"Ornamental Fan"},{"floor":9,"key":"Bag of Marbles"}],"event_choices":[],"is_beta":true,"boss_relics":[],"items_purged_floors":[],"is_endless":false,"potions_floor_spawned":[1,3,5,8],"killed_by":"Gremlin Nob","ascension_level":20}