{"gold_per_floor":[119,119,99,24,42,82,103,138,190,190,203,219,219,243,243,243],"floor_reached":16,"playtime":382,"items_purged":[],"score":274,"play_id":"6d7e8752-d6d3-4ac8-b2ee-103179851985","local_time":"20190411205901","is_ascension_mode":true,"campfire_choices":[{"data":"Bash","floor":10,"key":"SMITH"},{"data":"Twin Strike","floor":13,"key":"SMITH"},{"floor":15,"key":"REST"}],"neow_cost":"NONE","seed_source_timestamp":114073812189300,"circlet_count":0,"master_deck":["AscendersBane","Strike_R","Strike_R","Strike_R","Strike_R","Strike_R","Defend_R","Defend_R","Defend_R","Defend_R","Bash+1","Twin Strike+1","Sword Boomerang","Shrug It Off","Sword Boomerang"],"relics":["Burning Blood","NeowsBlessing","Golden Idol","Mercury Hourglass","Anchor","Smiling Mask"],"potions_floor_usage":[16,16],"damage_taken":[{"damage":0,"enemies":"Cultist","floor":1,"turns":1},{"damage":0,"enemies":"Jaw Worm","floor":5,"turns":1},{"damage":0,"enemies":"Gremlin Nob","floor":6,"turns":1},{"damage":11,"enemies":"2 Louse","floor":7,"turns":2},{"damage":27,"enemies":"3 Sentries","floor":8,"turns":7},{"damage":0,"enemies":"Looter","floor":11,"turns":3},{"damage":20,"enemies":"Large Slime","floor":12,"turns":6},{"damage":12,"enemies":"Lots of Slimes","floor":14,"turns":3},{"damage":45,"enemies":"Hexaghost","floor":16,"turns":8}],"seed_played":"-293968362237634024","potions_obtained":[{"floor":3,"key":"Poison Potion"},{"floor":5,"key":"LiquidBronze"}],"is_trial":false,"path_per_floor":["M","?","?","$","M","E","M","E","T","R","M","M","R","M","R","B"],"character_chosen":"IRONCLAD","items_purchased":["Sword Boomerang","Shrug It Off"],"campfire_rested":1,"item_purchase_floors":[4,4],"current_hp_per_floor":[74,48,48,48,54,60,55,34,34,34,40,26,26,20,42,0],"gold":243,"neow_bonus":"THREE_ENEMY_KILL","is_prod":false,"is_daily":false,"chose_seed":false,"campfire_upgraded":2,"win_rate":0,"timestamp":1555009141,"path_taken":["M","?","?","$","?","E","M","E","T","R","M","M","R","M","R","BOSS"],"build_version":"2019-04-04","purchased_purges":0,"victory":false,"max_hp_per_floor":[75,75,75,75,75,75,75,75,75,75,75,75,75,75,75,75],"card_choices":[{"not_picked":["Wild Strike","Havoc"],"picked":"Twin Strike","floor":1},{"not_picked":["Rupture","Iron Wave"],"picked":"Sword Boomerang","floor":5},{"not_picked":["True Grit","Perfected Strike","Hemokinesis"],"picked":"SKIP","floor":6},{"not_picked":["Pommel Strike","Perfected Strike","Combust"],"picked":"SKIP","floor":7},{"not_picked":["Pommel Strike","Perfected Strike","Combust"],"picked":"SKIP","floor":7},{"not_picked":["Dual Wield","Armaments","Sentinel"],"picked":"SKIP","floor":8},{"not_picked":["Headbutt","Twin Strike","Heavy Blade"],"picked":"SKIP","floor":11},{"not_picked":["Seeing Red","Heavy Blade","Evolve"],"picked":"SKIP","floor":12},{"not_picked":["Intimidate","Clothesline","Armaments"],"picked":"SKIP","floor":14}],"player_experience":1358118,"relics_obtained":[{"floor":6,"key":"Mercury Hourglass"},{"floor":8,"key":"Anchor"},{"floor":9,"key":"Smiling Mask"}],"event_choices":[{"damage_healed":0,"gold_gain":0,"player_choice":"Take Damage","damage_taken":26,"relics_obtained":["Golden Idol"],"max_hp_gain":0,"max_hp_loss":0,"event_name":"Golden Idol","floor":2,"gold_loss":0},{"damage_healed":0,"gold_gain":0,"player_choice":"Bought 1 Potion","damage_taken":0,"max_hp_gain":0,"max_hp_loss":0,"event_name":"The Woman in Blue","floor":3,"gold_loss":0}],"is_beta":true,"boss_relics":[],"items_purged_floors":[],"is_endless":false,"potions_floor_spawned":[5,6,11,14],"killed_by":"Hexaghost","ascension_level":20}