{"gold_per_floor":[109,109,109,259,259,288,288,313,313,313,346,362,375,394,394,394],"floor_reached":16,"playtime":764,"items_purged":[],"score":319,"play_id":"61b8368c-9bb7-4a1d-8297-52d58b033459","local_time":"20190430140109","is_ascension_mode":true,"campfire_choices":[{"data":"Coolheaded","floor":7,"key":"SMITH"},{"floor":15,"key":"REST"}],"neow_cost":"NONE","seed_source_timestamp":2519054214221755,"circlet_count":0,"master_deck":["AscendersBane","Strike_B","Strike_B","Strike_B","Defend_B+1","Defend_B","Defend_B+1","Defend_B","Zap","Dualcast","Cold Snap","Doubt","Coolheaded+1","Conserve Battery","Coolheaded","Conserve Battery","FTL","Steam"],"relics":["Cracked Core","NeowsBlessing","Mummified Hand","Singing Bowl","Boot","Bottled Lightning"],"potions_floor_usage":[11,16],"damage_taken":[{"damage":0,"enemies":"Jaw Worm","floor":1,"turns":1},{"damage":0,"enemies":"Gremlin Nob","floor":6,"turns":1},{"damage":0,"enemies":"Lagavulin","floor":8,"turns":2},{"damage":30,"enemies":"Gremlin Nob","floor":11,"turns":6},{"damage":10,"enemies":"2 Louse","floor":12,"turns":3},{"damage":0,"enemies":"Small Slimes","floor":13,"turns":4},{"damage":2,"enemies":"Red Slaver","floor":14,"turns":5},{"damage":22,"enemies":"The Guardian","floor":16,"turns":19}],"seed_played":"-7406747310465647475","potions_obtained":[{"floor":8,"key":"Weak Potion"},{"floor":10,"key":"Energy Potion"},{"floor":14,"key":"Fire Potion"}],"is_trial":false,"path_per_floor":["M","?","$","?","?","E","R","E","T","?","E","M","M","M","R","B"],"character_chosen":"DEFECT","items_purchased":[],"campfire_rested":1,"item_purchase_floors":[],"current_hp_per_floor":[64,64,64,64,43,43,43,43,43,43,13,3,3,1,22,0],"gold":394,"neow_bonus":"THREE_ENEMY_KILL","is_prod":false,"is_daily":false,"chose_seed":false,"campfire_upgraded":1,"win_rate":0,"timestamp":1556611269,"path_taken":["M","?","$","?","?","E","R","E","T","?","E","M","?","M","R","BOSS"],"build_version":"2019-01-23","purchased_purges":0,"victory":false,"max_hp_per_floor":[71,71,71,71,71,71,71,71,71,71,71,71,71,71,71,71],"card_choices":[{"not_picked":["Hologram","Rebound"],"picked":"Cold Snap","floor":1},{"not_picked":["Hologram","Gash"],"picked":"Coolheaded","floor":6},{"not_picked":["Ball Lightning","Beam Cell"],"picked":"Conserve Battery","floor":8},{"not_picked":["Fusion","Multi-Cast"],"picked":"Coolheaded","floor":11},{"not_picked":["Cold Snap","Redo"],"picked":"Conserve Battery","floor":12},{"not_picked":["Conserve Battery","Compile Driver"],"picked":"FTL","floor":13},{"not_picked":["Gash","Hologram"],"picked":"Steam","floor":14}],"player_experience":1266441,"relics_obtained":[{"floor":6,"key":"Mummified Hand"},{"floor":8,"key":"Singing Bowl"},{"floor":9,"key":"Boot"},{"floor":11,"key":"Bottled Lightning"}],"event_choices":[{"cards_removed":["Strike_B"],"damage_healed":0,"gold_gain":0,"player_choice":"Forget","damage_taken":0,"max_hp_gain":0,"max_hp_loss":0,"event_name":"Living Wall","floor":2,"gold_loss":0},{"damage_healed":0,"gold_gain":150,"player_choice":"AGREE","damage_taken":0,"max_hp_gain":0,"max_hp_loss":0,"event_name":"Liars Game","floor":4,"gold_loss":0,"cards_obtained":["Doubt"]},{"damage_healed":0,"gold_gain":0,"player_choice":"Entered Light","damage_taken":21,"max_hp_gain":0,"max_hp_loss":0,"event_name":"Shining Light","floor":5,"gold_loss":0,"cards_upgraded":["Defend_B","Defend_B"]},{"damage_healed":0,"gold_gain":0,"player_choice":"Got Potions","damage_taken":0,"max_hp_gain":0,"max_hp_loss":0,"event_name":"Lab","floor":10,"gold_loss":0}],"is_beta":false,"boss_relics":[],"items_purged_floors":[],"is_endless":false,"potions_floor_spawned":[8,14],"killed_by":"The Guardian","ascension_level":18}