{"gold_per_floor":[142,142,162,88,108,139,151,151,151,151,151,151,151,151,151,255,255,272,272,284,209,209],"floor_reached":22,"playtime":1479,"items_purged":["Strike_G"],"score":264,"play_id":"c586c9d0-d94b-4a4e-baa3-fac511bf51b8","local_time":"20181127001442","is_ascension_mode":true,"campfire_choices":[{"floor":8,"key":"REST"},{"data":"Noxious Fumes","floor":11,"key":"SMITH"},{"floor":13,"key":"REST"},{"floor":15,"key":"REST"}],"neow_cost":"NONE","seed_source_timestamp":1129647692820417,"circlet_count":0,"master_deck":["Defend_G","Defend_G+1","Defend_G","Defend_G","Defend_G","Strike_G","Strike_G","Strike_G","Survivor","Neutralize","Deadly Poison","Doppelganger+1","Noxious Fumes+1","Backflip","Blur","Burst","Malaise","PiercingWail"],"relics":["Ring of the Snake","Tiny Chest","StoneCalendar","Tingsha","Dead Branch","White Beast Statue"],"potions_floor_usage":[6,6,20,22,22,22],"damage_taken":[{"damage":3,"enemies":"Jaw Worm","floor":1,"turns":5},{"damage":3,"enemies":"Cultist","floor":3,"turns":4},{"damage":1,"enemies":"2 Louse","floor":5,"turns":3},{"damage":53,"enemies":"Gremlin Nob","floor":6,"turns":6},{"damage":6,"enemies":"2 Fungi Beasts","floor":7,"turns":4},{"damage":21,"enemies":"The Guardian","floor":16,"turns":12},{"damage":13,"enemies":"Spheric Guardian","floor":18,"turns":5},{"damage":13,"enemies":"Chosen","floor":20,"turns":6},{"damage":37,"enemies":"Masked Bandits","floor":22,"turns":5}],"seed_played":"-2877357966326900752","potions_obtained":[{"floor":3,"key":"EssenceOfSteel"},{"floor":7,"key":"Dexterity Potion"},{"floor":16,"key":"GhostInAJar"},{"floor":18,"key":"FearPotion"},{"floor":20,"key":"LiquidBronze"}],"is_trial":false,"path_per_floor":["M","?","M","$","M","E","M","R","T","$","R","?","R","?","R","B",null,"M","?","M","$","?"],"character_chosen":"THE_SILENT","items_purchased":["Regen Potion"],"campfire_rested":3,"item_purchase_floors":[4],"current_hp_per_floor":[60,60,57,57,56,18,12,33,33,33,33,19,40,22,43,22,58,45,45,32,32,0],"gold":209,"neow_bonus":"RANDOM_COMMON_RELIC","is_prod":false,"is_daily":false,"chose_seed":false,"campfire_upgraded":1,"win_rate":0,"timestamp":1543313682,"path_taken":["M","?","M","?","M","E","?","R","T","$","R","?","R","?","R","BOSS","M","?","?","?","?"],"build_version":"2018-11-15","purchased_purges":1,"victory":false,"max_hp_per_floor":[70,70,70,70,70,70,70,70,70,70,70,70,70,70,70,70,70,70,70,70,70,70],"card_choices":[{"not_picked":["PiercingWail","Dagger Throw"],"picked":"Deadly Poison","floor":1},{"not_picked":["Dagger Throw","Backflip"],"picked":"Noxious Fumes","floor":3},{"not_picked":["Bane","Riddle With Holes"],"picked":"Backflip","floor":5},{"not_picked":["Escape Plan","Endless Agony"],"picked":"Blur","floor":6},{"not_picked":["Bane","Sucker Punch"],"picked":"Burst","floor":7},{"not_picked":["Grand Finale","Bullet Time"],"picked":"Malaise","floor":16},{"not_picked":["Slice","Poisoned Stab+1"],"picked":"PiercingWail","floor":18},{"not_picked":["Flying Knee","Setup","Quick Slash+1"],"picked":"SKIP","floor":20}],"player_experience":330254,"relics_obtained":[{"floor":6,"key":"StoneCalendar"},{"floor":9,"key":"Tingsha"}],"event_choices":[{"damage_healed":0,"gold_gain":0,"player_choice":"1 cards matched","damage_taken":0,"max_hp_gain":0,"max_hp_loss":0,"event_name":"Match and Keep!","floor":2,"gold_loss":0,"cards_obtained":["Doppelganger"]},{"damage_healed":0,"gold_gain":0,"player_choice":"Entered Light","damage_taken":14,"max_hp_gain":0,"max_hp_loss":0,"event_name":"Shining Light","floor":12,"gold_loss":0,"cards_upgraded":["Doppelganger","Defend_G"]},{"damage_healed":0,"gold_gain":0,"player_choice":"Success","damage_taken":18,"relics_obtained":["Dead Branch"],"max_hp_gain":0,"max_hp_loss":0,"event_name":"Scrap Ooze","floor":14,"gold_loss":0},{"cards_removed":["Strike_G"],"damage_healed":0,"gold_gain":0,"player_choice":"Card Removal","damage_taken":0,"max_hp_gain":0,"max_hp_loss":0,"event_name":"Wheel of Change","floor":19,"gold_loss":0},{"damage_healed":0,"gold_gain":0,"player_choice":"Fought Bandits","damage_taken":0,"max_hp_gain":0,"max_hp_loss":0,"event_name":"Masked Bandits","floor":22,"gold_loss":0}],"is_beta":false,"boss_relics":[{"not_picked":["Ectoplasm","WristBlade"],"picked":"White Beast Statue"}],"items_purged_floors":[21],"is_endless":false,"potions_floor_spawned":[3,7,16,18,20],"killed_by":"Masked Bandits","ascension_level":9}