{"gold_per_floor":[112,86,101,51,51,79,102,116,116,47,47,74,74,91,91,195,195,213,213,194,294,294],"floor_reached":22,"playtime":744,"items_purged":[],"score":269,"play_id":"838478fd-fb7c-4955-a93d-8a5375a2e4f3","local_time":"20181005202539","is_ascension_mode":true,"campfire_choices":[{"floor":11,"key":"REST"},{"data":"Noxious Fumes","floor":13,"key":"SMITH"},{"floor":15,"key":"REST"}],"neow_cost":"PERCENT_DAMAGE","seed_source_timestamp":6748013114800,"circlet_count":0,"master_deck":["Defend_G","Defend_G","Defend_G","Defend_G","Defend_G","Strike_G","Strike_G","Strike_G","Strike_G","Survivor","Neutralize","Dagger Throw","Dagger Spray","Choke","Deflect","Blur","Noxious Fumes+1","Bouncing Flask","After Image","Regret","Normality","Writhe","Noxious Fumes","Dodge and Roll+1"],"relics":["Ring of the Snake","Turnip","Gambling Chip","Odd Mushroom","Paper Crane","Lantern","Calling Bell","Ancient Tea Set","Toxic Egg 2","Dead Branch"],"potions_floor_usage":[6,12,16,18],"damage_taken":[{"damage":0,"enemies":"Cultist","floor":1,"turns":5},{"damage":0,"enemies":"2 Louse","floor":3,"turns":3},{"damage":34,"enemies":"Lagavulin","floor":6,"turns":11},{"damage":20,"enemies":"The Mushroom Lair","floor":7,"turns":4},{"damage":1,"enemies":"Jaw Worm","floor":8,"turns":3},{"damage":9,"enemies":"Gremlin Nob","floor":12,"turns":3},{"damage":11,"enemies":"Lots of Slimes","floor":14,"turns":3},{"damage":9,"enemies":"Hexaghost","floor":16,"turns":9},{"damage":5,"enemies":"3 Byrds","floor":18,"turns":6},{"damage":35,"enemies":"2 Thieves","floor":20,"turns":4},{"damage":11,"enemies":"Sentry and Sphere","floor":22,"turns":2}],"seed_played":"-6581666717969380589","potions_obtained":[{"floor":3,"key":"SkillPotion"},{"floor":6,"key":"GamblersBrew"},{"floor":8,"key":"Fire Potion"},{"floor":12,"key":"EssenceOfSteel"}],"is_trial":false,"path_per_floor":["M","$","M","?","?","E","?","M","T","$","R","E","R","M","R","B",null,"M","?","M","?"],"character_chosen":"THE_SILENT","items_purchased":["Dagger Spray","Noxious Fumes"],"campfire_rested":2,"item_purchase_floors":[2,10],"current_hp_per_floor":[45,45,45,45,68,34,14,13,13,13,34,25,25,14,35,26,59,54,41,6,6,0],"gold":294,"neow_bonus":"ONE_RARE_RELIC","is_prod":false,"is_daily":false,"chose_seed":false,"campfire_upgraded":1,"win_rate":0,"timestamp":1538796339,"path_taken":["M","?","M","?","?","E","?","?","T","$","R","E","R","M","R","BOSS","M","?","M","?","M"],"build_version":"2018-10-04","purchased_purges":0,"victory":false,"max_hp_per_floor":[70,70,70,70,70,70,70,70,70,70,70,70,70,70,70,70,70,70,75,75,75,75],"card_choices":[{"not_picked":["Outmaneuver","Well Laid Plans"],"picked":"Dagger Throw","floor":1},{"not_picked":["Deadly Poison","Predator","Skewer"],"picked":"SKIP","floor":3},{"not_picked":["Infinite Blades","Masterful Stab"],"picked":"Choke","floor":6},{"not_picked":["Tactician","Dodge and Roll"],"picked":"Deflect","floor":7},{"not_picked":["Slice","Underhanded Strike"],"picked":"Blur","floor":8},{"not_picked":["Dodge and Roll","Distraction","Storm of Steel"],"picked":"SKIP","floor":12},{"not_picked":["Blade Dance","Backflip"],"picked":"Bouncing Flask","floor":14},{"not_picked":["A Thousand Cuts","Die Die Die"],"picked":"After Image","floor":16},{"not_picked":["Backflip+1","Expertise+1"],"picked":"Noxious Fumes","floor":18},{"not_picked":["Cloak And Dagger+1","Expertise+1"],"picked":"Dodge and Roll+1","floor":20}],"player_experience":341090,"relics_obtained":[{"floor":6,"key":"Gambling Chip"},{"floor":7,"key":"Odd Mushroom"},{"floor":9,"key":"Paper Crane"},{"floor":12,"key":"Lantern"},{"floor":17,"key":"Ancient Tea Set"},{"floor":17,"key":"Toxic Egg 2"},{"floor":17,"key":"Dead Branch"}],"event_choices":[{"event_name":"The Cleric","player_choice":"Card Removal","floor":4,"damage_taken":0},{"event_name":"Big Fish","player_choice":"Banana","floor":5,"damage_taken":0},{"event_name":"Mushrooms","player_choice":"Fought Mushrooms","floor":7,"damage_taken":0},{"event_name":"Forgotten Altar","player_choice":"Shed Blood","floor":19,"damage_taken":0},{"event_name":"Golden Shrine","player_choice":"Pray","floor":21,"damage_taken":0}],"is_beta":true,"boss_relics":[{"not_picked":["Pandora\u0027s Box","Runic Dome"],"picked":"Calling Bell"}],"items_purged_floors":[],"is_endless":false,"potions_floor_spawned":[3,6,8,12],"killed_by":"Sentry and Sphere","ascension_level":8}