{"path_per_floor":["M","?","M","M","T","R","?","R","T","M","R","E","$","E","R","B",null,"M","$","?","$","M","E","R","E","T","M","E","R","M","$","R","B",null,"M","?","M","?","?","R","M","R","T","E","R","M","$","E","R","B"],"character_chosen":"THE_SILENT","items_purchased":["Infinite Blades","Cloak And Dagger","Blur","Backflip","Boot","Accuracy","Choke"],"gold_per_floor":[118,118,138,157,211,211,211,211,285,299,299,327,252,278,278,376,376,390,156,156,33,43,77,77,103,103,120,146,146,158,1,1,105,105,125,125,137,137,137,137,156,156,181,207,207,226,77,105,105,105],"floor_reached":51,"campfire_rested":0,"playtime":2429,"item_purchase_floors":[],"current_hp_per_floor":[63,68,67,65,65,65,65,65,65,65,65,57,57,57,57,38,75,66,66,50,50,50,45,45,30,30,42,49,49,45,45,45,41,75,75,75,56,39,30,30,42,42,42,42,42,54,54,58,58,53],"items_purged":["Strike_G","Corpse Explosion+1"],"gold":105,"score":1141,"play_id":"f8e2e2ab-a9ed-4f44-a779-2a37bc05f9a9","local_time":"20180616191527","is_prod":false,"is_daily":false,"chose_seed":false,"is_ascension_mode":true,"campfire_upgraded":11,"win_rate":0,"timestamp":1529201727,"campfire_choices":[{"data":"Footwork","floor":6.0,"key":"SMITH"},{"data":"Neutralize","floor":8.0,"key":"SMITH"},{"data":"Die Die Die","floor":11.0,"key":"SMITH"},{"data":"A Thousand Cuts","floor":15.0,"key":"SMITH"},{"data":"Cloak And Dagger","floor":24.0,"key":"SMITH"},{"data":"Glass Knife","floor":29.0,"key":"SMITH"},{"data":"Malaise","floor":32.0,"key":"SMITH"},{"data":"After Image","floor":40.0,"key":"SMITH"},{"data":"Blur","floor":42,"key":"SMITH"},{"data":"Madness","floor":45,"key":"SMITH"},{"data":"Accuracy","floor":49,"key":"SMITH"}],"path_taken":["M","?","M","M","?","R","?","R","T","M","R","E","$","E","R","BOSS","M","$","?","$","M","E","R","E","T","M","E","R","M","$","R","BOSS","M","?","?","?","?","R","?","R","T","E","R","M","$","E","R","BOSS"],"build_version":"2018-06-11","seed_source_timestamp":0,"purchased_purges":2,"victory":true,"master_deck":["Defend_G","Defend_G","Defend_G","Defend_G","Strike_G+1","Survivor+1","Neutralize+1","Footwork+1","Die Die Die+1","A Thousand Cuts+1","Backflip","Glass Knife+1","Blade Dance+1","Backflip+1","Infinite Blades","Cloak And Dagger+1","Blur+1","Backflip+1","Outmaneuver+1","Blade Dance+1","PiercingWail","Cloak And Dagger+1","Malaise+1","Infinite Blades+1","After Image+1","Madness","Madness+1","Accuracy+1","Choke","Backflip+1"],"max_hp_per_floor":[70,75,75,75,75,75,75,75,75,75,75,75,75,75,75,75,75,75,75,75,75,75,75,75,75,75,75,75,75,75,75,75,75,75,75,75,75,75,75,75,75,75,75,75,75,75,75,75,75,75],"special_seed":0,"relics":["Ring of the Snake","Tiny Chest","Meat on the Bone","Whetstone","Ice Cream","Astrolabe","Enchiridion","Pen Nib","Art of War","Pantograph","War Paint","Boot","Busted Crown","Gambling Chip","Dream Catcher","Bird Faced Urn","Potion Belt"],"card_choices":[{"not_picked":["Dodge and Roll","Well Laid Plans","Bane"],"picked":"SKIP","floor":1.0},{"not_picked":["Terror","Slice"],"picked":"Footwork","floor":3.0},{"not_picked":["Finisher","Expertise","Endless Agony"],"picked":"SKIP","floor":4.0},{"not_picked":["Caltrops","Dodge and Roll"],"picked":"Die Die Die","floor":10.0},{"not_picked":["Acrobatics","Finisher"],"picked":"A Thousand Cuts","floor":12.0},{"not_picked":["Prepared","Caltrops"],"picked":"Backflip","floor":14.0},{"not_picked":["Unload","After Image"],"picked":"Glass Knife","floor":16.0},{"not_picked":["Flechettes","Bane","Dodge and Roll"],"picked":"SKIP","floor":18.0},{"not_picked":["Poisoned Stab+1","Skewer"],"picked":"Outmaneuver+1","floor":22.0},{"not_picked":["Caltrops","Backflip"],"picked":"Blade Dance+1","floor":23.0},{"not_picked":["Wraith Form v2","Slice+1"],"picked":"PiercingWail","floor":25.0},{"not_picked":["Bouncing Flask","Quick Slash"],"picked":"Cloak And Dagger+1","floor":27.0},{"not_picked":["Dagger Spray","Endless Agony+1"],"picked":"Malaise","floor":28.0},{"not_picked":["Dagger Spray","Prepared"],"picked":"Infinite Blades+1","floor":30.0},{"not_picked":["Phantasmal Killer","Tactician"],"picked":"After Image","floor":33.0},{"not_picked":["Catalyst"],"picked":"SKIP","floor":35.0},{"not_picked":["Deadly Poison"],"picked":"SKIP","floor":37.0},{"not_picked":["Deflect+1"],"picked":"SKIP","floor":41},{"not_picked":["Sucker Punch"],"picked":"SKIP","floor":44},{"not_picked":["Bane+1"],"picked":"SKIP","floor":46},{"not_picked":[],"picked":"Backflip+1","floor":48}],"player_experience":138622,"potions_floor_usage":[48,50,50],"damage_taken":[{"damage":7.0,"enemies":"Small Slimes","floor":1.0,"turns":4.0},{"damage":1.0,"enemies":"2 Louse","floor":3.0,"turns":4.0},{"damage":2.0,"enemies":"Jaw Worm","floor":4.0,"turns":5.0},{"damage":0.0,"enemies":"Large Slime","floor":10.0,"turns":6.0},{"damage":8.0,"enemies":"3 Sentries","floor":12.0,"turns":9.0},{"damage":0.0,"enemies":"Lagavulin","floor":14.0,"turns":7.0},{"damage":19.0,"enemies":"The Guardian","floor":16.0,"turns":15.0},{"damage":9.0,"enemies":"Chosen","floor":18.0,"turns":5.0},{"damage":0.0,"enemies":"Shell Parasite","floor":22.0,"turns":5.0},{"damage":5.0,"enemies":"Book of Stabbing","floor":23.0,"turns":5.0},{"damage":27.0,"enemies":"Gremlin Leader","floor":25.0,"turns":5.0},{"damage":0.0,"enemies":"3 Cultists","floor":27.0,"turns":3.0},{"damage":5.0,"enemies":"Book of Stabbing","floor":28.0,"turns":4.0},{"damage":16.0,"enemies":"Snake Plant","floor":30.0,"turns":5.0},{"damage":29.0,"enemies":"Collector","floor":33.0,"turns":6.0},{"damage":0.0,"enemies":"Flame Bruiser 1 Orb","floor":35.0,"turns":5.0},{"damage":23.0,"enemies":"3 Darklings","floor":37.0,"turns":3.0},{"damage":36.0,"floor":38.0,"turns":5.0},{"damage":0,"enemies":"Transient","floor":41,"turns":5},{"damage":0,"enemies":"Nemesis","floor":44,"turns":6},{"damage":0,"enemies":"Maw","floor":46,"turns":6},{"damage":8,"enemies":"2 Orb Walkers","floor":48,"turns":5},{"damage":28,"enemies":"Awakened One","floor":50,"turns":10}],"relics_obtained":[{"floor":5.0,"key":"Tiny Chest"},{"floor":9.0,"key":"Meat on the Bone"},{"floor":12.0,"key":"Whetstone"},{"floor":14.0,"key":"Ice Cream"},{"floor":20.0,"key":"Enchiridion"},{"floor":23.0,"key":"Pen Nib"},{"floor":25.0,"key":"Art of War"},{"floor":26.0,"key":"Pantograph"},{"floor":28.0,"key":"War Paint"},{"floor":38.0,"key":"Gambling Chip"},{"floor":43,"key":"Dream Catcher"},{"floor":44,"key":"Bird Faced Urn"},{"floor":48,"key":"Potion Belt"}],"event_choices":[{"event_name":"Big Fish","player_choice":"Donut","floor":2.0,"damage_taken":0.0},{"event_name":"The Lab","player_choice":"Got Potions","floor":7.0,"damage_taken":0.0},{"event_name":"Cursed Tome","player_choice":"Obtained Book","floor":20.0,"damage_taken":0.0},{"event_name":"Falling","player_choice":"Removed Attack","floor":36.0,"damage_taken":0.0},{"event_name":"MindBloom","player_choice":"Fight","floor":38.0,"damage_taken":0.0},{"event_name":"Winding Halls","player_choice":"Embrace Madness","floor":39.0,"damage_taken":0.0}],"boss_relics":[{"not_picked":["White Beast Statue","Runic Pyramid"],"picked":"Astrolabe"},{"not_picked":["Tiny House","Snecko Eye"],"picked":"Busted Crown"}],"items_purged_floors":[],"potions_floor_spawned":[4,10,12,14,16,18,25,28,30,35,37,41,44],"seed_played":"5117365589657318752","ascension_level":2,"potions_obtained":[{"floor":4.0,"key":"Block Potion"},{"floor":7.0,"key":"SpeedPotion"},{"floor":7.0,"key":"Block Potion"},{"floor":7.0,"key":"SkillPotion"},{"floor":12.0,"key":"Fire Potion"},{"floor":14.0,"key":"Ancient Potion"},{"floor":18.0,"key":"Energy Potion"},{"floor":25.0,"key":"SteroidPotion"},{"floor":28.0,"key":"Dexterity Potion"},{"floor":30.0,"key":"Poison Potion"},{"floor":35.0,"key":"Regen Potion"},{"floor":37.0,"key":"LiquidBronze"},{"floor":41,"key":"AttackPotion"},{"floor":44,"key":"Dexterity Potion"}],"is_trial":false}