{"path_per_floor":["M","M","?","M","M","E","R","M","T","$","$","M","?","M","R"],"character_chosen":"THE_SILENT","items_purchased":["Backflip"],"gold_per_floor":[114,133,133,146,158,186,186,197,224,224,176,191,291,301,301],"floor_reached":16,"campfire_rested":2,"playtime":1415,"current_hp_per_floor":[69,68,68,66,33,1,22,5,5,5,5,3,3,16,37],"items_purged":[],"gold":301,"play_id":"60a1add0-0a72-4ad2-8699-6bfe0ff26ee3","is_prod":false,"is_daily":false,"campfire_rituals":0,"campfire_upgraded":0,"is_hardmode":false,"path_taken":["M","M","?","M","?","E","R","M","T","?","$","M","?","M","R","BOSS"],"build_version":"2018-01-18-PROD3","purchased_purges":0,"victory":false,"master_deck":["Defend_G","Defend_G","Defend_G","Defend_G","Defend_G","Strike_G","Strike_G","Strike_G","Strike_G","Strike_G","Neutralize","Dagger Spray","Caltrops","Terror","Crippling Poison","Backflip","Adrenaline","Footwork","Backflip","Escape Plan","Deflect"],"max_hp_per_floor":[70,70,70,70,70,70,70,70,70,70,70,70,70,70,70],"relics":["Ring of the Snake","Bottled Tornado","Frozen Egg"],"campfire_meditates":0,"card_choices":[{"not_picked":["Distraction","PiercingWail"],"picked":"Dagger Spray"},{"not_picked":["Backflip","Skewer"],"picked":"Caltrops"},{"not_picked":["Slice","Dagger Throw"],"picked":"Crippling Poison"},{"not_picked":["Poisoned Stab","Burst"],"picked":"Backflip"},{"not_picked":["Quick Slash","Deadly Poison"],"picked":"Adrenaline"},{"not_picked":["Endless Agony","Skewer"],"picked":"Footwork"},{"not_picked":["Quick Slash","PiercingWail"],"picked":"Escape Plan"},{"not_picked":["Dagger Throw","Dagger Spray"],"picked":"Deflect"}],"player_experience":8803,"potions_floor_usage":[6,14,14,16],"damage_taken":[{"damage":1,"enemies":"Cultist","floor":1,"turns":5},{"damage":1,"enemies":"Jaw Worm","floor":2,"turns":5},{"damage":2,"enemies":"Blue Slaver","floor":4,"turns":5},{"damage":33,"enemies":"Large Slime","floor":5,"turns":9},{"damage":32,"enemies":"Gremlin Nob","floor":6,"turns":5},{"damage":17,"enemies":"Exordium Thugs","floor":8,"turns":5},{"damage":2,"enemies":"2 Fungi Beasts","floor":12,"turns":3},{"damage":2,"enemies":"Exordium Wildlife","floor":14,"turns":5},{"damage":37,"enemies":"Slime Boss","floor":16,"turns":11}],"event_choices":[{"event_name":"Living Wall","player_choice":"Change","floor":3,"damage_taken":0},{"event_name":"Wheel of Change","player_choice":"Gold","floor":13,"damage_taken":0}],"boss_relics":[],"potions_floor_spawned":[2,8,12,14],"seed_played":"-8872662657082371670","killed_by":"Slime Boss","is_trial":false}