{"gold_per_floor":[12,30,45,55,55,55,84,107,119,157,169,207,219,246,258,270],"floor_reached":16,"playtime":572,"items_purged":[],"score":201,"play_id":"8ab42d59-4cc5-4c74-be64-93aebe60ef59","local_time":"20181204184538","is_ascension_mode":true,"campfire_choices":[{"data":"Armaments","floor":6.0,"key":"SMITH"},{"floor":11.0,"key":"REST"},{"floor":13.0,"key":"RECALL"},{"data":"Perfected Strike","floor":15.0,"key":"SMITH"}],"neow_cost":"NO_GOLD","seed_source_timestamp":0,"circlet_count":0,"master_deck":["AscendersBane","Strike_R","Strike_R+1","Strike_R","Strike_R","Strike_R+1","Defend_R","Defend_R","Defend_R","Defend_R","Bash","Immolate","Armaments+1","Twin Strike","Flex","Rage","Iron Wave","Feed","Metallicize","Perfected Strike+1"],"special_seed":0,"relics":["Burning Blood","MawBank","Mummified Hand","Darkstone Periapt"],"potions_floor_usage":[16],"damage_taken":[{"damage":1.0,"enemies":"Cultist","floor":1.0,"turns":4.0},{"damage":15.0,"enemies":"Jaw Worm","floor":2.0,"turns":4.0},{"damage":10.0,"enemies":"Small Slimes","floor":3.0,"turns":3.0},{"damage":23.0,"enemies":"Exordium Wildlife","floor":4.0,"turns":6.0},{"damage":23.0,"enemies":"Gremlin Nob","floor":7.0,"turns":4.0},{"damage":4.0,"enemies":"2 Fungi Beasts","floor":8.0,"turns":3.0},{"damage":14.0,"enemies":"3 Sentries","floor":10.0,"turns":7.0},{"damage":20.0,"enemies":"Gremlin Nob","floor":12.0,"turns":5.0},{"damage":0.0,"enemies":"3 Louse","floor":14.0,"turns":1.0},{"damage":23,"enemies":"The Guardian","floor":16,"turns":9}],"seed_played":"5245912604092883042","potions_obtained":[{"floor":2.0,"key":"Dexterity Potion"},{"floor":10.0,"key":"EssenceOfSteel"},{"floor":12.0,"key":"Poison Potion"}],"is_trial":false,"path_per_floor":["M","M","M","M","?","R","E","M","T","E","R","E","R","M","R","B"],"character_chosen":"IRONCLAD","items_purchased":[],"campfire_rested":1,"item_purchase_floors":[],"current_hp_per_floor":[77,68,64,47,31,31,14,16,16,8,32,18,18,24,24,1],"gold":270,"neow_bonus":"THREE_RARE_CARDS","is_prod":false,"is_daily":false,"chose_seed":false,"campfire_upgraded":2,"win_rate":0,"timestamp":1543977938,"path_taken":["M","M","?","M","?","R","E","M","T","E","R","E","R","M","R","BOSS"],"build_version":"2018-12-4","purchased_purges":0,"victory":false,"max_hp_per_floor":[80,80,80,80,80,80,80,80,80,80,80,80,80,80,80,80],"card_choices":[{"not_picked":["Dark Embrace","Double Tap"],"picked":"Immolate","floor":0.0},{"not_picked":["Searing Blow","Evolve"],"picked":"Armaments","floor":1.0},{"not_picked":["Rupture","Clash"],"picked":"Twin Strike","floor":2.0},{"not_picked":["Clash","Sword Boomerang"],"picked":"Flex","floor":3.0},{"not_picked":["Warcry","Havoc","Sword Boomerang"],"picked":"SKIP","floor":4.0},{"not_picked":["Anger","Flex"],"picked":"Rage","floor":7.0},{"not_picked":["Clothesline","Second Wind"],"picked":"Iron Wave","floor":8.0},{"not_picked":["Burning Pact","Sword Boomerang"],"picked":"Feed","floor":10.0},{"not_picked":["Corruption","Armaments"],"picked":"Metallicize","floor":12.0},{"not_picked":["Bloodletting","Twin Strike"],"picked":"Perfected Strike","floor":14.0}],"player_experience":440846,"relics_obtained":[{"floor":7.0,"key":"MawBank"},{"floor":10.0,"key":"Mummified Hand"},{"floor":12.0,"key":"Darkstone Periapt"}],"event_choices":[{"damage_healed":0.0,"max_hp_gain":0.0,"max_hp_loss":0.0,"gold_gain":0.0,"event_name":"Shining Light","player_choice":"Entered Light","floor":5.0,"gold_loss":0.0,"damage_taken":16.0,"cards_upgraded":["Strike_R","Strike_R"]}],"is_beta":true,"boss_relics":[],"items_purged_floors":[],"is_endless":false,"potions_floor_spawned":[2,10,12],"killed_by":"The Guardian","ascension_level":13}