{"gold_per_floor":[211,231,231,231,19,19,34,34,34,51,85,85,116,127,127,199,199,210,210,3,3,3,3,23,40,87,99,112,112,112,112,112,189,189,200,42,54,28,28],"floor_reached":39,"playtime":1623,"items_purged":[],"score":749,"play_id":"274a32d4-12df-4545-b75f-cd3b97a1ed47","local_time":"20190502174329","is_ascension_mode":true,"campfire_choices":[{"data":"Zap","floor":6,"key":"SMITH"},{"data":"Defragment","floor":8,"key":"SMITH"},{"data":"Dualcast","floor":12,"key":"SMITH"},{"data":"Echo Form","floor":15,"key":"SMITH"},{"data":"Defragment","floor":23,"key":"SMITH"},{"data":"Defragment","floor":29,"key":"SMITH"},{"data":"Echo Form","floor":32,"key":"SMITH"}],"neow_cost":"NONE","seed_source_timestamp":479258588732493,"circlet_count":0,"master_deck":["AscendersBane","Strike_B","Strike_B","Strike_B","Defend_B","Defend_B","Defend_B","Defend_B","Zap+1","Dualcast+1","Undo","Chill","Defragment+1","Glacier","Echo Form+1","Echo Form+1","Defragment+1","Defragment+1","Loop","Chill","Capacitor+1","Seek","Apotheosis","Chill"],"relics":["Cracked Core","Membership Card","Darkstone Periapt","Mercury Hourglass","Singing Bowl","Black Star","Lee\u0027s Waffle","Strawberry","Enchiridion","Pen Nib","Shuriken","Runic Pyramid","DataDisk"],"potions_floor_usage":[11,14,16,33,39],"damage_taken":[{"damage":7,"enemies":"Jaw Worm","floor":1,"turns":4},{"damage":1,"enemies":"Cultist","floor":2,"turns":3},{"damage":0,"enemies":"Small Slimes","floor":7,"turns":3},{"damage":1,"enemies":"Exordium Wildlife","floor":10,"turns":6},{"damage":5,"enemies":"Lagavulin","floor":11,"turns":6},{"damage":20,"enemies":"Gremlin Nob","floor":13,"turns":4},{"damage":0,"enemies":"Looter","floor":14,"turns":3},{"damage":30,"enemies":"Hexaghost","floor":16,"turns":11},{"damage":10,"enemies":"Spheric Guardian","floor":18,"turns":4},{"damage":40,"enemies":"Colosseum Slavers","floor":19,"turns":5},{"damage":0,"enemies":"Chosen","floor":24,"turns":6},{"damage":0,"enemies":"Snake Plant","floor":25,"turns":4},{"damage":0,"enemies":"Chosen and Byrds","floor":27,"turns":6},{"damage":7,"enemies":"Snecko","floor":28,"turns":7},{"damage":0,"enemies":"Collector","floor":33,"turns":8},{"damage":12,"enemies":"3 Shapes","floor":35,"turns":6},{"damage":30,"enemies":"3 Darklings","floor":37,"turns":7},{"damage":52,"enemies":"Transient","floor":39,"turns":3}],"seed_played":"-8595672592279068851","potions_obtained":[{"floor":1,"key":"Block Potion"},{"floor":7,"key":"SpeedPotion"},{"floor":11,"key":"Fruit Juice"},{"floor":13,"key":"Strength Potion"},{"floor":27,"key":"Swift Potion"},{"floor":28,"key":"FearPotion"},{"floor":33,"key":"SneckoOil"}],"is_trial":false,"path_per_floor":["M","M","$","?","$","R","M","R","T","M","E","R","E","M","R","B",null,"M","?","$","?","?","R","M","M","T","M","M","R","T","?","R","B",null,"M","$","M","$","M"],"character_chosen":"DEFECT","items_purchased":["Membership Card","Chill","Defragment","Lee\u0027s Waffle","Strawberry","DataDisk","Apotheosis","Dexterity Potion"],"campfire_rested":0,"item_purchase_floors":[5,5,20,20,20,36,36,38],"current_hp_per_floor":[61,60,60,60,60,60,60,60,60,59,59,59,39,41,41,11,64,54,14,96,80,80,80,80,82,82,82,75,75,75,66,66,66,90,80,80,50,50,0],"gold":28,"neow_bonus":"HUNDRED_GOLD","is_prod":false,"is_daily":false,"chose_seed":false,"campfire_upgraded":7,"win_rate":0,"timestamp":1556790209,"path_taken":["M","M","$","?","$","R","M","R","T","?","E","R","E","M","R","BOSS","M","?","$","?","?","R","M","?","T","M","M","R","?","?","R","BOSS","M","?","M","$","M"],"build_version":"2019-01-23","purchased_purges":0,"victory":false,"max_hp_per_floor":[75,75,75,75,75,75,75,75,75,75,80,80,80,82,82,82,82,82,82,96,96,96,96,96,98,98,98,98,98,98,98,98,98,98,100,100,100,100,100],"card_choices":[{"not_picked":["Go for the Eyes","Redo"],"picked":"Undo","floor":1},{"not_picked":["Gash","Steam","Amplify"],"picked":"SKIP","floor":2},{"not_picked":["Sweeping Beam","Go for the Eyes"],"picked":"Defragment","floor":7},{"not_picked":["Turbo","Barrage"],"picked":"Glacier","floor":10},{"not_picked":["Stack","Beam Cell","Turbo"],"picked":"SKIP","floor":11},{"not_picked":["Steam","Gash"],"picked":"Echo Form","floor":13},{"not_picked":["Ball Lightning","Consume","Barrage"],"picked":"Singing Bowl","floor":14},{"not_picked":["Hyperbeam","Meteor Strike"],"picked":"Echo Form","floor":16},{"not_picked":["Barrage","Rebound"],"picked":"Defragment","floor":18},{"not_picked":["Tempest","Recycle"],"picked":"Loop","floor":24},{"not_picked":["Rebound","Ball Lightning","Turbo"],"picked":"Singing Bowl","floor":25},{"not_picked":["Beam Cell","Rebound"],"picked":"Chill","floor":27},{"not_picked":["Scrape","Redo+1"],"picked":"Capacitor+1","floor":28},{"not_picked":["Rainbow","Meteor Strike"],"picked":"Seek","floor":33},{"not_picked":["Fusion","Leap","Barrage"],"picked":"Singing Bowl","floor":35},{"not_picked":["Reinforced Body+1","BootSequence"],"picked":"Chill","floor":37}],"player_experience":467166,"relics_obtained":[{"floor":9,"key":"Darkstone Periapt"},{"floor":11,"key":"Mercury Hourglass"},{"floor":13,"key":"Singing Bowl"},{"floor":21,"key":"Enchiridion"},{"floor":26,"key":"Pen Nib"},{"floor":30,"key":"Shuriken"}],"event_choices":[{"cards_removed":["Strike_B"],"damage_healed":0,"gold_gain":0,"player_choice":"Offered Basic","damage_taken":0,"max_hp_gain":0,"max_hp_loss":0,"event_name":"Bonfire Elementals","floor":4,"gold_loss":0},{"damage_healed":0,"gold_gain":0,"player_choice":"Fight","damage_taken":0,"max_hp_gain":0,"max_hp_loss":0,"event_name":"Colosseum","floor":19,"gold_loss":0},{"damage_healed":0,"gold_gain":0,"player_choice":"Fled From Nobs","damage_taken":0,"max_hp_gain":0,"max_hp_loss":0,"event_name":"Colosseum","floor":19,"gold_loss":0},{"damage_healed":0,"gold_gain":0,"player_choice":"Obtained Book","damage_taken":16,"max_hp_gain":0,"max_hp_loss":0,"event_name":"Cursed Tome","floor":21,"gold_loss":0},{"damage_healed":0,"gold_gain":0,"player_choice":"Ignored","damage_taken":0,"max_hp_gain":0,"max_hp_loss":0,"event_name":"The Mausoleum","floor":22,"gold_loss":0},{"damage_healed":0,"gold_gain":0,"player_choice":"","damage_taken":9,"max_hp_gain":0,"max_hp_loss":0,"event_name":"Knowing Skull","floor":31,"potions_obtained":[],"gold_loss":0,"cards_obtained":[]}],"is_beta":false,"boss_relics":[{"not_picked":["White Beast Statue","Velvet Choker"],"picked":"Black Star"},{"not_picked":["Inserter","Orrery"],"picked":"Runic Pyramid"}],"items_purged_floors":[],"is_endless":false,"potions_floor_spawned":[1,7,11,13,27,28,33],"killed_by":"Transient","ascension_level":13}