{"gold_per_floor":[10,10,10,20,34,34,59,59,107,121,131,131,131,145,145,145],"floor_reached":16,"playtime":432,"items_purged":[],"score":199,"play_id":"04d5a6fa-b3a3-41a8-8a90-b5bdbb79a491","local_time":"20181019191208","is_ascension_mode":true,"campfire_choices":[{"floor":6,"key":"DIG"},{"floor":8,"key":"REST"},{"floor":12,"key":"DIG"},{"floor":15,"key":"REST"}],"neow_cost":"NO_GOLD","seed_source_timestamp":774132790166362,"circlet_count":0,"master_deck":["Strike_R","Strike_R","Strike_R+1","Strike_R","Strike_R","Defend_R","Defend_R","Defend_R","Bash+1","AscendersBane","Body Slam+1","Battle Trance","Rampage","Shrug It Off","Uppercut","Pommel Strike","Injury","Shrug It Off"],"relics":["Burning Blood","Shovel","Whetstone","Gremlin Horn","Potion Belt","Red Skull","Golden Idol"],"potions_floor_usage":[16],"damage_taken":[{"damage":12,"enemies":"Small Slimes","floor":1,"turns":6},{"damage":9,"enemies":"Jaw Worm","floor":4,"turns":4},{"damage":6,"enemies":"Cultist","floor":5,"turns":3},{"damage":45,"enemies":"3 Sentries","floor":7,"turns":8},{"damage":0,"enemies":"2 Fungi Beasts","floor":10,"turns":4},{"damage":7,"enemies":"Exordium Wildlife","floor":11,"turns":3},{"damage":20,"enemies":"Exordium Thugs","floor":14,"turns":4},{"damage":48,"enemies":"Slime Boss","floor":16,"turns":5}],"seed_played":"-3420972927047172559","potions_obtained":[{"floor":1,"key":"GamblersBrew"}],"is_trial":false,"path_per_floor":["M","?","?","M","M","R","E","R","T","M","M","R","?","M","R"],"character_chosen":"IRONCLAD","items_purchased":[],"campfire_rested":2,"item_purchase_floors":[],"current_hp_per_floor":[62,55,55,52,52,52,13,35,35,41,40,40,40,26,48,0],"gold":145,"neow_bonus":"ONE_RARE_RELIC","is_prod":false,"is_daily":false,"chose_seed":false,"campfire_upgraded":0,"win_rate":0,"timestamp":1539969128,"path_taken":["M","?","?","M","M","R","E","R","T","M","?","R","?","M","R","BOSS"],"build_version":"2018-10-18","purchased_purges":0,"victory":false,"max_hp_per_floor":[75,75,75,75,75,75,75,75,75,75,75,75,75,75,75,75],"card_choices":[{"not_picked":["Rupture","Heavy Blade"],"picked":"Body Slam","floor":1},{"not_picked":["Clash","Warcry"],"picked":"Battle Trance","floor":4},{"not_picked":["Flex","Battle Trance"],"picked":"Rampage","floor":5},{"not_picked":["Blood for Blood","Reckless Charge"],"picked":"Shrug It Off","floor":7},{"not_picked":["Dual Wield","Twin Strike"],"picked":"Uppercut","floor":10},{"not_picked":["Iron Wave","Berserk"],"picked":"Pommel Strike","floor":11},{"not_picked":["Power Through","Warcry"],"picked":"Shrug It Off","floor":14}],"player_experience":842867,"relics_obtained":[{"floor":6,"key":"Whetstone"},{"floor":7,"key":"Gremlin Horn"},{"floor":9,"key":"Potion Belt"},{"floor":12,"key":"Red Skull"}],"event_choices":[{"cards_removed":["Defend_R"],"damage_healed":0,"gold_gain":0,"player_choice":"Card Removal","damage_taken":7,"max_hp_gain":0,"max_hp_loss":0,"event_name":"Golden Wing","floor":2,"gold_loss":0},{"damage_healed":0,"gold_gain":0,"player_choice":"Grow","damage_taken":0,"max_hp_gain":0,"max_hp_loss":0,"event_name":"Living Wall","floor":3,"gold_loss":0,"cards_upgraded":["Bash"]},{"damage_healed":0,"gold_gain":0,"player_choice":"Take Wound","damage_taken":0,"relics_obtained":["Golden Idol"],"max_hp_gain":0,"max_hp_loss":0,"event_name":"Golden Idol","floor":13,"gold_loss":0,"cards_obtained":["Injury"]}],"is_beta":true,"boss_relics":[],"items_purged_floors":[],"is_endless":false,"potions_floor_spawned":[1],"killed_by":"Slime Boss","ascension_level":19}