{"gold_per_floor":[214,226,226,226,246,246,256,256,256,256,274,288,288,309,309,404,404,417,417,467,467,467],"floor_reached":22,"playtime":824,"items_purged":[],"score":368,"play_id":"b6a3b9e8-542f-4868-92cd-fa956081ee0d","local_time":"20181016213036","is_ascension_mode":true,"campfire_choices":[{"data":"Bash","floor":6.0,"key":"SMITH"},{"floor":8.0,"key":"REST"},{"data":"Shrug It Off","floor":10.0,"key":"SMITH"},{"data":"True Grit","floor":15.0,"key":"SMITH"}],"neow_cost":"NONE","seed_source_timestamp":0,"circlet_count":0,"master_deck":["Defend_R","Defend_R","Defend_R","Defend_R+1","Bash+1","AscendersBane","Warcry+1","Shrug It Off+1","Seeing Red","Injury","True Grit+1","Immolate","Writhe","Bite","Bite","Bite","Bite","Bite"],"special_seed":0,"relics":["Burning Blood","Ice Cream","Calipers","Golden Idol","Philosopher\u0027s Stone","Toxic Egg 2"],"potions_floor_usage":[16,16,22,22],"damage_taken":[{"damage":7.0,"enemies":"Jaw Worm","floor":1.0,"turns":5.0},{"damage":7.0,"enemies":"2 Louse","floor":2.0,"turns":3.0},{"damage":1.0,"enemies":"Small Slimes","floor":5.0,"turns":5.0},{"damage":9.0,"enemies":"Looter","floor":7.0,"turns":3.0},{"damage":6.0,"enemies":"2 Fungi Beasts","floor":11.0,"turns":5.0},{"damage":5.0,"enemies":"Blue Slaver","floor":12.0,"turns":5.0},{"damage":16.0,"enemies":"Red Slaver","floor":14.0,"turns":6.0},{"damage":22,"enemies":"The Guardian","floor":16,"turns":18},{"damage":30,"enemies":"Shell Parasite","floor":18,"turns":6},{"damage":66,"enemies":"3 Byrds","floor":22,"turns":4}],"seed_played":"1297381508936271949","potions_obtained":[{"floor":2.0,"key":"SkillPotion"},{"floor":12.0,"key":"Dexterity Potion"},{"floor":16,"key":"SkillPotion"},{"floor":18,"key":"Regen Potion"}],"is_trial":false,"path_per_floor":["M","M","?","?","M","R","M","R","T","R","M","M","?","M","R","B",null,"M","?","?","?"],"character_chosen":"IRONCLAD","items_purchased":[],"campfire_rested":1,"item_purchase_floors":[],"current_hp_per_floor":[67,66,43,32,37,37,34,56,56,56,56,57,57,47,47,31,64,40,40,40,40,0],"gold":467,"neow_bonus":"HUNDRED_GOLD","is_prod":false,"is_daily":false,"chose_seed":false,"campfire_upgraded":3,"win_rate":0,"timestamp":1539718236,"path_taken":["M","M","?","?","M","R","M","R","T","R","M","M","?","?","R","BOSS","M","?","?","?","M"],"build_version":"2018-10-15v2","purchased_purges":0,"victory":false,"max_hp_per_floor":[75,75,75,75,75,75,75,75,75,75,75,75,75,75,75,75,75,75,75,75,52,52],"card_choices":[{"not_picked":["Thunderclap","Second Wind","Headbutt"],"picked":"SKIP","floor":1.0},{"not_picked":["Combust","Entrench"],"picked":"Warcry","floor":2.0},{"not_picked":["Clash","Headbutt"],"picked":"Shrug It Off","floor":5.0},{"not_picked":["Second Wind","Flex","Bloodletting"],"picked":"SKIP","floor":7.0},{"not_picked":["Fire Breathing","Berserk","Cleave"],"picked":"SKIP","floor":11.0},{"not_picked":["Combust","Flex"],"picked":"Seeing Red","floor":12.0},{"not_picked":["Clothesline","Cleave"],"picked":"True Grit","floor":14.0},{"not_picked":["Berserk","Bludgeon"],"picked":"Immolate","floor":16},{"not_picked":["Second Wind","Rage","Clash"],"picked":"SKIP","floor":18}],"player_experience":835299,"relics_obtained":[{"floor":9.0,"key":"Calipers"}],"event_choices":[{"event_name":"Shining Light","player_choice":"Entered Light","floor":3.0,"damage_taken":0.0},{"event_name":"Scrap Ooze","player_choice":"success","floor":4.0,"damage_taken":11.0},{"event_name":"Golden Idol","player_choice":"Take Wound","floor":13.0,"damage_taken":0.0},{"event_name":"The Mausoleum","player_choice":"Yes","floor":19,"damage_taken":0},{"event_name":"Nest","player_choice":"Stole From Cult","floor":20,"damage_taken":0},{"event_name":"Vampires","player_choice":"Became a vampire","floor":21,"damage_taken":0}],"is_beta":true,"boss_relics":[{"not_picked":["Black Star","Runic Dome"],"picked":"Philosopher\u0027s Stone"}],"items_purged_floors":[],"is_endless":false,"potions_floor_spawned":[2,12,14,16,18],"killed_by":"3 Byrds","ascension_level":19}