{"gold_per_floor":[114,130,130,130,144,144,175,175,175,210,210],"floor_reached":11,"playtime":360,"items_purged":[],"score":162,"play_id":"7070e99b-9939-4cd8-a5fe-bab1aa632eb9","local_time":"20190404223223","is_ascension_mode":true,"campfire_choices":[{"floor":6,"key":"REST"},{"data":"Injury","floor":8,"key":"PURGE"}],"neow_cost":"CURSE","seed_source_timestamp":1286331220758400,"circlet_count":0,"master_deck":["AscendersBane","Strike_R","Strike_R","Strike_R","Strike_R","Strike_R","Defend_R","Defend_R","Defend_R","Defend_R","Bash+1","Clumsy","Shrug It Off"],"relics":["Burning Blood","Turnip","Golden Idol","Peace Pipe","Pear","FossilizedHelix"],"potions_floor_usage":[7,10,10],"damage_taken":[{"damage":9,"enemies":"2 Louse","floor":1,"turns":3},{"damage":24,"enemies":"Small Slimes","floor":2,"turns":4},{"damage":9,"enemies":"Jaw Worm","floor":5,"turns":4},{"damage":35,"enemies":"Lagavulin","floor":7,"turns":6},{"damage":32,"enemies":"Gremlin Nob","floor":10,"turns":4},{"damage":19,"enemies":"Exordium Wildlife","floor":11,"turns":4}],"seed_played":"-995766627351837200","potions_obtained":[{"floor":1,"key":"AttackPotion"},{"floor":2,"key":"EssenceOfSteel"},{"floor":7,"key":"SkillPotion"},{"floor":10,"key":"Strength Potion"}],"is_trial":false,"path_per_floor":["M","M","?","?","M","R","E","R","T","E","M"],"character_chosen":"IRONCLAD","items_purchased":[],"campfire_rested":1,"item_purchase_floors":[],"current_hp_per_floor":[65,47,47,47,44,66,37,37,47,21,2],"gold":210,"neow_bonus":"ONE_RARE_RELIC","is_prod":false,"is_daily":false,"chose_seed":false,"campfire_upgraded":0,"win_rate":0,"timestamp":1554409943,"path_taken":["M","M","?","?","M","R","E","R","T","E","M"],"build_version":"2019-03-15","purchased_purges":0,"victory":false,"max_hp_per_floor":[75,75,75,75,75,75,75,75,85,85,85],"card_choices":[{"not_picked":["Hemokinesis","Iron Wave","Clothesline"],"picked":"SKIP","floor":1},{"not_picked":["Cleave","Dual Wield","Metallicize"],"picked":"SKIP","floor":2},{"not_picked":["Infernal Blade","Pommel Strike","Sentinel"],"picked":"SKIP","floor":5},{"not_picked":["Second Wind","Pommel Strike"],"picked":"Shrug It Off","floor":7},{"not_picked":["Sever Soul","True Grit","Clash"],"picked":"SKIP","floor":10}],"player_experience":1329849,"relics_obtained":[{"floor":7,"key":"Peace Pipe"},{"floor":9,"key":"Pear"},{"floor":10,"key":"FossilizedHelix"}],"event_choices":[{"damage_healed":0,"gold_gain":0,"player_choice":"Grow","damage_taken":0,"max_hp_gain":0,"max_hp_loss":0,"event_name":"Living Wall","floor":3,"gold_loss":0,"cards_upgraded":["Bash"]},{"damage_healed":0,"gold_gain":0,"player_choice":"Take Wound","damage_taken":0,"relics_obtained":["Golden Idol"],"max_hp_gain":0,"max_hp_loss":0,"event_name":"Golden Idol","floor":4,"gold_loss":0,"cards_obtained":["Injury"]}],"is_beta":true,"boss_relics":[],"items_purged_floors":[],"is_endless":false,"potions_floor_spawned":[1,2,7,10],"killed_by":"Exordium Wildlife","ascension_level":20}