{"gold_per_floor":[116,132,183,108,383,383,399,399,423,423,149,149,166,192,192,271,321,335,353,382,382,394,394,408,408,434,16,36,36,54,54,54,54],"floor_reached":33,"playtime":1403,"items_purged":["Defend_G"],"score":470,"play_id":"faafe420-10bf-4524-b36f-168099680864","local_time":"20190114233349","is_ascension_mode":true,"campfire_choices":[{"data":"Blade Dance","floor":6,"key":"SMITH"},{"data":"Neutralize","floor":10,"key":"SMITH"},{"floor":12,"key":"REST"},{"data":"Accuracy","floor":15,"key":"SMITH"},{"floor":23,"key":"REST"},{"floor":25,"key":"REST"},{"floor":32,"key":"REST"}],"neow_cost":"CURSE","seed_source_timestamp":443901656230900,"circlet_count":0,"master_deck":["AscendersBane","Defend_G","Defend_G","Defend_G","Defend_G","Strike_G","Strike_G+1","Strike_G","Strike_G+1","Strike_G+1","Survivor","Neutralize+1","After Image","Accuracy+1","Blade Dance+1","Backflip","Well Laid Plans","Finisher","Adrenaline","Backstab","Backflip","Infinite Blades","Blade Dance"],"relics":["Ring of the Snake","Oddly Smooth Stone","Whetstone","Potion Belt","Odd Mushroom","Red Mask","Nloth\u0027s Gift","PreservedInsect","Gremlin Horn","MutagenicStrength","Bottled Flame"],"potions_floor_usage":[16,16,20,27,30,33,33],"damage_taken":[{"damage":17,"enemies":"Cultist","floor":1,"turns":5},{"damage":5,"enemies":"Small Slimes","floor":2,"turns":6},{"damage":9,"enemies":"2 Louse","floor":7,"turns":3},{"damage":0,"enemies":"Red Slaver","floor":13,"turns":5},{"damage":8,"enemies":"The Mushroom Lair","floor":14,"turns":5},{"damage":4,"enemies":"Hexaghost","floor":16,"turns":9},{"damage":2,"enemies":"Chosen","floor":18,"turns":5},{"damage":21,"enemies":"3 Byrds","floor":19,"turns":6},{"damage":0,"enemies":"Masked Bandits","floor":20,"turns":2},{"damage":15,"enemies":"Snake Plant","floor":22,"turns":7},{"damage":36,"enemies":"Chosen and Byrds","floor":24,"turns":8},{"damage":16,"enemies":"Centurion and Healer","floor":28,"turns":5},{"damage":21,"enemies":"Snake Plant","floor":30,"turns":3},{"damage":29,"enemies":"Champ","floor":33,"turns":13}],"seed_played":"-7773122163688981667","potions_obtained":[{"floor":1,"key":"SpeedPotion"},{"floor":2,"key":"LiquidBronze"},{"floor":14,"key":"Regen Potion"},{"floor":17,"key":"SteroidPotion"},{"floor":19,"key":"Poison Potion"},{"floor":24,"key":"Ancient Potion"},{"floor":28,"key":"Poison Potion"}],"is_trial":false,"path_per_floor":["M","M","T","?","?","R","M","?","T","R","$","R","M","?","R","B",null,"M","M","?","?","M","R","M","R","T","$","M","?","M","T","R","B"],"character_chosen":"THE_SILENT","items_purchased":["Well Laid Plans","Potion Belt","Blade Dance","Gremlin Horn","Fruit Juice"],"campfire_rested":4,"item_purchase_floors":[11,11,27,27,27],"current_hp_per_floor":[42,37,37,37,37,37,28,28,28,28,28,47,47,39,39,50,67,65,44,44,44,29,50,14,35,35,40,24,24,3,3,25,0],"gold":54,"neow_bonus":"THREE_RARE_CARDS","is_prod":false,"is_daily":false,"chose_seed":false,"campfire_upgraded":3,"win_rate":0,"timestamp":1547505229,"path_taken":["M","M","?","?","?","R","?","?","T","R","$","R","M","?","R","BOSS","M","M","?","?","M","R","?","R","T","$","M","?","M","?","R","BOSS"],"build_version":"2019-01-10","purchased_purges":1,"victory":false,"max_hp_per_floor":[66,66,66,66,66,66,66,66,66,66,66,66,66,66,66,66,71,71,71,71,71,71,71,71,71,71,76,76,76,76,76,76,76],"card_choices":[{"not_picked":["Adrenaline","Glass Knife"],"picked":"After Image","floor":0},{"not_picked":["Slice","Accuracy","Outmaneuver"],"picked":"SKIP","floor":1},{"not_picked":["Slice","Outmaneuver"],"picked":"Accuracy","floor":1},{"not_picked":["Underhanded Strike","Dodge and Roll"],"picked":"Blade Dance","floor":2},{"not_picked":["Poisoned Stab","Outmaneuver"],"picked":"Backflip","floor":7},{"not_picked":["Endless Agony","Bullet Time"],"picked":"Finisher","floor":13},{"not_picked":["Malaise","Storm of Steel"],"picked":"Adrenaline","floor":16},{"not_picked":["Setup","Slice"],"picked":"Backstab","floor":17},{"not_picked":["Distraction","Prepared"],"picked":"Backflip","floor":18},{"not_picked":["Endless Agony","Flying Knee","Quick Slash"],"picked":"SKIP","floor":19},{"not_picked":["Deadly Poison","Doppelganger","Underhanded Strike"],"picked":"SKIP","floor":22},{"not_picked":["Poisoned Stab","Setup"],"picked":"Infinite Blades","floor":24},{"not_picked":["Predator","Slice","Quick Slash"],"picked":"SKIP","floor":28},{"not_picked":["Acrobatics","Quick Slash","Catalyst"],"picked":"SKIP","floor":30}],"player_experience":1041533,"relics_obtained":[{"floor":3,"key":"Oddly Smooth Stone"},{"floor":9,"key":"Whetstone"},{"floor":14,"key":"Odd Mushroom"},{"floor":20,"key":"Red Mask"},{"floor":26,"key":"PreservedInsect"},{"floor":31,"key":"Bottled Flame"}],"event_choices":[{"cards_removed":["Doubt"],"damage_healed":0,"gold_gain":0,"player_choice":"Card Removal","damage_taken":0,"max_hp_gain":0,"max_hp_loss":0,"event_name":"The Cleric","floor":4,"gold_loss":75},{"damage_healed":0,"gold_gain":275,"player_choice":"Desecrate","damage_taken":0,"max_hp_gain":0,"max_hp_loss":0,"event_name":"Golden Shrine","floor":5,"gold_loss":0,"cards_obtained":["Regret"]},{"cards_removed":["Regret"],"damage_healed":0,"gold_gain":0,"player_choice":"Forget","damage_taken":0,"max_hp_gain":0,"max_hp_loss":0,"event_name":"Living Wall","floor":8,"gold_loss":0},{"damage_healed":0,"gold_gain":0,"player_choice":"Fought Mushrooms","damage_taken":0,"max_hp_gain":0,"max_hp_loss":0,"event_name":"Mushrooms","floor":14,"gold_loss":0},{"damage_healed":0,"gold_gain":0,"player_choice":"Fought Bandits","damage_taken":0,"max_hp_gain":0,"max_hp_loss":0,"event_name":"Masked Bandits","floor":20,"gold_loss":0},{"damage_healed":0,"gold_gain":0,"player_choice":"Traded Relic","damage_taken":0,"relics_obtained":["Nloth\u0027s Gift"],"max_hp_gain":0,"max_hp_loss":0,"event_name":"N\u0027loth","floor":21,"relics_lost":["Tiny House"],"gold_loss":0},{"damage_healed":0,"gold_gain":0,"player_choice":"Inject Mutagens","damage_taken":0,"relics_obtained":["MutagenicStrength"],"max_hp_gain":0,"max_hp_loss":0,"event_name":"Drug Dealer","floor":29,"gold_loss":0}],"is_beta":true,"boss_relics":[{"not_picked":["Black Star","Ectoplasm"],"picked":"Tiny House"}],"items_purged_floors":[11],"is_endless":false,"potions_floor_spawned":[1,2,14,19,24,28],"killed_by":"Champ","ascension_level":20}