{"gold_per_floor":[114,129,89,89,89,89,14,14,14,48,48,64,64,79,79,156,156,166,166,182,97,109,121,33,33,33,33,60,5,5,20,20,97,97,115,115,128,228,228,228,283,283,330,330],"floor_reached":44,"playtime":1145,"items_purged":["Strike_R","Strike_R"],"score":836,"play_id":"a537302d-42dc-4c3a-b912-c6c4812a9398","local_time":"20190409214342","is_ascension_mode":true,"campfire_choices":[{"data":"Demon Form","floor":6,"key":"SMITH"},{"floor":8,"key":"REST"},{"data":"Bash","floor":11,"key":"SMITH"},{"floor":15,"key":"REST"},{"data":"Heavy Blade","floor":23,"key":"SMITH"},{"data":"Sword Boomerang","floor":25,"key":"SMITH"},{"data":"Sword Boomerang","floor":30,"key":"SMITH"},{"data":"Impervious","floor":32,"key":"SMITH"},{"data":"True Grit","floor":40,"key":"SMITH"},{"floor":42,"key":"REST"}],"neow_cost":"PERCENT_DAMAGE","seed_source_timestamp":196384728764400,"circlet_count":0,"master_deck":["AscendersBane","Bash+1","Demon Form+1","Whirlwind+1","Shrug It Off","Immolate","Impervious+1","Heavy Blade+1","Sword Boomerang+1","Sword Boomerang+1","Reaper","Perfected Strike","Cleave","Anger","Hemokinesis","Demon Form","Anger","Rampage","Iron Wave+1","True Grit+1"],"relics":["Burning Blood","Self Forming Clay","Letter Opener","NlothsMask","Snecko Eye","MawBank","MutagenicStrength","Matryoshka","Pandora\u0027s Box","Thread and Needle","Ice Cream","Oddly Smooth Stone"],"potions_floor_usage":[10,16,20,28,41,44],"damage_taken":[{"damage":2,"enemies":"Cultist","floor":1,"turns":4},{"damage":14,"enemies":"Jaw Worm","floor":2,"turns":4},{"damage":26,"enemies":"3 Sentries","floor":10,"turns":4},{"damage":2,"enemies":"Small Slimes","floor":12,"turns":3},{"damage":24,"enemies":"Exordium Wildlife","floor":14,"turns":2},{"damage":19,"enemies":"Hexaghost","floor":16,"turns":8},{"damage":3,"enemies":"Spheric Guardian","floor":18,"turns":4},{"damage":0,"enemies":"3 Byrds","floor":20,"turns":2},{"damage":21,"enemies":"Book of Stabbing","floor":28,"turns":3},{"damage":9,"enemies":"Centurion and Healer","floor":31,"turns":2},{"damage":46,"enemies":"Champ","floor":33,"turns":7},{"damage":20,"enemies":"3 Shapes","floor":35,"turns":8},{"damage":28,"enemies":"3 Darklings","floor":37,"turns":3},{"damage":0,"enemies":"Mind Bloom Boss Battle","floor":38,"turns":4},{"damage":66,"enemies":"2 Orb Walkers","floor":41,"turns":5},{"damage":17,"enemies":"Nemesis","floor":44,"turns":4}],"seed_played":"-7004041580035349286","potions_obtained":[{"floor":1,"key":"BloodPotion"},{"floor":10,"key":"Explosive Potion"},{"floor":12,"key":"Block Potion"},{"floor":16,"key":"LiquidBronze"},{"floor":18,"key":"Block Potion"},{"floor":20,"key":"AttackPotion"},{"floor":37,"key":"PowerPotion"}],"is_trial":false,"path_per_floor":["M","M","$","?","?","R","$","R","T","E","R","M","?","M","R","B",null,"M","?","M","?","?","R","$","R","T","$","E","$","R","M","R","B",null,"M","$","M","?","?","R","?","R","T","E"],"character_chosen":"IRONCLAD","items_purchased":["Whirlwind","Sword Boomerang"],"campfire_rested":3,"item_purchase_floors":[3,29],"current_hp_per_floor":[54,46,46,23,23,23,23,45,45,32,32,36,36,18,40,27,63,66,66,72,72,72,72,72,72,72,72,57,57,57,54,54,14,60,63,63,55,61,61,61,7,29,29,13],"gold":330,"neow_bonus":"THREE_RARE_CARDS","is_prod":false,"is_daily":false,"chose_seed":false,"campfire_upgraded":7,"win_rate":0,"timestamp":1554839022,"path_taken":["M","M","?","?","?","R","$","R","T","E","R","?","?","?","R","BOSS","M","?","M","?","?","R","?","R","T","$","E","$","R","M","R","BOSS","M","$","?","?","?","R","?","R","T","E"],"build_version":"2019-04-04","purchased_purges":2,"victory":false,"max_hp_per_floor":[75,75,75,75,75,75,75,75,75,75,75,75,75,75,75,75,75,75,75,75,75,75,75,75,75,75,75,75,75,75,75,75,75,75,75,75,75,75,75,75,75,75,75,75],"card_choices":[{"not_picked":["Feed","Offering"],"picked":"Demon Form","floor":0},{"not_picked":["Hemokinesis","Body Slam","Intimidate"],"picked":"SKIP","floor":1},{"not_picked":["Reckless Charge","Disarm","Armaments"],"picked":"SKIP","floor":2},{"not_picked":["Thunderclap","Second Wind"],"picked":"Shrug It Off","floor":10},{"not_picked":["Carnage","Entrench"],"picked":"Immolate","floor":12},{"not_picked":["Dual Wield","Body Slam","Wild Strike"],"picked":"SKIP","floor":14},{"not_picked":["Juggernaut","Brutality"],"picked":"Impervious","floor":16},{"not_picked":["Shrug It Off+1","Blood for Blood+1"],"picked":"Heavy Blade","floor":18},{"not_picked":["Searing Blow","Pommel Strike"],"picked":"Sword Boomerang","floor":20},{"not_picked":["True Grit","Clothesline","Iron Wave"],"picked":"SKIP","floor":28},{"not_picked":["Pommel Strike","Battle Trance","Heavy Blade"],"picked":"SKIP","floor":31},{"not_picked":["Double Tap","Demon Form"],"picked":"Reaper","floor":33},{"not_picked":["Disarm","Twin Strike"],"picked":"Iron Wave+1","floor":35},{"not_picked":["Dropkick","Sword Boomerang","Headbutt"],"picked":"SKIP","floor":37},{"not_picked":["Sword Boomerang","Havoc"],"picked":"True Grit","floor":38}],"player_experience":1350593,"relics_obtained":[{"floor":9,"key":"Self Forming Clay"},{"floor":10,"key":"Letter Opener"},{"floor":28,"key":"Matryoshka"},{"floor":38,"key":"Thread and Needle"},{"floor":41,"key":"Ice Cream"},{"floor":43,"key":"Oddly Smooth Stone"}],"event_choices":[{"damage_healed":0,"gold_gain":0,"player_choice":"Entered Light","damage_taken":23,"max_hp_gain":0,"max_hp_loss":0,"event_name":"Shining Light","floor":4,"gold_loss":0,"cards_upgraded":["Defend_R","Defend_R"]},{"damage_healed":0,"gold_gain":0,"player_choice":"Grow","damage_taken":0,"max_hp_gain":0,"max_hp_loss":0,"event_name":"Living Wall","floor":5,"gold_loss":0,"cards_upgraded":["Whirlwind"]},{"damage_healed":0,"gold_gain":0,"player_choice":"Trade","damage_taken":0,"relics_obtained":["NlothsMask"],"max_hp_gain":0,"max_hp_loss":0,"event_name":"FaceTrader","floor":13,"gold_loss":0},{"damage_healed":0,"gold_gain":0,"player_choice":"Ignored","damage_taken":0,"max_hp_gain":0,"max_hp_loss":0,"event_name":"Vampires","floor":19,"gold_loss":0},{"damage_healed":0,"gold_gain":0,"player_choice":"Obtained Relic","damage_taken":0,"relics_obtained":["MawBank"],"max_hp_gain":0,"max_hp_loss":0,"event_name":"Addict","floor":21,"gold_loss":85},{"damage_healed":0,"gold_gain":0,"player_choice":"Inject Mutagens","damage_taken":0,"relics_obtained":["MutagenicStrength"],"max_hp_gain":0,"max_hp_loss":0,"event_name":"Drug Dealer","floor":22,"gold_loss":0},{"damage_healed":0,"gold_gain":0,"player_choice":"Fight","damage_taken":0,"max_hp_gain":0,"max_hp_loss":0,"event_name":"MindBloom","floor":38,"gold_loss":0},{"damage_healed":0,"gold_gain":0,"player_choice":"Ignored","damage_taken":0,"max_hp_gain":0,"max_hp_loss":0,"event_name":"Tomb of Lord Red Mask","floor":39,"gold_loss":0},{"damage_healed":0,"gold_gain":0,"player_choice":"Fight","damage_taken":0,"max_hp_gain":0,"max_hp_loss":0,"event_name":"Mysterious Sphere","floor":41,"gold_loss":0}],"is_beta":true,"boss_relics":[{"not_picked":["Astrolabe","Runic Pyramid"],"picked":"Snecko Eye"},{"not_picked":["Fusion Hammer","Coffee Dripper"],"picked":"Pandora\u0027s Box"}],"items_purged_floors":[7,24],"is_endless":false,"potions_floor_spawned":[1,10,12,16,18,20,37],"killed_by":"Nemesis","ascension_level":20}