{"path_per_floor":["M","?","M","M","?","?","R","M","T","R","$","M","R","M","R","B",null,"M","?","?","M","?","E","M","?","T","$","M","M","?","M","R"],"character_chosen":"THE_SILENT","items_purchased":["Molten Egg 2","Caltrops"],"gold_per_floor":[112,212,227,239,239,239,239,258,258,258,12,22,22,38,38,142,142,154,154,154,166,200,230,241,241,264,188,204,214,214,225,225,225],"floor_reached":33,"campfire_rested":0,"playtime":1367,"current_hp_per_floor":[65,65,64,64,64,52,52,48,48,48,48,41,41,41,41,8,70,70,49,49,49,44,11,46,46,46,46,8,14,10,41,41,0],"items_purged":[],"gold":225,"score":284,"play_id":"2990020e-47ff-4013-a283-c1aaa341188c","local_time":"20180429230235","is_prod":false,"is_daily":false,"chose_seed":false,"is_ascension_mode":false,"campfire_upgraded":5,"timestamp":1525068155,"path_taken":["M","?","?","M","?","?","R","M","T","R","$","M","R","M","R","BOSS","M","?","?","M","?","E","M","?","T","$","M","M","?","M","R","BOSS"],"build_version":"2018-04-27v3","seed_source_timestamp":36387885335090,"purchased_purges":1,"victory":false,"master_deck":["Defend_G","Defend_G","Defend_G","Defend_G","Defend_G+1","Survivor+1","Neutralize+1","Dagger Throw","Quick Slash+1","Deflect","Footwork+1","Adrenaline+1","Bite+1","Bite+1","Bite+1","Bite+1","Bite+1","Escape Plan","Backstab+1","Caltrops+1","Backstab+1","Footwork"],"max_hp_per_floor":[70,70,70,70,70,70,70,70,70,70,70,70,70,70,70,70,70,70,49,49,49,49,49,49,49,49,49,49,49,49,49,49,49],"relics":["Lizard Tail","Dodecahedron","Juzu Bracelet","Molten Egg 2","Sozu","Red Mask","Tough Bandages","War Paint"],"card_choices":[{"not_picked":["Blade Dance","Leg Sweep"],"picked":"Dagger Throw","floor":1},{"not_picked":["Leg Sweep","Predator"],"picked":"Quick Slash","floor":8},{"not_picked":["Heel Hook","Dagger Throw"],"picked":"Deflect","floor":12},{"not_picked":["Flying Knee","Prepared"],"picked":"Footwork","floor":14},{"not_picked":["Envenom","Unload"],"picked":"Adrenaline","floor":16},{"not_picked":["Masterful Stab","Dagger Throw"],"picked":"Escape Plan","floor":21},{"not_picked":["Riddle With Holes","Infinite Blades"],"picked":"Backstab","floor":28},{"not_picked":["Reflex","Malaise"],"picked":"Footwork","floor":29}],"player_experience":36090,"potions_floor_usage":[8,16,16],"damage_taken":[{"damage":5,"enemies":"Small Slimes","floor":1,"turns":4},{"damage":1,"enemies":"Cultist","floor":3,"turns":4},{"damage":0,"enemies":"2 Louse","floor":4,"turns":3},{"damage":4,"enemies":"Gremlin Gang","floor":8,"turns":6},{"damage":7,"enemies":"Large Slime","floor":12,"turns":9},{"damage":0,"enemies":"3 Louse","floor":14,"turns":3},{"damage":33,"enemies":"Slime Boss","floor":16,"turns":13},{"damage":0,"enemies":"Shell Parasite","floor":18,"turns":8},{"damage":0,"enemies":"Chosen","floor":21,"turns":5},{"damage":20,"enemies":"Masked Bandits","floor":22,"turns":6},{"damage":62,"enemies":"Gremlin Leader","floor":23,"turns":9},{"damage":6,"enemies":"Centurion and Healer","floor":24,"turns":9},{"damage":44,"enemies":"Cultist and Chosen","floor":28,"turns":10},{"damage":9,"enemies":"Snake Plant","floor":29,"turns":4},{"damage":5,"enemies":"Slaver and Parasite","floor":31,"turns":8},{"damage":128,"enemies":"Collector","floor":33,"turns":7}],"event_choices":[{"event_name":"Golden Shrine","player_choice":"Pray","floor":2,"damage_taken":0},{"event_name":"Bonfire Elementals","player_choice":"BASIC","floor":5,"damage_taken":0},{"event_name":"Scrap Ooze","player_choice":"success","floor":6,"damage_taken":12},{"event_name":"Vampires","player_choice":"Became a vampire","floor":19,"damage_taken":0},{"event_name":"The Lab","player_choice":"Got Potions","floor":20,"damage_taken":0},{"event_name":"Masked Bandits","player_choice":"Fought over 166 gold","floor":22,"damage_taken":0},{"event_name":"The Library","player_choice":"Read","floor":25,"damage_taken":0},{"event_name":"Wheel of Change","player_choice":"Damage","floor":30,"damage_taken":0}],"boss_relics":[{"not_picked":["Snecko Eye","Calling Bell"],"picked":"Sozu"}],"potions_floor_spawned":[4,8,12,16,22,29,31],"seed_played":"-3022302728981966258","killed_by":"Collector","ascension_level":0,"is_trial":false}