{"gold_per_floor":[117,97,20,37,48,48,81,91,91,110,110,110,142,161,161,161],"floor_reached":16,"playtime":584,"items_purged":[],"score":213,"play_id":"7b727e43-5d46-4cee-b6d2-39aabb7d46f0","local_time":"20190429161314","is_ascension_mode":true,"campfire_choices":[{"data":"Sunder","floor":6,"key":"SMITH"},{"floor":11,"key":"REST"},{"data":"Chill","floor":15,"key":"SMITH"}],"neow_cost":"NONE","seed_source_timestamp":2440758973925563,"circlet_count":0,"master_deck":["AscendersBane","Strike_B","Strike_B","Strike_B+1","Strike_B+1","Defend_B","Defend_B","Defend_B","Defend_B","Zap","Dualcast","Glacier","Sunder+1","Chill+1","Genetic Algorithm","Leap","Rebound","BootSequence","Chill"],"relics":["Cracked Core","NeowsBlessing","Whetstone","Darkstone Periapt","Bird Faced Urn"],"potions_floor_usage":[7,7],"damage_taken":[{"damage":0,"enemies":"Small Slimes","floor":1,"turns":1},{"damage":0,"enemies":"Cultist","floor":4,"turns":1},{"damage":0,"enemies":"Jaw Worm","floor":5,"turns":1},{"damage":29,"enemies":"Gremlin Nob","floor":7,"turns":6},{"damage":0,"enemies":"2 Fungi Beasts","floor":8,"turns":4},{"damage":0,"enemies":"3 Louse","floor":10,"turns":4},{"damage":14,"enemies":"3 Sentries","floor":13,"turns":10},{"damage":4,"enemies":"Blue Slaver","floor":14,"turns":4},{"damage":45,"enemies":"Slime Boss","floor":16,"turns":7}],"seed_played":"6485927249634765035","potions_obtained":[{"floor":2,"key":"Ancient Potion"},{"floor":4,"key":"AttackPotion"},{"floor":8,"key":"Fruit Juice"},{"floor":14,"key":"Ancient Potion"}],"is_trial":false,"path_per_floor":["M","?","$","M","M","R","E","M","T","M","R","?","E","M","R","B"],"character_chosen":"DEFECT","items_purchased":["Sunder"],"campfire_rested":1,"item_purchase_floors":[3],"current_hp_per_floor":[64,64,64,64,64,64,35,35,35,35,56,61,47,43,43,0],"gold":161,"neow_bonus":"THREE_ENEMY_KILL","is_prod":false,"is_daily":false,"chose_seed":false,"campfire_upgraded":2,"win_rate":0,"timestamp":1556532794,"path_taken":["M","?","$","?","M","R","E","M","T","M","R","?","E","M","R","BOSS"],"build_version":"2019-01-23","purchased_purges":0,"victory":false,"max_hp_per_floor":[71,71,71,71,71,71,71,71,71,71,71,76,76,76,76,76],"card_choices":[{"not_picked":["Ball Lightning","Redo"],"picked":"Glacier","floor":1},{"not_picked":["Defragment","Cold Snap"],"picked":"Chill","floor":4},{"not_picked":["Auto Shields","Double Energy"],"picked":"Genetic Algorithm","floor":5},{"not_picked":["Barrage","Machine Learning"],"picked":"Leap","floor":7},{"not_picked":["Turbo","Lockon","Steam"],"picked":"SKIP","floor":8},{"not_picked":["Turbo","Hologram"],"picked":"Rebound","floor":10},{"not_picked":["Ball Lightning","Leap"],"picked":"BootSequence","floor":13},{"not_picked":["Redo","Hologram"],"picked":"Chill","floor":14}],"player_experience":1258830,"relics_obtained":[{"floor":7,"key":"Whetstone"},{"floor":9,"key":"Darkstone Periapt"},{"floor":13,"key":"Bird Faced Urn"}],"event_choices":[{"damage_healed":0,"gold_gain":0,"player_choice":"Bought 1 Potion","damage_taken":0,"max_hp_gain":0,"max_hp_loss":0,"event_name":"The Woman in Blue","floor":2,"gold_loss":0},{"damage_healed":0,"gold_gain":0,"player_choice":"Donut","damage_taken":0,"max_hp_gain":5,"max_hp_loss":0,"event_name":"Big Fish","floor":12,"gold_loss":0}],"is_beta":false,"boss_relics":[],"items_purged_floors":[],"is_endless":false,"potions_floor_spawned":[4,8,14],"killed_by":"Slime Boss","ascension_level":18}