{"gold_per_floor":[112,112,112,112,133,133,177,196,196,227,227,72,95,119,119,218,218,238,238],"floor_reached":19,"playtime":397,"items_purged":[],"score":404,"play_id":"fd35c553-5039-4196-abc8-997af454ad02","local_time":"20190412162128","is_ascension_mode":true,"campfire_choices":[{"floor":6,"key":"REST"},{"floor":11,"key":"REST"},{"floor":15,"key":"REST"}],"neow_cost":"NONE","seed_source_timestamp":183808317254100,"circlet_count":0,"master_deck":["AscendersBane","Strike_R+1","Strike_R+1","Strike_R","Strike_R","Strike_R","Defend_R","Defend_R","Defend_R","Defend_R","Bash","Twin Strike","Immolate","Demon Form","Sword Boomerang","Limit Break"],"relics":["Burning Blood","NeowsBlessing","Prayer Wheel","Golden Idol","Sundial","Blue Candle","Black Star"],"potions_floor_usage":[10,16,19],"damage_taken":[{"damage":0,"enemies":"Cultist","floor":1,"turns":1},{"damage":0,"enemies":"Small Slimes","floor":5,"turns":1},{"damage":0,"enemies":"Lagavulin","floor":7,"turns":1},{"damage":2,"enemies":"2 Louse","floor":8,"turns":2},{"damage":44,"enemies":"Gremlin Nob","floor":10,"turns":5},{"damage":8,"enemies":"Blue Slaver","floor":13,"turns":3},{"damage":0,"enemies":"3 Louse","floor":14,"turns":1},{"damage":38,"enemies":"The Guardian","floor":16,"turns":8},{"damage":45,"enemies":"Shell Parasite","floor":18,"turns":6},{"damage":33,"enemies":"Spheric Guardian","floor":19,"turns":3}],"seed_played":"761227932360434787","potions_obtained":[{"floor":8,"key":"Block Potion"},{"floor":10,"key":"PowerPotion"},{"floor":16,"key":"Ancient Potion"}],"is_trial":false,"path_per_floor":["M","?","?","?","M","R","E","M","T","E","R","$","M","M","R","B",null,"M","M"],"character_chosen":"IRONCLAD","items_purchased":["Immolate"],"campfire_rested":3,"item_purchase_floors":[12],"current_hp_per_floor":[74,56,30,7,13,35,41,45,45,7,29,29,27,33,55,23,62,23,0],"gold":238,"neow_bonus":"THREE_ENEMY_KILL","is_prod":false,"is_daily":false,"chose_seed":false,"campfire_upgraded":0,"win_rate":0,"timestamp":1555078888,"path_taken":["M","?","?","?","M","R","E","M","T","E","R","?","M","M","R","BOSS","M","M"],"build_version":"2019-04-04","purchased_purges":0,"victory":false,"max_hp_per_floor":[75,75,75,75,75,75,75,75,75,75,75,75,75,75,75,75,75,75,75],"card_choices":[{"not_picked":["Clothesline","Warcry","Entrench"],"picked":"SKIP","floor":1},{"not_picked":["Perfected Strike","Wild Strike","Pommel Strike"],"picked":"SKIP","floor":5},{"not_picked":["Flex","Wild Strike","Clash"],"picked":"SKIP","floor":5},{"not_picked":["Havoc","Headbutt","Perfected Strike"],"picked":"SKIP","floor":7},{"not_picked":["Havoc","Headbutt","Perfected Strike"],"picked":"SKIP","floor":7},{"not_picked":["Battle Trance","Wild Strike"],"picked":"Twin Strike","floor":8},{"not_picked":["Sentinel","Fire Breathing","Pommel Strike"],"picked":"SKIP","floor":8},{"not_picked":["Iron Wave","Twin Strike","Corruption"],"picked":"SKIP","floor":10},{"not_picked":["Second Wind","Fire Breathing"],"picked":"Demon Form","floor":13},{"not_picked":["Shockwave","Wild Strike"],"picked":"Sword Boomerang","floor":13},{"not_picked":["Flex","Feel No Pain","Sever Soul"],"picked":"SKIP","floor":14},{"not_picked":["Perfected Strike","Anger","Spot Weakness"],"picked":"SKIP","floor":14},{"not_picked":["Exhume","Brutality"],"picked":"Limit Break","floor":16},{"not_picked":["Sword Boomerang","Armaments","Pommel Strike"],"picked":"SKIP","floor":18},{"not_picked":["True Grit","Clash","Thunderclap"],"picked":"SKIP","floor":18}],"player_experience":1367334,"relics_obtained":[{"floor":7,"key":"Sundial"},{"floor":10,"key":"Blue Candle"}],"event_choices":[{"damage_healed":0,"gold_gain":0,"player_choice":"Success","damage_taken":18,"relics_obtained":["Prayer Wheel"],"max_hp_gain":0,"max_hp_loss":0,"event_name":"Scrap Ooze","floor":2,"gold_loss":0},{"damage_healed":0,"gold_gain":0,"player_choice":"Take Damage","damage_taken":26,"relics_obtained":["Golden Idol"],"max_hp_gain":0,"max_hp_loss":0,"event_name":"Golden Idol","floor":3,"gold_loss":0},{"damage_healed":0,"gold_gain":0,"player_choice":"Entered Light","damage_taken":23,"max_hp_gain":0,"max_hp_loss":0,"event_name":"Shining Light","floor":4,"gold_loss":0,"cards_upgraded":["Strike_R","Strike_R"]}],"is_beta":true,"boss_relics":[{"not_picked":["Lizard Tail","Eternal Feather"],"picked":"Black Star"}],"items_purged_floors":[],"is_endless":false,"potions_floor_spawned":[8,10,16],"killed_by":"Spheric Guardian","ascension_level":20}