{"gold_per_floor":[115,115,128,108,108,108,126,126,150,150,150,35,60,93,93,93],"floor_reached":16,"playtime":491,"items_purged":["Regret"],"score":196,"play_id":"8bad12ba-2dae-451d-901e-2396f2826486","local_time":"20190403000408","is_ascension_mode":true,"campfire_choices":[{"data":"Bash","floor":6,"key":"SMITH"},{"data":"Twin Strike","floor":10,"key":"SMITH"},{"data":"Flame Barrier","floor":15,"key":"SMITH"}],"neow_cost":"NONE","seed_source_timestamp":1118896763451600,"circlet_count":0,"master_deck":["AscendersBane","Strike_R","Strike_R","Strike_R","Strike_R","Strike_R","Defend_R","Defend_R","Defend_R","Defend_R","Bash+1","Twin Strike+1","Shrug It Off","Inflame","Flame Barrier+1"],"relics":["Burning Blood","Juzu Bracelet","Dodecahedron","Golden Idol","Orichalcum","PreservedInsect","Bird Faced Urn"],"potions_floor_usage":[16,16],"damage_taken":[{"damage":2,"enemies":"2 Louse","floor":1,"turns":2},{"damage":6,"enemies":"Cultist","floor":3,"turns":3},{"damage":6,"enemies":"Jaw Worm","floor":7,"turns":4},{"damage":8,"enemies":"Exordium Thugs","floor":13,"turns":4},{"damage":24,"enemies":"Lagavulin","floor":14,"turns":7},{"damage":48,"enemies":"The Guardian","floor":16,"turns":12}],"seed_played":"3654344278695968003","potions_obtained":[{"floor":3,"key":"Weak Potion"},{"floor":4,"key":"SteroidPotion"},{"floor":14,"key":"BloodPotion"}],"is_trial":false,"path_per_floor":["M","?","M","?","?","R","M","?","T","R","T","$","M","E","R","B"],"character_chosen":"IRONCLAD","items_purchased":["Inflame"],"campfire_rested":0,"item_purchase_floors":[12],"current_hp_per_floor":[72,46,46,46,46,46,46,46,46,46,46,46,44,26,26,0],"gold":93,"neow_bonus":"RANDOM_COMMON_RELIC","is_prod":false,"is_daily":false,"chose_seed":false,"campfire_upgraded":3,"win_rate":0,"timestamp":1554242648,"path_taken":["M","?","M","?","?","R","M","?","T","R","?","$","M","E","R","BOSS"],"build_version":"2019-03-15","purchased_purges":1,"victory":false,"max_hp_per_floor":[75,75,75,75,68,68,68,68,68,68,68,68,68,68,68,68],"card_choices":[{"not_picked":["Cleave","Headbutt"],"picked":"Twin Strike","floor":1},{"not_picked":["Clothesline","True Grit","Battle Trance"],"picked":"SKIP","floor":3},{"not_picked":["Warcry","Body Slam"],"picked":"Shrug It Off","floor":7},{"not_picked":["Anger","Evolve","Clothesline"],"picked":"SKIP","floor":13},{"not_picked":["Hemokinesis","Havoc"],"picked":"Flame Barrier","floor":14}],"player_experience":1326293,"relics_obtained":[{"floor":9,"key":"PreservedInsect"},{"floor":14,"key":"Bird Faced Urn"}],"event_choices":[{"damage_healed":0,"gold_gain":0,"player_choice":"Success","damage_taken":26,"relics_obtained":["Dodecahedron"],"max_hp_gain":0,"max_hp_loss":0,"event_name":"Scrap Ooze","floor":2,"gold_loss":0},{"damage_healed":0,"gold_gain":0,"player_choice":"Bought 1 Potion","damage_taken":0,"max_hp_gain":0,"max_hp_loss":0,"event_name":"The Woman in Blue","floor":4,"gold_loss":0},{"damage_healed":0,"gold_gain":0,"player_choice":"Lose Max HP","damage_taken":0,"relics_obtained":["Golden Idol"],"max_hp_gain":0,"max_hp_loss":7,"event_name":"Golden Idol","floor":5,"gold_loss":0},{"damage_healed":0,"gold_gain":0,"player_choice":"Box","damage_taken":0,"relics_obtained":["Orichalcum"],"max_hp_gain":0,"max_hp_loss":0,"event_name":"Big Fish","floor":8,"gold_loss":0,"cards_obtained":["Regret"]}],"is_beta":true,"boss_relics":[],"items_purged_floors":[12],"is_endless":false,"potions_floor_spawned":[3,14],"killed_by":"The Guardian","ascension_level":20}