{"gold_per_floor":[110,110,128,128,203,238,253,15,67,92,92,105,105,105,105,179,179,197,197,217,54,54,83,83,83,83,83,83,98,115,127,127,127],"floor_reached":33,"playtime":890,"items_purged":["Pain"],"score":646,"play_id":"dcebe585-a901-464f-8f98-c1d57eccca74","local_time":"20190127220323","is_ascension_mode":true,"campfire_choices":[{"data":"Glass Knife","floor":11.0,"key":"SMITH"},{"data":"Bouncing Flask","floor":13.0,"key":"SMITH"},{"floor":15.0,"key":"REST"},{"floor":24.0,"key":"REST"},{"data":"Adrenaline","floor":28.0,"key":"SMITH"},{"floor":32,"key":"REST"}],"neow_cost":"NONE","seed_source_timestamp":0,"circlet_count":0,"master_deck":["AscendersBane","Defend_G","Defend_G","Defend_G","Defend_G","Defend_G","Strike_G","Strike_G","Strike_G","Strike_G+1","Strike_G","Survivor","Neutralize+1","Cloak And Dagger","Dagger Spray+1","Die Die Die","Bouncing Flask+1","Glass Knife+1","Burst","Poisoned Stab","Corpse Explosion","Poisoned Stab","Catalyst","Adrenaline+1","Footwork","Blur","Backflip"],"special_seed":0,"relics":["Ring of the Snake","NeowsBlessing","Dream Catcher","Potion Belt","Blood Vial","Orichalcum","Eternal Feather","WarpedTongs","Gremlin Horn","MutagenicStrength","Vajra"],"potions_floor_usage":[],"damage_taken":[{"damage":0.0,"enemies":"Jaw Worm","floor":1.0,"turns":1.0},{"damage":0.0,"enemies":"Small Slimes","floor":3.0,"turns":1.0},{"damage":0.0,"enemies":"Gremlin Nob","floor":6.0,"turns":1.0},{"damage":0.0,"enemies":"Cultist","floor":7.0,"turns":4.0},{"damage":21.0,"enemies":"Lagavulin","floor":10.0,"turns":6.0},{"damage":0.0,"enemies":"Looter","floor":12.0,"turns":3.0},{"damage":32.0,"enemies":"Slime Boss","floor":16.0,"turns":6.0},{"damage":10.0,"enemies":"Spheric Guardian","floor":18.0,"turns":4.0},{"damage":7.0,"enemies":"Chosen","floor":20.0,"turns":4.0},{"damage":21.0,"enemies":"Gremlin Leader","floor":23.0,"turns":4.0},{"damage":13.0,"enemies":"Snake Plant","floor":29.0,"turns":4.0},{"damage":22,"enemies":"Snecko","floor":30,"turns":4},{"damage":8,"enemies":"Chosen and Byrds","floor":31,"turns":5},{"damage":92,"enemies":"Champ","floor":33,"turns":9}],"seed_played":"-8193078110759726330","potions_obtained":[{"floor":3.0,"key":"Energy Potion"},{"floor":6.0,"key":"SteroidPotion"},{"floor":10.0,"key":"Fruit Juice"},{"floor":12.0,"key":"SteroidPotion"},{"floor":18.0,"key":"Poison Potion"}],"is_trial":false,"path_per_floor":["M","?","M","$","?","E","M","$","T","E","R","M","R","?","R","B",null,"M","?","M","$","?","E","R","?","T","?","R","M","M","M","R","B"],"character_chosen":"THE_SILENT","items_purchased":["Glass Knife","Potion Belt","Catalyst"],"campfire_rested":3,"item_purchase_floors":[8,8,21],"current_hp_per_floor":[59,59,59,59,48,48,48,48,48,34,34,36,36,15,36,6,55,47,47,42,42,42,23,56,56,56,56,71,58,38,32,68,0],"gold":127,"neow_bonus":"THREE_ENEMY_KILL","is_prod":false,"is_daily":false,"chose_seed":false,"campfire_upgraded":3,"win_rate":0,"timestamp":1548623003,"path_taken":["M","?","M","$","?","E","M","$","T","E","R","M","R","?","R","BOSS","M","?","?","$","?","E","R","?","T","?","R","M","M","M","R","BOSS"],"build_version":"2019-01-23","purchased_purges":1,"victory":false,"max_hp_per_floor":[66,66,66,66,66,66,66,66,66,71,71,71,71,71,71,71,71,71,71,71,71,71,71,71,71,71,71,71,71,71,71,71,71],"card_choices":[{"not_picked":["Blade Dance","Prepared"],"picked":"Cloak And Dagger","floor":1.0},{"not_picked":["Predator","Tactician"],"picked":"Dagger Spray","floor":3.0},{"not_picked":["Choke","Endless Agony"],"picked":"Die Die Die","floor":6.0},{"not_picked":["Quick Slash","Prepared"],"picked":"Bouncing Flask","floor":7.0},{"not_picked":["Underhanded Strike","PiercingWail"],"picked":"Burst","floor":10.0},{"not_picked":["Skewer","Acrobatics"],"picked":"Poisoned Stab","floor":12.0},{"not_picked":["Adrenaline","Venomology"],"picked":"Corpse Explosion","floor":16.0},{"not_picked":["Escape Plan","Tactician"],"picked":"Poisoned Stab","floor":18.0},{"not_picked":["Reflex","Slice","Acrobatics"],"picked":"SKIP","floor":20.0},{"not_picked":["Sucker Punch","Deadly Poison"],"picked":"Adrenaline","floor":23.0},{"not_picked":["Predator+1","Deadly Poison"],"picked":"Footwork","floor":24.0},{"not_picked":["Deadly Poison","Slice","Dagger Spray"],"picked":"SKIP","floor":29.0},{"not_picked":["Deadly Poison","Blade Dance","PiercingWail"],"picked":"SKIP","floor":30},{"not_picked":["Flechettes","Escape Plan"],"picked":"Backflip","floor":31}],"player_experience":1092397,"relics_obtained":[{"floor":6.0,"key":"Dream Catcher"},{"floor":9.0,"key":"Blood Vial"},{"floor":10.0,"key":"Orichalcum"},{"floor":23.0,"key":"Gremlin Horn"},{"floor":26.0,"key":"Vajra"}],"event_choices":[{"damage_healed":0.0,"max_hp_gain":0.0,"max_hp_loss":0.0,"gold_gain":0.0,"event_name":"Living Wall","player_choice":"Grow","floor":2.0,"gold_loss":0.0,"damage_taken":0.0,"cards_upgraded":["Neutralize"]},{"damage_healed":0.0,"max_hp_gain":0.0,"max_hp_loss":0.0,"gold_gain":75.0,"event_name":"World of Goop","player_choice":"Gather Gold","floor":5.0,"gold_loss":0.0,"damage_taken":11.0},{"damage_healed":0.0,"max_hp_gain":0.0,"max_hp_loss":0.0,"gold_gain":0.0,"event_name":"Shining Light","player_choice":"Entered Light","floor":14.0,"gold_loss":0.0,"damage_taken":21.0,"cards_upgraded":["Dagger Spray","Strike_G"]},{"damage_healed":0.0,"max_hp_gain":0.0,"max_hp_loss":0.0,"gold_gain":0.0,"event_name":"Accursed Blacksmith","player_choice":"Rummage","floor":19.0,"gold_loss":0.0,"damage_taken":0.0,"relics_obtained":["WarpedTongs"],"cards_obtained":["Pain"]},{"damage_healed":0.0,"max_hp_gain":0.0,"max_hp_loss":0.0,"gold_gain":0.0,"event_name":"Ghosts","player_choice":"Ignored","floor":22.0,"gold_loss":0.0,"damage_taken":0.0},{"damage_healed":0.0,"max_hp_gain":0.0,"max_hp_loss":0.0,"gold_gain":0.0,"event_name":"Drug Dealer","player_choice":"Inject Mutagens","floor":25.0,"gold_loss":0.0,"damage_taken":0.0,"relics_obtained":["MutagenicStrength"]},{"damage_healed":0.0,"max_hp_gain":0.0,"max_hp_loss":0.0,"gold_gain":0.0,"event_name":"The Library","player_choice":"Read","floor":27.0,"gold_loss":0.0,"damage_taken":0.0,"cards_obtained":["Blur"]}],"is_beta":true,"boss_relics":[{"not_picked":["Busted Crown","Fusion Hammer"],"picked":"Eternal Feather"}],"items_purged_floors":[21],"is_endless":false,"potions_floor_spawned":[3,6,10,12,18],"killed_by":"Champ","ascension_level":20}