{"gold_per_floor":[109,34,34,34,46,74,91,91,91,91,91,91,121,133,133,232,232,250,150,90],"floor_reached":20,"playtime":522,"items_purged":["Defend_R","Pain"],"score":180,"play_id":"c3ec4bb8-c5d9-4cff-873b-b3acd2b3c326","local_time":"20190315231126","is_ascension_mode":false,"campfire_choices":[{"data":"Bash","floor":8.0,"key":"SMITH"},{"floor":11.0,"key":"REST"},{"floor":15.0,"key":"REST"}],"neow_cost":"NONE","seed_source_timestamp":0,"circlet_count":0,"master_deck":["Strike_R","Strike_R","Strike_R","Strike_R","Defend_R","Defend_R","Defend_R","Bash+1","Heavy Blade","Body Slam","Shrug It Off","Shame","Clumsy","Disarm+1"],"special_seed":0,"relics":["Burning Blood","Ginger","Unceasing Top","Vajra","Calling Bell","Omamori","Sundial","Torii"],"potions_floor_usage":[16,16,20],"damage_taken":[{"damage":6.0,"enemies":"Cultist","floor":1.0,"turns":4.0},{"damage":4.0,"enemies":"Small Slimes","floor":5.0,"turns":3.0},{"damage":68.0,"enemies":"Lagavulin","floor":6.0,"turns":9.0},{"damage":0.0,"enemies":"2 Louse","floor":7.0,"turns":3.0},{"damage":28.0,"enemies":"Gremlin Nob","floor":13.0,"turns":4.0},{"damage":8.0,"enemies":"Red Slaver","floor":14.0,"turns":3.0},{"damage":28,"enemies":"Hexaghost","floor":16,"turns":10},{"damage":63,"enemies":"Shell Parasite","floor":18,"turns":9},{"damage":27,"enemies":"2 Thieves","floor":20,"turns":2}],"seed_played":"1729208156242536474","potions_obtained":[{"floor":5.0,"key":"Strength Potion"},{"floor":6.0,"key":"SkillPotion"},{"floor":16,"key":"Poison Potion"},{"floor":18,"key":"SneckoOil"}],"is_trial":false,"path_per_floor":["M","$","?","$","M","E","M","R","T","?","R","?","E","M","R","B",null,"M","$","M"],"character_chosen":"IRONCLAD","items_purchased":[],"campfire_rested":2,"item_purchase_floors":[],"current_hp_per_floor":[80,80,80,80,80,18,24,24,24,24,48,48,26,24,48,26,80,23,23,0],"gold":90,"neow_bonus":"ONE_RANDOM_RARE_CARD","is_prod":false,"is_daily":false,"chose_seed":false,"campfire_upgraded":1,"win_rate":0,"timestamp":1552687886,"path_taken":["M","$","?","?","M","E","?","R","T","?","R","?","E","M","R","BOSS","M","$","M"],"build_version":"2019-02-06","purchased_purges":2,"victory":false,"max_hp_per_floor":[80,80,80,80,80,80,80,80,80,80,80,80,80,80,80,80,80,80,80,80],"card_choices":[{"not_picked":["Anger","Flame Barrier","Fire Breathing"],"picked":"SKIP","floor":1.0},{"not_picked":["Flame Barrier","Thunderclap","Searing Blow"],"picked":"SKIP","floor":5.0},{"not_picked":["Rage","Havoc"],"picked":"Heavy Blade","floor":6.0},{"not_picked":["Entrench","Clothesline","Heavy Blade"],"picked":"SKIP","floor":7.0},{"not_picked":["Heavy Blade","Feel No Pain","Clash"],"picked":"SKIP","floor":13.0},{"not_picked":["Power Through","Flame Barrier"],"picked":"Shrug It Off","floor":14.0},{"not_picked":["Wild Strike","Armaments"],"picked":"Disarm+1","floor":18}],"player_experience":1261374,"relics_obtained":[{"floor":3.0,"key":"Ginger"},{"floor":6.0,"key":"Unceasing Top"},{"floor":13.0,"key":"Vajra"},{"floor":17,"key":"Omamori"},{"floor":17,"key":"Sundial"},{"floor":17,"key":"Torii"}],"event_choices":[{"damage_healed":0.0,"max_hp_gain":0.0,"max_hp_loss":0.0,"gold_gain":0.0,"event_name":"Wheel of Change","player_choice":"Relic","floor":3.0,"gold_loss":0.0,"damage_taken":0.0},{"damage_healed":0.0,"max_hp_gain":0.0,"max_hp_loss":0.0,"gold_gain":0.0,"cards_transformed":["Dark Embrace"],"event_name":"Living Wall","player_choice":"Change","floor":10.0,"gold_loss":0.0,"damage_taken":0.0,"cards_obtained":["Body Slam"]},{"cards_removed":["Strike_R"],"damage_healed":0.0,"max_hp_gain":0.0,"max_hp_loss":0.0,"gold_gain":0.0,"event_name":"Bonfire Elementals","player_choice":"Offered Basic","floor":12.0,"gold_loss":0.0,"damage_taken":0.0}],"is_beta":true,"boss_relics":[{"not_picked":["Busted Crown","Empty Cage"],"picked":"Calling Bell"}],"items_purged_floors":[2,19],"is_endless":false,"potions_floor_spawned":[5,6,16,18],"killed_by":"2 Thieves","ascension_level":0}