{"gold_per_floor":[113,113,113,53,63,63,93,93,172,200,200,219,237,264,264,362,362,381,381,381,381,481,514,121,121,147,163,71,71,84,99,99,195,195,205,205,205,86,105,105,105,133,133,133,33,47,64,78,78,78,78,78,0,27,27],"floor_reached":55,"playtime":2181,"items_purged":["Regret","Injury","Strike_B+1"],"score":696,"play_id":"370809c4-b803-49e6-8631-35546530b65a","local_time":"20190223225941","is_ascension_mode":false,"campfire_choices":[{"data":"Dualcast","floor":6,"key":"SMITH"},{"data":"Hologram","floor":8,"key":"SMITH"},{"floor":15,"key":"REST"},{"floor":25,"key":"REST"},{"data":"Defragment","floor":29,"key":"SMITH"},{"floor":32,"key":"REST"},{"floor":40,"key":"RECALL"},{"floor":44,"key":"REST"},{"floor":49,"key":"REST"},{"data":"Capacitor","floor":52,"key":"SMITH"}],"neow_cost":"CURSE","seed_source_timestamp":340160516662800,"circlet_count":0,"master_deck":["Strike_B+1","Strike_B+1","Strike_B+1","Defend_B+1","Defend_B+1","Defend_B+1","Zap+1","Dualcast+1","Electrodynamics","Hologram+1","Cold Snap","Meteor Strike","Capacitor","Defragment+1","Conserve Battery+1","Machine Learning","Coolheaded+1","Capacitor+1","Ball Lightning","Loop"],"relics":["Cracked Core","Bird Faced Urn","The Courier","Omamori","Symbiotic Virus","Happy Flower","Odd Mushroom","Sozu","Necronomicon","Turnip","Gremlin Horn","Shuriken","Ancient Tea Set","Cables","Cursed Key","War Paint","Boot","Sundial","Vajra"],"potions_floor_usage":[14,16,22,23],"damage_taken":[{"damage":0,"enemies":"2 Louse","floor":1,"turns":1},{"damage":1,"enemies":"Jaw Worm","floor":5,"turns":3},{"damage":15,"enemies":"Gremlin Nob","floor":7,"turns":4},{"damage":18,"enemies":"3 Sentries","floor":10,"turns":5},{"damage":0,"enemies":"Small Slimes","floor":12,"turns":2},{"damage":0,"enemies":"Blue Slaver","floor":13,"turns":3},{"damage":24,"enemies":"The Mushroom Lair","floor":14,"turns":3},{"damage":39,"enemies":"Hexaghost","floor":16,"turns":10},{"damage":0,"enemies":"Spheric Guardian","floor":18,"turns":3},{"damage":15,"enemies":"Colosseum Slavers","floor":22,"turns":3},{"damage":26,"enemies":"Colosseum Nobs","floor":22,"turns":5},{"damage":24,"enemies":"Book of Stabbing","floor":23,"turns":5},{"damage":0,"enemies":"Chosen","floor":27,"turns":2},{"damage":0,"enemies":"Centurion and Healer","floor":30,"turns":3},{"damage":3,"enemies":"Cultist and Chosen","floor":31,"turns":4},{"damage":47,"enemies":"Champ","floor":33,"turns":9},{"damage":0,"enemies":"Orb Walker","floor":35,"turns":3},{"damage":6,"enemies":"3 Darklings","floor":39,"turns":3},{"damage":38,"enemies":"Nemesis","floor":42,"turns":7},{"damage":0,"enemies":"Maw","floor":46,"turns":6},{"damage":8,"enemies":"Transient","floor":47,"turns":5},{"damage":22,"enemies":"Spire Growth","floor":48,"turns":3},{"damage":80,"enemies":"Awakened One","floor":50,"turns":11},{"damage":64,"enemies":"Shield and Spear","floor":54,"turns":7},{"damage":50,"enemies":"The Heart","floor":55,"turns":2}],"seed_played":"-1443482090894801730","potions_obtained":[{"floor":1,"key":"GamblersBrew"},{"floor":5,"key":"Poison Potion"},{"floor":10,"key":"SkillPotion"},{"floor":14,"key":"Regen Potion"}],"is_trial":false,"path_per_floor":["M","?","T","$","M","R","E","R","T","E","?","M","M","?","R","B",null,"M","?","?","?","?","E","$","R","T","M","$","R","M","M","R","B",null,"M","?","?","$","M","R","$","E","T","R","$","M","M","M","R","B",null,"R","$","E","B"],"character_chosen":"DEFECT","items_purchased":["Ancient Tea Set","Cables","Defragment","Conserve Battery","War Paint","Ball Lightning","Loop"],"campfire_rested":5,"item_purchase_floors":[24,24,28,28,38,53,53],"current_hp_per_floor":[75,75,75,75,75,75,60,60,60,44,44,44,46,24,46,9,75,75,75,75,59,22,14,14,36,36,38,38,38,44,47,69,28,75,75,75,75,75,71,71,71,39,39,61,61,69,67,49,71,1,75,75,75,17,0],"gold":27,"neow_bonus":"THREE_RARE_CARDS","is_prod":false,"is_daily":false,"chose_seed":false,"campfire_upgraded":4,"win_rate":0,"timestamp":1550959181,"path_taken":["M","?","?","$","M","R","E","R","T","E","?","M","M","?","R","BOSS","M","?","?","?","?","E","$","R","T","?","?","R","?","M","R","BOSS","M","?","?","?","M","R","?","E","T","R","$","M","M","M","R","BOSS","R","$","E","BOSS"],"build_version":"2019-02-06","purchased_purges":3,"victory":false,"max_hp_per_floor":[75,75,75,75,75,75,75,75,75,75,75,75,75,75,75,75,75,75,75,75,75,75,75,75,75,75,75,75,75,75,75,75,75,75,75,75,75,75,75,75,75,75,75,75,75,75,75,75,75,75,75,75,75,75,75],"card_choices":[{"not_picked":["Machine Learning","Thunder Strike"],"picked":"Electrodynamics","floor":0},{"not_picked":["Go for the Eyes","Redo"],"picked":"Hologram","floor":1},{"not_picked":["Scrape","Go for the Eyes","Gash"],"picked":"SKIP","floor":5},{"not_picked":["Hologram","Turbo","Steam"],"picked":"SKIP","floor":7},{"not_picked":["Stack","Fission"],"picked":"Cold Snap","floor":10},{"not_picked":["Chaos","Lockon","Steam Power"],"picked":"SKIP","floor":12},{"not_picked":["Beam Cell","Streamline","Scrape"],"picked":"SKIP","floor":13},{"not_picked":["Biased Cognition","Creative AI"],"picked":"Meteor Strike","floor":16},{"not_picked":["Sweeping Beam","Genetic Algorithm","Steam Power"],"picked":"SKIP","floor":18},{"not_picked":["Consume","Redo"],"picked":"Capacitor","floor":23},{"not_picked":["Leap","Reprogram","Chaos"],"picked":"SKIP","floor":27},{"not_picked":["Turbo","Blizzard+1","Sweeping Beam+1"],"picked":"SKIP","floor":30},{"not_picked":["Redo+1","Hologram","Leap"],"picked":"SKIP","floor":31},{"not_picked":["All For One","Biased Cognition"],"picked":"Machine Learning","floor":33},{"not_picked":["Steam Power","Beam Cell","Turbo+1"],"picked":"SKIP","floor":35},{"not_picked":["Rebound","Self Repair","Fusion"],"picked":"SKIP","floor":39},{"not_picked":["FTL","Gash","Beam Cell"],"picked":"SKIP","floor":42},{"not_picked":["FTL","Gash","Beam Cell"],"picked":"SKIP","floor":42},{"not_picked":["Rip and Tear+1","Reboot"],"picked":"Coolheaded+1","floor":46},{"not_picked":["Barrage","Auto Shields","Rebound"],"picked":"SKIP","floor":47},{"not_picked":["Sweeping Beam+1","Loop"],"picked":"Capacitor","floor":48},{"not_picked":["Rebound+1","Gash","Genetic Algorithm"],"picked":"SKIP","floor":54}],"player_experience":1176578,"relics_obtained":[{"floor":3,"key":"The Courier"},{"floor":7,"key":"Omamori"},{"floor":9,"key":"Symbiotic Virus"},{"floor":10,"key":"Happy Flower"},{"floor":14,"key":"Odd Mushroom"},{"floor":21,"key":"Necronomicon"},{"floor":22,"key":"Turnip"},{"floor":22,"key":"Gremlin Horn"},{"floor":23,"key":"Shuriken"},{"floor":42,"key":"Boot"},{"floor":43,"key":"Sundial"},{"floor":54,"key":"Vajra"}],"event_choices":[{"damage_healed":0,"gold_gain":0,"player_choice":"Box","damage_taken":0,"relics_obtained":["Bird Faced Urn"],"max_hp_gain":0,"max_hp_loss":0,"event_name":"Big Fish","floor":2,"gold_loss":0,"cards_obtained":["Regret"]},{"damage_healed":0,"gold_gain":0,"player_choice":"Ignored","damage_taken":0,"max_hp_gain":0,"max_hp_loss":0,"event_name":"Liars Game","floor":11,"gold_loss":0},{"damage_healed":0,"gold_gain":0,"player_choice":"Fought Mushrooms","damage_taken":0,"max_hp_gain":0,"max_hp_loss":0,"event_name":"Mushrooms","floor":14,"gold_loss":0},{"damage_healed":0,"gold_gain":0,"player_choice":"Ignored","damage_taken":0,"max_hp_gain":0,"max_hp_loss":0,"event_name":"Ghosts","floor":19,"gold_loss":0},{"damage_healed":0,"gold_gain":0,"player_choice":"Simplicity","damage_taken":0,"max_hp_gain":0,"max_hp_loss":0,"event_name":"Back to Basics","floor":20,"gold_loss":0,"cards_upgraded":["Strike_B","Strike_B","Strike_B","Strike_B","Defend_B","Defend_B","Defend_B","Defend_B"]},{"damage_healed":0,"gold_gain":0,"player_choice":"Obtained Book","damage_taken":16,"max_hp_gain":0,"max_hp_loss":0,"event_name":"Cursed Tome","floor":21,"gold_loss":0},{"damage_healed":0,"gold_gain":0,"player_choice":"Fight","damage_taken":0,"max_hp_gain":0,"max_hp_loss":0,"event_name":"Colosseum","floor":22,"gold_loss":0},{"damage_healed":0,"gold_gain":0,"player_choice":"Fought Nobs","damage_taken":0,"max_hp_gain":0,"max_hp_loss":0,"event_name":"Colosseum","floor":22,"gold_loss":0},{"cards_removed":["Defend_B"],"damage_healed":0,"gold_gain":0,"player_choice":"Removed Skill","damage_taken":0,"max_hp_gain":0,"max_hp_loss":0,"event_name":"Falling","floor":36,"gold_loss":0},{"damage_healed":0,"gold_gain":0,"player_choice":"Ignored","damage_taken":0,"max_hp_gain":0,"max_hp_loss":0,"event_name":"Tomb of Lord Red Mask","floor":37,"gold_loss":0}],"is_beta":true,"boss_relics":[{"not_picked":["Coffee Dripper","Astrolabe"],"picked":"Sozu"},{"not_picked":["FrozenCore","Nuclear Battery"],"picked":"Cursed Key"}],"items_purged_floors":[4,24,45],"is_endless":false,"potions_floor_spawned":[1,5,10,14,22,23,30,35,47,54],"killed_by":"The Heart","ascension_level":0}