{"gold_per_floor":[113,126,51,126,45,74,74,91,91,91,91,111,36,59,59,130,130,143,143,153,153,171,182,182,38,61,61,61,61,72,90,90,90],"floor_reached":33,"playtime":1251,"items_purged":["Strike_G"],"score":565,"play_id":"57882445-c1db-4180-80c4-7541c6cfafc5","local_time":"20190110215126","is_ascension_mode":true,"campfire_choices":[{"data":"Footwork","floor":7,"key":"SMITH"},{"data":"Neutralize","floor":11,"key":"SMITH"},{"data":"Sucker Punch","floor":15,"key":"SMITH"},{"data":"Cloak And Dagger","floor":24,"key":"SMITH"},{"data":"Blade Dance","floor":27,"key":"SMITH"},{"floor":32,"key":"REST"}],"neow_cost":"NONE","seed_source_timestamp":92280493549800,"circlet_count":0,"master_deck":["AscendersBane","Defend_G","Defend_G","Defend_G","Defend_G","Survivor","Neutralize+1","Dodge and Roll","Dagger Spray+1","Footwork+1","Dash","Sucker Punch+1","Envenom+1","Crippling Poison","Bite","Bite","Bite","Bite","Cloak And Dagger","Cloak And Dagger+1","Infinite Blades+1","Blade Dance+1","Cloak And Dagger+1","Backstab","Blur"],"relics":["Ring of the Snake","NeowsBlessing","Frozen Egg 2","Ancient Tea Set","Odd Mushroom","Sozu","Snake Skull"],"potions_floor_usage":[16,16],"damage_taken":[{"damage":0,"enemies":"2 Louse","floor":1,"turns":1},{"damage":0,"enemies":"Jaw Worm","floor":2,"turns":1},{"damage":0,"enemies":"Gremlin Nob","floor":6,"turns":1},{"damage":4,"enemies":"Small Slimes","floor":8,"turns":5},{"damage":0,"enemies":"2 Fungi Beasts","floor":12,"turns":3},{"damage":5,"enemies":"The Mushroom Lair","floor":14,"turns":5},{"damage":34,"enemies":"The Guardian","floor":16,"turns":22},{"damage":7,"enemies":"3 Byrds","floor":18,"turns":6},{"damage":5,"enemies":"Spheric Guardian","floor":20,"turns":8},{"damage":24,"enemies":"3 Cultists","floor":22,"turns":6},{"damage":5,"enemies":"Centurion and Healer","floor":23,"turns":12},{"damage":25,"enemies":"Snake Plant","floor":30,"turns":5},{"damage":4,"enemies":"Snecko","floor":31,"turns":4},{"damage":52,"enemies":"Collector","floor":33,"turns":8}],"seed_played":"-73342637055968762","potions_obtained":[{"floor":2,"key":"Regen Potion"},{"floor":8,"key":"Ancient Potion"},{"floor":12,"key":"LiquidBronze"},{"floor":14,"key":"Regen Potion"}],"is_trial":false,"path_per_floor":["M","M","?","?","$","E","R","M","T","?","R","M","$","?","R","B",null,"M","?","M","?","M","M","R","$","T","R","?","$","M","M","R","B"],"character_chosen":"THE_SILENT","items_purchased":["Footwork","Infinite Blades+1","Blade Dance"],"campfire_rested":1,"item_purchase_floors":[5,25,25],"current_hp_per_floor":[59,59,59,48,48,48,48,44,44,44,44,44,44,39,39,35,58,51,46,46,46,28,46,46,46,46,46,46,46,21,23,36,0],"gold":90,"neow_bonus":"THREE_ENEMY_KILL","is_prod":false,"is_daily":false,"chose_seed":false,"campfire_upgraded":5,"win_rate":0,"timestamp":1547153486,"path_taken":["M","M","?","?","?","E","R","M","T","?","R","?","$","?","R","BOSS","M","?","M","?","M","?","R","$","T","R","?","$","M","M","R","BOSS"],"build_version":"2019-01-09","purchased_purges":1,"victory":false,"max_hp_per_floor":[66,66,66,66,66,66,66,66,66,66,66,66,66,66,66,66,66,66,46,46,46,46,46,46,46,46,46,46,46,46,46,46,46],"card_choices":[{"not_picked":["Deadly Poison","Dagger Throw"],"picked":"Dodge and Roll","floor":1},{"not_picked":["Calculated Gamble","Acrobatics"],"picked":"Dagger Spray","floor":2},{"not_picked":["Finisher","Prepared","Deadly Poison"],"picked":"SKIP","floor":6},{"not_picked":["Accuracy+1","Dodge and Roll"],"picked":"Dash","floor":8},{"not_picked":["Poisoned Stab","PiercingWail","Deflect"],"picked":"SKIP","floor":12},{"not_picked":["Poisoned Stab","PiercingWail","Deflect"],"picked":"SKIP","floor":12},{"not_picked":["Poisoned Stab","PiercingWail","Deflect"],"picked":"SKIP","floor":12},{"not_picked":["Blade Dance","Setup"],"picked":"Sucker Punch","floor":14},{"not_picked":["Bullet Time","Tools of the Trade+1"],"picked":"Envenom+1","floor":16},{"not_picked":["Bane","Accuracy+1"],"picked":"Crippling Poison","floor":18},{"not_picked":["Dagger Throw","Accuracy+1"],"picked":"Cloak And Dagger","floor":20},{"not_picked":["Accuracy+1","Crippling Poison","Deflect"],"picked":"SKIP","floor":22},{"not_picked":["Terror","Dagger Throw"],"picked":"Cloak And Dagger","floor":23},{"not_picked":["Escape Plan","Choke"],"picked":"Backstab","floor":30},{"not_picked":["Riddle With Holes","Concentrate"],"picked":"Blur","floor":31}],"player_experience":1029144,"relics_obtained":[{"floor":6,"key":"Frozen Egg 2"},{"floor":9,"key":"Ancient Tea Set"},{"floor":14,"key":"Odd Mushroom"},{"floor":26,"key":"Snake Skull"}],"event_choices":[{"cards_removed":["Defend_G"],"damage_healed":0,"gold_gain":0,"player_choice":"Card Removal","damage_taken":0,"max_hp_gain":0,"max_hp_loss":0,"event_name":"The Cleric","floor":3,"gold_loss":75},{"damage_healed":0,"gold_gain":75,"player_choice":"Gather Gold","damage_taken":11,"max_hp_gain":0,"max_hp_loss":0,"event_name":"World of Goop","floor":4,"gold_loss":0},{"damage_healed":0,"gold_gain":0,"player_choice":"Grow","damage_taken":0,"max_hp_gain":0,"max_hp_loss":0,"event_name":"Living Wall","floor":10,"gold_loss":0,"cards_upgraded":["Dagger Spray"]},{"damage_healed":0,"gold_gain":0,"player_choice":"Fought Mushrooms","damage_taken":0,"max_hp_gain":0,"max_hp_loss":0,"event_name":"Mushrooms","floor":14,"gold_loss":0},{"damage_healed":0,"gold_gain":0,"player_choice":"Became a vampire","damage_taken":0,"max_hp_gain":0,"max_hp_loss":20,"event_name":"Vampires","floor":19,"gold_loss":0,"cards_obtained":["Bite","Bite","Bite","Bite","Bite"]},{"cards_removed":["Bite"],"damage_healed":5,"gold_gain":0,"player_choice":"Offered Special","damage_taken":0,"max_hp_gain":0,"max_hp_loss":0,"event_name":"Bonfire Elementals","floor":21,"gold_loss":0},{"damage_healed":0,"gold_gain":0,"player_choice":"Copied","damage_taken":0,"max_hp_gain":0,"max_hp_loss":0,"event_name":"Duplicator","floor":28,"gold_loss":0,"cards_obtained":["Cloak And Dagger"]}],"is_beta":true,"boss_relics":[{"not_picked":["Fusion Hammer","Velvet Choker"],"picked":"Sozu"}],"items_purged_floors":[13],"is_endless":false,"potions_floor_spawned":[2,8,12,14,23,30,31],"killed_by":"Collector","ascension_level":20}