{"gold_per_floor":[14,14,29,43,43,43,82,82,161,202,202,18,43,66,66,186,186,210,210,210,210,210,210,251,251,251,287,287,305,330,355,355,475,475,498,521,521,521,854,443,477,488,488,502,73,83,109,155,155,155],"floor_reached":51,"playtime":1429,"items_purged":["Strike_R","Strike_R+1","Strike_R+1"],"score":878,"play_id":"e2eb62d1-a5a8-4d2e-9b6c-fd651803cd23","local_time":"20190503135310","is_ascension_mode":false,"campfire_choices":[{"data":"Bash","floor":6.0,"key":"SMITH"},{"data":"Clothesline","floor":8.0,"key":"SMITH"},{"data":"1","floor":11.0,"key":"LIFT"},{"data":"2","floor":15.0,"key":"LIFT"},{"data":"3","floor":23.0,"key":"LIFT"},{"floor":25.0,"key":"RECALL"},{"floor":32,"key":"REST"},{"floor":49,"key":"REST"}],"neow_cost":"NO_GOLD","seed_source_timestamp":1824922995609600,"circlet_count":0,"master_deck":["Strike_R+1","Defend_R+1","Defend_R+1","Defend_R+1","Defend_R+1","Bash+1","Clothesline+1","True Grit+1","Uppercut+1","Exhume+1","Anger","Power Through","Twin Strike","Feed","Cleave+1","Spot Weakness+1","Necronomicurse","Shrug It Off","Feel No Pain","Evolve+1","Whirlwind+1","Immolate","Headbutt+1","Battle Trance","Metallicize","Spot Weakness+1","Immolate","Shrug It Off+1","True Grit+1","True Grit+1","Burning Pact+1"],"special_seed":0,"relics":["Burning Blood","Red Skull","The Courier","Girya","Vajra","Fusion Hammer","Necronomicon","War Paint","Meat on the Bone","Mummified Hand","Snecko Eye","Bag of Marbles","DollysMirror","Oddly Smooth Stone","Toxic Egg 2","Paper Frog","Ancient Tea Set","Whetstone","Ice Cream"],"potions_floor_usage":[33,50,50],"damage_taken":[{"damage":2.0,"enemies":"2 Louse","floor":1.0,"turns":3.0},{"damage":3.0,"enemies":"Jaw Worm","floor":3.0,"turns":5.0},{"damage":5.0,"enemies":"Small Slimes","floor":4.0,"turns":5.0},{"damage":20.0,"enemies":"Gremlin Nob","floor":7.0,"turns":4.0},{"damage":35.0,"enemies":"3 Sentries","floor":10.0,"turns":7.0},{"damage":1.0,"enemies":"3 Louse","floor":13.0,"turns":3.0},{"damage":3.0,"enemies":"Red Slaver","floor":14.0,"turns":3.0},{"damage":15.0,"enemies":"Hexaghost","floor":16.0,"turns":7.0},{"damage":14.0,"enemies":"3 Byrds","floor":18.0,"turns":5.0},{"damage":4.0,"enemies":"Gremlin Leader","floor":24.0,"turns":4.0},{"damage":0.0,"enemies":"Book of Stabbing","floor":27.0,"turns":4.0},{"damage":0.0,"enemies":"Spheric Guardian","floor":29.0,"turns":2.0},{"damage":2.0,"enemies":"Snecko","floor":30.0,"turns":3.0},{"damage":0.0,"enemies":"Centurion and Healer","floor":31.0,"turns":4.0},{"damage":38,"enemies":"Collector","floor":33,"turns":7},{"damage":20,"enemies":"3 Darklings","floor":35,"turns":2},{"damage":10,"enemies":"3 Shapes","floor":36,"turns":3},{"damage":30,"enemies":"Nemesis","floor":41,"turns":5},{"damage":2,"enemies":"Transient","floor":42,"turns":5},{"damage":0,"enemies":"Spire Growth","floor":44,"turns":2},{"damage":0,"enemies":"Sphere and 2 Shapes","floor":46,"turns":1},{"damage":0,"enemies":"Reptomancer","floor":47,"turns":2},{"damage":0,"enemies":"2 Orb Walkers","floor":48,"turns":1},{"damage":40,"enemies":"Donu and Deca","floor":50,"turns":4}],"seed_played":"5603750463927672522","potions_obtained":[{"floor":1.0,"key":"PowerPotion"},{"floor":7.0,"key":"GamblersBrew"},{"floor":13.0,"key":"Dexterity Potion"},{"floor":27.0,"key":"AttackPotion"},{"floor":31.0,"key":"FearPotion"},{"floor":33,"key":"Regen Potion"},{"floor":48,"key":"SteroidPotion"}],"is_trial":false,"path_per_floor":["M","?","M","M","?","R","E","R","T","E","R","$","M","M","R","B",null,"M","?","?","?","?","R","E","R","T","E","?","M","M","M","R","B",null,"M","M","?","?","?","$","E","M","T","M","$","M","E","?","R","B",null],"character_chosen":"IRONCLAD","items_purchased":["Vajra","Bag of Marbles","Metallicize","DollysMirror","Paper Frog","True Grit+1","Ancient Tea Set"],"campfire_rested":2,"item_purchase_floors":[12,40,40,40,45,45,45],"current_hp_per_floor":[96,72,75,76,76,76,62,62,62,33,33,33,38,41,41,32,96,94,94,94,78,78,78,80,80,80,86,86,92,96,105,105,76,108,94,93,93,93,93,93,69,73,73,79,79,85,94,103,117,83],"gold":155,"neow_bonus":"TWENTY_PERCENT_HP_BONUS","is_prod":false,"is_daily":false,"chose_seed":false,"campfire_upgraded":2,"win_rate":1,"timestamp":1556916790,"path_taken":["M","?","M","M","?","R","E","R","T","E","R","$","M","M","R","BOSS","M","?","?","?","?","R","E","R","T","E","?","M","M","?","R","BOSS","M","M","?","?","?","$","E","M","T","?","$","M","E","?","R","BOSS"],"build_version":"2019-01-23","purchased_purges":3,"victory":true,"max_hp_per_floor":[96,96,96,96,96,96,96,96,96,96,96,96,96,96,96,96,96,102,102,102,102,102,102,102,102,102,102,102,102,102,105,105,108,108,108,111,111,111,111,111,111,111,111,111,111,111,114,117,117,117],"card_choices":[{"not_picked":["Heavy Blade","Cleave"],"picked":"Clothesline","floor":1.0},{"not_picked":["Evolve","Heavy Blade"],"picked":"True Grit","floor":3.0},{"not_picked":["Wild Strike","Shrug It Off"],"picked":"Uppercut","floor":4.0},{"not_picked":["Blood for Blood","Fire Breathing"],"picked":"Exhume","floor":7.0},{"not_picked":["Whirlwind","Rupture"],"picked":"Anger","floor":10.0},{"not_picked":["True Grit","Perfected Strike"],"picked":"Power Through","floor":13.0},{"not_picked":["Sever Soul","Wild Strike"],"picked":"Twin Strike","floor":14.0},{"not_picked":["Juggernaut","Brutality"],"picked":"Feed","floor":16.0},{"not_picked":["Second Wind","Perfected Strike"],"picked":"Cleave","floor":18.0},{"not_picked":["Twin Strike","Uppercut"],"picked":"Shrug It Off","floor":24.0},{"not_picked":["Clothesline","Flex+1"],"picked":"Feel No Pain","floor":27.0},{"not_picked":["Whirlwind","Rampage"],"picked":"Evolve+1","floor":29.0},{"not_picked":["Blood for Blood+1","Wild Strike","Clash"],"picked":"SKIP","floor":30.0},{"not_picked":["Pummel","Dropkick+1"],"picked":"Whirlwind","floor":31.0},{"not_picked":["Demon Form","Impervious"],"picked":"Immolate","floor":33},{"not_picked":["Heavy Blade+1","Cleave"],"picked":"Headbutt+1","floor":35},{"not_picked":["Evolve","Cleave+1"],"picked":"Battle Trance","floor":36},{"not_picked":["Flex+1","Heavy Blade"],"picked":"Immolate","floor":41},{"not_picked":["Uppercut","Burning Pact","Infernal Blade"],"picked":"SKIP","floor":42},{"not_picked":["Pummel","Havoc+1"],"picked":"Shrug It Off+1","floor":44},{"not_picked":["Combust","Havoc+1","Sentinel+1"],"picked":"SKIP","floor":46},{"not_picked":["Perfected Strike+1","Body Slam+1"],"picked":"True Grit+1","floor":47},{"not_picked":["Dual Wield+1","Thunderclap+1"],"picked":"Burning Pact+1","floor":48}],"player_experience":710073,"relics_obtained":[{"floor":7.0,"key":"Red Skull"},{"floor":9.0,"key":"The Courier"},{"floor":10.0,"key":"Girya"},{"floor":21.0,"key":"Necronomicon"},{"floor":24.0,"key":"War Paint"},{"floor":26.0,"key":"Meat on the Bone"},{"floor":27.0,"key":"Mummified Hand"},{"floor":41,"key":"Oddly Smooth Stone"},{"floor":43,"key":"Toxic Egg 2"},{"floor":47,"key":"Whetstone"},{"floor":48,"key":"Ice Cream"}],"event_choices":[{"damage_healed":0.0,"max_hp_gain":0.0,"max_hp_loss":0.0,"gold_gain":0.0,"event_name":"Golden Idol","player_choice":"Take Damage","floor":2.0,"gold_loss":0.0,"damage_taken":24.0,"relics_obtained":["Golden Idol"]},{"damage_healed":0.0,"max_hp_gain":0.0,"max_hp_loss":0.0,"gold_gain":0.0,"event_name":"Living Wall","player_choice":"Grow","floor":5.0,"gold_loss":0.0,"damage_taken":0.0,"cards_upgraded":["Uppercut"]},{"damage_healed":0.0,"max_hp_gain":0.0,"max_hp_loss":0.0,"gold_gain":0.0,"event_name":"Back to Basics","player_choice":"Simplicity","floor":19.0,"gold_loss":0.0,"damage_taken":0.0,"cards_upgraded":["Strike_R","Strike_R","Strike_R","Strike_R","Defend_R","Defend_R","Defend_R","Defend_R"]},{"damage_healed":0.0,"max_hp_gain":0.0,"max_hp_loss":0.0,"gold_gain":0.0,"event_name":"The Library","player_choice":"Read","floor":20.0,"gold_loss":0.0,"damage_taken":0.0,"cards_obtained":["Spot Weakness"]},{"damage_healed":0.0,"max_hp_gain":0.0,"max_hp_loss":0.0,"gold_gain":0.0,"event_name":"Cursed Tome","player_choice":"Obtained Book","floor":21.0,"gold_loss":0.0,"damage_taken":16.0},{"damage_healed":0.0,"max_hp_gain":0.0,"max_hp_loss":0.0,"gold_gain":0.0,"event_name":"Ghosts","player_choice":"Ignored","floor":22.0,"gold_loss":0.0,"damage_taken":0.0},{"damage_healed":0.0,"max_hp_gain":0.0,"max_hp_loss":0.0,"gold_gain":0.0,"event_name":"Upgrade Shrine","player_choice":"Upgraded","floor":28.0,"gold_loss":0.0,"damage_taken":0.0,"cards_upgraded":["True Grit"]},{"damage_healed":0,"gold_gain":0,"player_choice":"Ignored","damage_taken":0,"max_hp_gain":0,"max_hp_loss":0,"event_name":"Tomb of Lord Red Mask","floor":37,"gold_loss":0},{"cards_removed":["Strike_R"],"damage_healed":0,"gold_gain":0,"player_choice":"Removed Attack","damage_taken":0,"max_hp_gain":0,"max_hp_loss":0,"event_name":"Falling","floor":38,"gold_loss":0},{"damage_healed":0,"gold_gain":333,"player_choice":"Gave Idol","damage_taken":0,"max_hp_gain":0,"max_hp_loss":0,"event_name":"The Moai Head","floor":39,"relics_lost":["Golden Idol"],"gold_loss":0},{"damage_healed":0,"gold_gain":0,"player_choice":"Fight","damage_taken":0,"max_hp_gain":0,"max_hp_loss":0,"event_name":"Mysterious Sphere","floor":48,"gold_loss":0}],"is_beta":false,"boss_relics":[{"not_picked":["Tiny House","Runic Pyramid"],"picked":"Fusion Hammer"},{"not_picked":["White Beast Statue","Pandora\u0027s Box"],"picked":"Snecko Eye"}],"items_purged_floors":[12,40,45],"is_endless":false,"potions_floor_spawned":[1,7,13,27,31,33,36,41,44,48],"ascension_level":0}