{"gold_per_floor":[118,118,118,32,50,50,74,99,99,123,123,45,89,54,54,54],"floor_reached":16,"playtime":710,"items_purged":[],"score":200,"play_id":"82807919-6bc4-4b7a-9ffa-f4c9f74cb858","local_time":"20190110212323","is_ascension_mode":true,"campfire_choices":[{"floor":6,"key":"DIG"},{"floor":11,"key":"REST"},{"floor":15,"key":"REST"}],"neow_cost":"NONE","seed_source_timestamp":91138106550500,"circlet_count":0,"master_deck":["AscendersBane","Defend_G","Defend_G","Defend_G","Defend_G","Defend_G","Strike_G","Strike_G","Strike_G","Strike_G","Strike_G","Survivor","Neutralize","Backflip","Injury","Footwork","Backflip","Skewer","Crippling Poison","Dodge and Roll","Footwork","Flying Knee"],"relics":["Ring of the Snake","Smiling Mask","Shovel","Golden Idol","Vajra","Ninja Scroll","Regal Pillow"],"potions_floor_usage":[8,16,16],"damage_taken":[{"damage":6,"enemies":"Small Slimes","floor":1,"turns":6},{"damage":10,"enemies":"Jaw Worm","floor":5,"turns":9},{"damage":1,"enemies":"2 Louse","floor":7,"turns":4},{"damage":12,"enemies":"Lots of Slimes","floor":8,"turns":7},{"damage":3,"enemies":"Gremlin Gang","floor":10,"turns":4},{"damage":27,"enemies":"3 Sentries","floor":13,"turns":17},{"damage":59,"enemies":"Slime Boss","floor":16,"turns":10}],"seed_played":"1349951800958341896","potions_obtained":[{"floor":1,"key":"Strength Potion"},{"floor":7,"key":"Poison Potion"},{"floor":8,"key":"Energy Potion"}],"is_trial":false,"path_per_floor":["M","?","?","$","M","R","M","M","T","M","R","$","E","?","R","B"],"character_chosen":"THE_SILENT","items_purchased":["Footwork","Footwork"],"campfire_rested":2,"item_purchase_floors":[4,12],"current_hp_per_floor":[53,42,42,42,32,32,31,19,19,16,35,35,8,24,58,0],"gold":54,"neow_bonus":"RANDOM_COMMON_RELIC","is_prod":false,"is_daily":false,"chose_seed":false,"campfire_upgraded":0,"win_rate":0,"timestamp":1547151803,"path_taken":["M","?","?","?","?","R","M","M","T","M","R","$","E","?","R","BOSS"],"build_version":"2019-01-09","purchased_purges":0,"victory":false,"max_hp_per_floor":[66,66,66,66,66,66,66,66,66,66,66,66,66,66,66,66],"card_choices":[{"not_picked":["Well Laid Plans","Acrobatics"],"picked":"Backflip","floor":1},{"not_picked":["Outmaneuver","Flechettes"],"picked":"Backflip","floor":5},{"not_picked":["Concentrate","Deadly Poison"],"picked":"Skewer","floor":7},{"not_picked":["Quick Slash","Bane"],"picked":"Crippling Poison","floor":8},{"not_picked":["Underhanded Strike","Deadly Poison"],"picked":"Dodge and Roll","floor":10},{"not_picked":["Corpse Explosion","Poisoned Stab"],"picked":"Flying Knee","floor":13}],"player_experience":1028036,"relics_obtained":[{"floor":6,"key":"Vajra"},{"floor":9,"key":"Ninja Scroll"},{"floor":13,"key":"Regal Pillow"}],"event_choices":[{"damage_healed":0,"gold_gain":0,"player_choice":"Success","damage_taken":11,"relics_obtained":["Shovel"],"max_hp_gain":0,"max_hp_loss":0,"event_name":"Scrap Ooze","floor":2,"gold_loss":0},{"damage_healed":0,"gold_gain":0,"player_choice":"Take Wound","damage_taken":0,"relics_obtained":["Golden Idol"],"max_hp_gain":0,"max_hp_loss":0,"event_name":"Golden Idol","floor":3,"gold_loss":0,"cards_obtained":["Injury"]},{"damage_healed":16,"gold_gain":0,"player_choice":"Healed","damage_taken":0,"max_hp_gain":0,"max_hp_loss":0,"event_name":"The Cleric","floor":14,"gold_loss":35}],"is_beta":true,"boss_relics":[],"items_purged_floors":[],"is_endless":false,"potions_floor_spawned":[1,7,8,13],"killed_by":"Slime Boss","ascension_level":20}