{"gold_per_floor":[119,294,219,236,136,161,161,161,161,161,173,187,216,43,43,141,141,159,175,90,108,122,122,122,122,149,163,163,13,28,39],"floor_reached":31,"playtime":832,"items_purged":["Doubt","Defend_R","Strike_R","Barricade"],"score":247,"play_id":"0afddabe-cec8-40d3-9903-60862e909312","local_time":"20190222234910","is_ascension_mode":false,"campfire_choices":[{"data":"Bash","floor":8,"key":"SMITH"},{"floor":10,"key":"REST"},{"floor":15,"key":"REST"},{"floor":23,"key":"REST"}],"neow_cost":"NONE","seed_source_timestamp":258080832762700,"circlet_count":0,"master_deck":["Bash+1","Searing Blow+1","Havoc+1","Cleave+1","Battle Trance"],"relics":["Burning Blood","Shuriken","Molten Egg 2","Potion Belt","Astrolabe","Boot","WingedGreaves","Oddly Smooth Stone"],"potions_floor_usage":[13,13,16,16,22],"damage_taken":[{"damage":6,"enemies":"Cultist","floor":1,"turns":3},{"damage":5,"enemies":"Small Slimes","floor":4,"turns":4},{"damage":54,"enemies":"Lagavulin","floor":6,"turns":7},{"damage":11,"enemies":"Jaw Worm","floor":11,"turns":2},{"damage":3,"enemies":"2 Fungi Beasts","floor":12,"turns":4},{"damage":52,"enemies":"3 Sentries","floor":13,"turns":9},{"damage":35,"enemies":"Slime Boss","floor":16,"turns":8},{"damage":15,"enemies":"3 Byrds","floor":18,"turns":3},{"damage":20,"enemies":"2 Thieves","floor":19,"turns":2},{"damage":21,"enemies":"3 Cultists","floor":21,"turns":4},{"damage":22,"enemies":"Shelled Parasite and Fungi","floor":22,"turns":3},{"damage":38,"enemies":"Centurion and Healer","floor":27,"turns":6},{"damage":0,"enemies":"Snecko","floor":30,"turns":2},{"damage":21,"enemies":"Snake Plant","floor":31,"turns":3}],"seed_played":"-3696550934724183458","potions_obtained":[{"floor":4,"key":"SpeedPotion"},{"floor":11,"key":"Regen Potion"},{"floor":12,"key":"BloodPotion"},{"floor":13,"key":"AttackPotion"},{"floor":18,"key":"Ancient Potion"},{"floor":21,"key":"Dexterity Potion"},{"floor":30,"key":"Block Potion"}],"is_trial":false,"path_per_floor":["M","?","$","M","$","E","?","R","T","R","M","M","E","$","R","B",null,"M","M","?","M","M","R","?","?","T","M","?","$","M","M"],"character_chosen":"IRONCLAD","items_purchased":["Strength Potion"],"campfire_rested":3,"item_purchase_floors":[14],"current_hp_per_floor":[80,80,80,80,80,32,25,25,25,49,44,47,24,24,48,19,80,71,57,57,42,26,50,50,50,50,18,18,18,24,9],"gold":39,"neow_bonus":"REMOVE_CARD","is_prod":false,"is_daily":false,"chose_seed":false,"campfire_upgraded":1,"win_rate":0,"timestamp":1550875750,"path_taken":["M","?","$","M","$","E","?","R","T","R","M","M","E","$","R","BOSS","M","M","?","M","M","R","?","?","T","M","?","$","?","M"],"build_version":"2019-02-06","purchased_purges":4,"victory":false,"max_hp_per_floor":[80,80,80,80,80,80,80,80,80,80,80,80,80,80,80,80,80,80,80,80,80,80,80,80,80,80,80,80,80,80,80],"card_choices":[{"not_picked":["True Grit","Iron Wave","Perfected Strike"],"picked":"SKIP","floor":1},{"not_picked":["Iron Wave","Berserk","Body Slam"],"picked":"SKIP","floor":4},{"not_picked":["True Grit","Carnage","Evolve"],"picked":"SKIP","floor":6},{"not_picked":["Armaments","Warcry","Carnage+1"],"picked":"SKIP","floor":11},{"not_picked":["Sentinel","Inflame","Thunderclap+1"],"picked":"SKIP","floor":12},{"not_picked":["Heavy Blade+1","Entrench","Clothesline+1"],"picked":"SKIP","floor":13},{"not_picked":["Iron Wave+1","Blood for Blood+1","Havoc"],"picked":"SKIP","floor":18},{"not_picked":["Inflame","Body Slam+1","Metallicize"],"picked":"SKIP","floor":19},{"not_picked":["Corruption","Combust+1","Clash+1"],"picked":"SKIP","floor":21},{"not_picked":["Ghostly Armor","Twin Strike+1","Shockwave+1"],"picked":"SKIP","floor":22},{"not_picked":["Intimidate","Iron Wave+1","Body Slam+1"],"picked":"SKIP","floor":27},{"not_picked":["Sentinel","Sever Soul+1","Double Tap"],"picked":"SKIP","floor":30}],"player_experience":1172760,"relics_obtained":[{"floor":6,"key":"Shuriken"},{"floor":9,"key":"Molten Egg 2"},{"floor":13,"key":"Potion Belt"},{"floor":26,"key":"Oddly Smooth Stone"}],"event_choices":[{"damage_healed":0,"gold_gain":175,"player_choice":"AGREE","damage_taken":0,"max_hp_gain":0,"max_hp_loss":0,"event_name":"Liars Game","floor":2,"gold_loss":0,"cards_obtained":["Doubt"]},{"cards_removed":["Strike_R"],"damage_healed":0,"gold_gain":0,"player_choice":"Card Removal","damage_taken":7,"max_hp_gain":0,"max_hp_loss":0,"event_name":"Golden Wing","floor":7,"gold_loss":0},{"damage_healed":0,"gold_gain":0,"player_choice":"Obtained Relic","damage_taken":0,"relics_obtained":["Boot"],"max_hp_gain":0,"max_hp_loss":0,"event_name":"Addict","floor":20,"gold_loss":85},{"damage_healed":0,"gold_gain":0,"player_choice":"Opened","damage_taken":0,"relics_obtained":["WingedGreaves"],"max_hp_gain":0,"max_hp_loss":0,"event_name":"The Mausoleum","floor":24,"gold_loss":0},{"damage_healed":0,"gold_gain":0,"cards_transformed":["Strike_R","Strike_R"],"player_choice":"Became Test Subject","damage_taken":0,"max_hp_gain":0,"max_hp_loss":0,"event_name":"Drug Dealer","floor":25,"gold_loss":0,"cards_obtained":["Battle Trance","Barricade"]},{"damage_healed":0,"gold_gain":0,"player_choice":"Ignored","damage_taken":0,"max_hp_gain":0,"max_hp_loss":0,"event_name":"Vampires","floor":28,"gold_loss":0}],"is_beta":true,"boss_relics":[{"not_picked":["Eternal Feather","Runic Dome"],"picked":"Astrolabe"}],"items_purged_floors":[3,5,14,29],"is_endless":false,"potions_floor_spawned":[4,11,12,13,18,21,30],"killed_by":"Snake Plant","ascension_level":0}