{"gold_per_floor":[117,42,58,133,133,133,159,43,43,59,79,110,110,123,123,200,200,219,8,8,21,39,64,64,64,64,83,94,94,128,145,145,220,220,240,106,1105,1105,1105,663,688,688,688,706,398,398],"floor_reached":46,"playtime":1016,"items_purged":["Regret","Doubt","Normality","Normality"],"score":1142,"play_id":"c7315154-3d32-4349-b439-72725ec612d8","local_time":"20190415213457","is_ascension_mode":true,"campfire_choices":[{"data":"Bludgeon","floor":6.0,"key":"SMITH"},{"data":"Inflame","floor":13.0,"key":"SMITH"},{"data":"Bash","floor":15.0,"key":"SMITH"},{"data":"Immolate","floor":24.0,"key":"SMITH"},{"floor":32.0,"key":"REST"}],"neow_cost":"NONE","seed_source_timestamp":0,"circlet_count":0,"master_deck":["AscendersBane","Strike_R","Strike_R","Strike_R","Strike_R","Strike_R","Defend_R","Defend_R","Defend_R","Bash+1","Sword Boomerang","Bludgeon+1","Inflame+1","Immolate+1","Sword Boomerang","Shrug It Off+1","Shrug It Off","Shrug It Off","Rampage","Demon Form","Heavy Blade+1","Injury","Parasite","Limit Break","Shrug It Off","Pummel","True Grit+1"],"special_seed":0,"relics":["Burning Blood","NeowsBlessing","Regal Pillow","PreservedInsect","Pen Nib","Velvet Choker","Membership Card","Gremlin Horn","Mercury Hourglass","Bag of Preparation","Calling Bell","Potion Belt","Ornamental Fan","Mango","Oddly Smooth Stone","Juzu Bracelet","Dodecahedron","Bottled Flame","Toxic Egg 2","Sundial"],"potions_floor_usage":[46],"damage_taken":[{"damage":0.0,"enemies":"2 Louse","floor":1.0,"turns":1.0},{"damage":0.0,"enemies":"Jaw Worm","floor":3.0,"turns":1.0},{"damage":0.0,"enemies":"3 Sentries","floor":7.0,"turns":1.0},{"damage":0.0,"enemies":"Cultist","floor":10.0,"turns":2.0},{"damage":8.0,"enemies":"2 Fungi Beasts","floor":11.0,"turns":4.0},{"damage":15.0,"enemies":"Lagavulin","floor":12.0,"turns":4.0},{"damage":10.0,"enemies":"Gremlin Gang","floor":14.0,"turns":3.0},{"damage":28.0,"enemies":"Slime Boss","floor":16.0,"turns":5.0},{"damage":13.0,"enemies":"Chosen","floor":18.0,"turns":4.0},{"damage":0.0,"enemies":"Spheric Guardian","floor":21.0,"turns":2.0},{"damage":13.0,"enemies":"Centurion and Healer","floor":22.0,"turns":9.0},{"damage":14.0,"enemies":"Book of Stabbing","floor":23.0,"turns":3.0},{"damage":19.0,"enemies":"Snake Plant","floor":27.0,"turns":3.0},{"damage":7.0,"enemies":"Cultist and Chosen","floor":28.0,"turns":3.0},{"damage":5.0,"enemies":"Slavers","floor":30.0,"turns":2.0},{"damage":20.0,"enemies":"Shelled Parasite and Fungi","floor":31.0,"turns":3.0},{"damage":29.0,"enemies":"Champ","floor":33.0,"turns":9.0},{"damage":17.0,"enemies":"3 Darklings","floor":35.0,"turns":5.0},{"damage":73.0,"enemies":"Reptomancer","floor":41.0,"turns":5.0},{"damage":0,"enemies":"3 Shapes","floor":44,"turns":3},{"damage":13,"enemies":"Giant Head","floor":46,"turns":2}],"seed_played":"-7008665055829830896","potions_obtained":[{"floor":3.0,"key":"Swift Potion"},{"floor":11.0,"key":"Swift Potion"},{"floor":18.0,"key":"EssenceOfSteel"},{"floor":27.0,"key":"Fruit Juice"},{"floor":44,"key":"SteroidPotion"}],"is_trial":false,"path_per_floor":["M","?","M","?","?","R","E","$","T","M","M","E","R","M","R","B",null,"M","$","?","M","M","E","R","?","T","M","M","?","E","M","R","B",null,"M","$","?","?","?","$","E","?","T","M","$","E"],"character_chosen":"IRONCLAD","items_purchased":["Inflame","Membership Card","Oddly Smooth Stone","Limit Break","Shrug It Off","Juzu Bracelet","Dodecahedron","Pummel","Ancient Potion","SpeedPotion","Sundial","True Grit+1"],"campfire_rested":1,"item_purchase_floors":[8,19,36,40,40,40,40,40,45,45,45,45],"current_hp_per_floor":[74,74,75,64,64,64,70,70,70,75,73,64,64,60,60,38,66,59,59,59,65,58,50,50,50,50,42,41,41,42,28,67,44,85,74,74,74,74,74,74,7,7,7,13,13,0],"gold":398,"neow_bonus":"THREE_ENEMY_KILL","is_prod":false,"is_daily":false,"chose_seed":false,"campfire_upgraded":4,"win_rate":0,"timestamp":1555356897,"path_taken":["M","?","M","?","?","R","E","?","T","M","M","E","R","?","R","BOSS","M","$","?","M","?","E","R","?","T","M","?","?","E","M","R","BOSS","M","$","?","?","?","$","E","?","T","M","$","E"],"build_version":"2019-04-04","purchased_purges":4,"victory":false,"max_hp_per_floor":[75,75,75,75,75,75,75,75,75,75,75,75,75,75,75,75,75,75,75,75,75,75,75,75,75,75,80,80,80,80,80,80,80,94,94,94,94,94,94,94,94,94,94,94,94,94],"card_choices":[{"not_picked":["Wild Strike","Clash"],"picked":"Sword Boomerang","floor":1.0},{"not_picked":["Heavy Blade","Body Slam"],"picked":"Bludgeon","floor":3.0},{"not_picked":["Armaments","Bloodletting","Clash"],"picked":"SKIP","floor":7.0},{"not_picked":["Iron Wave","Carnage","Thunderclap"],"picked":"SKIP","floor":10.0},{"not_picked":["Searing Blow","Thunderclap","Havoc"],"picked":"SKIP","floor":11.0},{"not_picked":["Metallicize","Rampage"],"picked":"Immolate","floor":12.0},{"not_picked":["Headbutt","Wild Strike","Twin Strike"],"picked":"SKIP","floor":14.0},{"not_picked":["Twin Strike+1","Searing Blow"],"picked":"Sword Boomerang","floor":18.0},{"not_picked":["Spot Weakness","Evolve"],"picked":"Shrug It Off+1","floor":21.0},{"not_picked":["Armaments","Seeing Red"],"picked":"Shrug It Off","floor":22.0},{"not_picked":["Carnage","Fire Breathing"],"picked":"Shrug It Off","floor":23.0},{"not_picked":["Thunderclap","Twin Strike+1","True Grit+1"],"picked":"SKIP","floor":27.0},{"not_picked":["Brutality","Wild Strike","Twin Strike"],"picked":"SKIP","floor":28.0},{"not_picked":["Iron Wave","Body Slam+1"],"picked":"Heavy Blade+1","floor":30.0},{"not_picked":["Infernal Blade","Hemokinesis","Clash+1"],"picked":"SKIP","floor":31.0},{"not_picked":["Headbutt+1","Blood for Blood+1","Warcry"],"picked":"SKIP","floor":35.0},{"not_picked":["True Grit","Battle Trance","Fiend Fire"],"picked":"SKIP","floor":41.0},{"not_picked":["True Grit+1","Second Wind+1","Feel No Pain"],"picked":"SKIP","floor":44}],"player_experience":1391170,"relics_obtained":[{"floor":7.0,"key":"PreservedInsect"},{"floor":12.0,"key":"Pen Nib"},{"floor":23.0,"key":"Gremlin Horn"},{"floor":26.0,"key":"Mercury Hourglass"},{"floor":30.0,"key":"Bag of Preparation"},{"floor":34.0,"key":"Potion Belt"},{"floor":34.0,"key":"Ornamental Fan"},{"floor":34.0,"key":"Mango"},{"floor":41.0,"key":"Bottled Flame"},{"floor":43.0,"key":"Toxic Egg 2"}],"event_choices":[{"cards_removed":["Defend_R"],"damage_healed":0.0,"max_hp_gain":0.0,"max_hp_loss":0.0,"gold_gain":0.0,"event_name":"The Cleric","player_choice":"Card Removal","floor":2.0,"gold_loss":75.0,"damage_taken":0.0},{"damage_healed":0.0,"max_hp_gain":0.0,"max_hp_loss":0.0,"gold_gain":75.0,"event_name":"World of Goop","player_choice":"Gather Gold","floor":4.0,"gold_loss":0.0,"damage_taken":11.0},{"damage_healed":0.0,"max_hp_gain":0.0,"max_hp_loss":0.0,"gold_gain":0.0,"event_name":"Big Fish","player_choice":"Box","floor":5.0,"gold_loss":0.0,"damage_taken":0.0,"relics_obtained":["Regal Pillow"],"cards_obtained":["Regret"]},{"damage_healed":0.0,"max_hp_gain":0.0,"max_hp_loss":0.0,"gold_gain":0.0,"event_name":"Lab","player_choice":"Got Potions","floor":20.0,"gold_loss":0.0,"damage_taken":0.0},{"damage_healed":0.0,"max_hp_gain":0.0,"max_hp_loss":0.0,"gold_gain":0.0,"event_name":"Match and Keep!","player_choice":"2 cards matched","floor":25.0,"gold_loss":0.0,"damage_taken":0.0,"cards_obtained":["Rampage","Demon Form"]},{"damage_healed":0.0,"max_hp_gain":0.0,"max_hp_loss":0.0,"gold_gain":0.0,"event_name":"Vampires","player_choice":"Ignored","floor":29.0,"gold_loss":0.0,"damage_taken":0.0},{"damage_healed":0.0,"max_hp_gain":0.0,"max_hp_loss":0.0,"gold_gain":999.0,"event_name":"MindBloom","player_choice":"Gold","floor":37.0,"gold_loss":0.0,"damage_taken":0.0,"cards_obtained":["Normality","Normality"]},{"damage_healed":0.0,"max_hp_gain":0.0,"max_hp_loss":0.0,"gold_gain":0.0,"event_name":"Tomb of Lord Red Mask","player_choice":"Ignored","floor":38.0,"gold_loss":0.0,"damage_taken":0.0},{"damage_healed":0.0,"max_hp_gain":0.0,"max_hp_loss":0.0,"gold_gain":0.0,"event_name":"Mysterious Sphere","player_choice":"Ignored","floor":39.0,"gold_loss":0.0,"damage_taken":0.0},{"damage_healed":0.0,"max_hp_gain":0.0,"max_hp_loss":0.0,"gold_gain":0.0,"event_name":"SensoryStone","player_choice":"Memory 1","floor":42.0,"gold_loss":0.0,"damage_taken":0.0}],"is_beta":true,"boss_relics":[{"not_picked":["Eternal Feather","Empty Cage"],"picked":"Velvet Choker"},{"not_picked":["Black Blood","Sozu"],"picked":"Calling Bell"}],"items_purged_floors":[8,36,40,45],"is_endless":false,"potions_floor_spawned":[3,11,12,18,27,44],"killed_by":"Giant Head","ascension_level":20}