{"gold_per_floor":[114,114,128,147,93,93,117,117,172,172,172,186,186,206,206,279,279,291,311,311,7,7],"floor_reached":22,"playtime":753,"items_purged":["Strike_G"],"score":348,"play_id":"2982ecb6-3f4e-452b-a502-63306648c494","local_time":"20190119152737","is_ascension_mode":true,"campfire_choices":[{"data":"Dagger Spray","floor":6,"key":"SMITH"},{"data":"Neutralize","floor":8,"key":"SMITH"},{"data":"All Out Attack","floor":10,"key":"SMITH"},{"data":"Tools of the Trade","floor":13,"key":"SMITH"},{"floor":15,"key":"REST"}],"neow_cost":"NONE","seed_source_timestamp":9980874366400,"circlet_count":0,"master_deck":["AscendersBane","Defend_G","Defend_G","Defend_G","Defend_G","Strike_G","Strike_G","Strike_G","Strike_G","Survivor","Neutralize+1","Poisoned Stab+1","Tools of the Trade+1","All Out Attack+1","Dagger Spray+1","Flying Knee","Backflip","Blur","Burst","Backflip+1","Deadly Poison"],"relics":["Ring of the Snake","NeowsBlessing","Odd Mushroom","Boot","Eternal Feather","TwistedFunnel"],"potions_floor_usage":[16,16,22],"damage_taken":[{"damage":0,"enemies":"Jaw Worm","floor":1,"turns":1},{"damage":0,"enemies":"Cultist","floor":3,"turns":1},{"damage":0,"enemies":"2 Louse","floor":4,"turns":1},{"damage":13,"enemies":"The Mushroom Lair","floor":7,"turns":3},{"damage":9,"enemies":"Blue Slaver","floor":12,"turns":3},{"damage":0,"enemies":"2 Fungi Beasts","floor":14,"turns":3},{"damage":3,"enemies":"Slime Boss","floor":16,"turns":8},{"damage":32,"enemies":"2 Thieves","floor":18,"turns":4},{"damage":18,"enemies":"Shell Parasite","floor":19,"turns":10},{"damage":17,"enemies":"Cultist and Chosen","floor":22,"turns":7}],"seed_played":"-725854643912501504","potions_obtained":[{"floor":3,"key":"Fire Potion"},{"floor":4,"key":"SpeedPotion"},{"floor":12,"key":"Strength Potion"},{"floor":19,"key":"Fire Potion"}],"is_trial":false,"path_per_floor":["M","?","M","M","$","R","?","R","T","R","?","M","R","M","R","B",null,"M","M","?","$","M"],"character_chosen":"THE_SILENT","items_purchased":["Dagger Spray","TwistedFunnel"],"campfire_rested":1,"item_purchase_floors":[5,21],"current_hp_per_floor":[59,59,59,59,59,59,46,46,46,46,46,37,37,37,56,53,63,31,13,13,13,0],"gold":7,"neow_bonus":"THREE_ENEMY_KILL","is_prod":false,"is_daily":false,"chose_seed":false,"campfire_upgraded":4,"win_rate":0,"timestamp":1547908057,"path_taken":["M","?","?","M","?","R","?","R","T","R","?","M","R","M","R","BOSS","M","M","?","$","M"],"build_version":"2019-01-17","purchased_purges":1,"victory":false,"max_hp_per_floor":[66,66,66,66,66,66,66,66,66,66,66,66,66,66,66,66,66,66,66,66,66,66],"card_choices":[{"not_picked":["Outmaneuver","Distraction"],"picked":"Poisoned Stab","floor":1},{"not_picked":["Sucker Punch","Acrobatics"],"picked":"All Out Attack","floor":3},{"not_picked":["Heel Hook","PiercingWail","A Thousand Cuts"],"picked":"SKIP","floor":4},{"not_picked":["Eviscerate","Distraction"],"picked":"Flying Knee","floor":7},{"not_picked":["Blade Dance","Sucker Punch"],"picked":"Backflip","floor":12},{"not_picked":["Dagger Spray","Finisher"],"picked":"Blur","floor":14},{"not_picked":["Tools of the Trade","Corpse Explosion"],"picked":"Burst","floor":16},{"not_picked":["Acrobatics","Quick Slash+1","Calculated Gamble"],"picked":"SKIP","floor":18},{"not_picked":["Quick Slash","Dodge and Roll"],"picked":"Backflip+1","floor":19}],"player_experience":1053052,"relics_obtained":[{"floor":7,"key":"Odd Mushroom"},{"floor":9,"key":"Boot"}],"event_choices":[{"damage_healed":0,"gold_gain":0,"player_choice":"1 cards matched","damage_taken":0,"max_hp_gain":0,"max_hp_loss":0,"event_name":"Match and Keep!","floor":2,"gold_loss":0,"cards_obtained":["Tools of the Trade"]},{"damage_healed":0,"gold_gain":0,"player_choice":"Fought Mushrooms","damage_taken":0,"max_hp_gain":0,"max_hp_loss":0,"event_name":"Mushrooms","floor":7,"gold_loss":0},{"damage_healed":0,"gold_gain":0,"player_choice":"Grow","damage_taken":0,"max_hp_gain":0,"max_hp_loss":0,"event_name":"Living Wall","floor":11,"gold_loss":0,"cards_upgraded":["Poisoned Stab"]},{"damage_healed":0,"gold_gain":0,"cards_transformed":["Defend_G"],"player_choice":"Transformed","damage_taken":0,"max_hp_gain":0,"max_hp_loss":0,"event_name":"Transmorgrifier","floor":20,"gold_loss":0,"cards_obtained":["Deadly Poison"]}],"is_beta":true,"boss_relics":[{"not_picked":["Orrery","Fusion Hammer"],"picked":"Eternal Feather"}],"items_purged_floors":[21],"is_endless":false,"potions_floor_spawned":[3,4,12,19],"killed_by":"Cultist and Chosen","ascension_level":20}