{"gold_per_floor":[111,124,124,18,37,37,37,67,147,174,174,249,259,279,279,384,384],"floor_reached":17,"playtime":520,"items_purged":[],"score":223,"play_id":"e62e8634-9867-4e6c-aea2-b0743f227fb8","local_time":"20180923164553","is_ascension_mode":true,"campfire_choices":[{"data":"Noxious Fumes","floor":6.0,"key":"SMITH"},{"data":"Crippling Poison","floor":11.0,"key":"SMITH"},{"floor":15.0,"key":"REST"}],"neow_cost":"NONE","seed_source_timestamp":0,"circlet_count":0,"master_deck":["Defend_G","Defend_G","Defend_G","Defend_G","Defend_G","Strike_G","Strike_G","Strike_G","Strike_G+1","Strike_G+1","Survivor","Neutralize+1","Backflip","Noxious Fumes+1","Poisoned Stab+1","Leg Sweep","Crippling Poison+1","Bane","Catalyst","Doppelganger","Crippling Poison","Glass Knife+1"],"special_seed":0,"relics":["White Beast Statue","Whetstone","Molten Egg 2","Question Card"],"potions_floor_usage":[],"damage_taken":[{"damage":7.0,"enemies":"Jaw Worm","floor":1.0,"turns":6.0},{"damage":4.0,"enemies":"2 Louse","floor":2.0,"turns":4.0},{"damage":1.0,"enemies":"Small Slimes","floor":5.0,"turns":5.0},{"damage":13.0,"enemies":"Gremlin Nob","floor":8.0,"turns":3.0},{"damage":11.0,"enemies":"3 Sentries","floor":10.0,"turns":6.0},{"damage":9.0,"enemies":"Exordium Thugs","floor":13.0,"turns":4.0},{"damage":0.0,"enemies":"Looter","floor":14.0,"turns":4.0},{"damage":35.0,"enemies":"Slime Boss","floor":16.0,"turns":10.0}],"seed_played":"-5724567783025429263","potions_obtained":[{"floor":1.0,"key":"Strength Potion"},{"floor":2.0,"key":"FearPotion"},{"floor":5.0,"key":"PowerPotion"},{"floor":8.0,"key":"SmokeBomb"},{"floor":10.0,"key":"SpeedPotion"},{"floor":13.0,"key":"FearPotion"},{"floor":14.0,"key":"PowerPotion"},{"floor":16.0,"key":"AttackPotion"}],"is_trial":false,"path_per_floor":["M","M","?","$","M","R","?","E","T","E","R","?","M","M","R","B"],"character_chosen":"THE_SILENT","items_purchased":["Poisoned Stab","Leg Sweep"],"campfire_rested":1,"item_purchase_floors":[4,4],"current_hp_per_floor":[56,52,38,38,37,37,60,47,47,36,36,25,16,16,37,2,2],"gold":384,"neow_bonus":"BOSS_RELIC","is_prod":false,"is_daily":false,"chose_seed":false,"campfire_upgraded":2,"win_rate":0,"timestamp":1537746353,"path_taken":["M","M","?","?","M","R","?","E","T","E","R","?","M","?","R","BOSS"],"build_version":"2018-09-20","purchased_purges":0,"victory":false,"max_hp_per_floor":[70,70,70,70,70,70,70,70,70,70,70,70,70,70,70,70,70],"card_choices":[{"not_picked":["Sucker Punch","Deflect"],"picked":"Backflip","floor":1.0},{"not_picked":["Masterful Stab","Finisher"],"picked":"Noxious Fumes","floor":2.0},{"not_picked":["Prepared","Dagger Throw"],"picked":"Crippling Poison","floor":5.0},{"not_picked":["Deflect","Deadly Poison"],"picked":"Bane","floor":8.0},{"not_picked":["Escape Plan","Dagger Throw+1"],"picked":"Catalyst","floor":10.0},{"not_picked":["Dodge and Roll","Leg Sweep","Reflex"],"picked":"Doppelganger","floor":13.0},{"not_picked":["Leg Sweep","Acrobatics","Underhanded Strike+1"],"picked":"Crippling Poison","floor":14.0},{"not_picked":["Phantasmal Killer","Bullet Time","Doppelganger"],"picked":"Glass Knife+1","floor":16.0}],"player_experience":304849,"relics_obtained":[{"floor":8.0,"key":"Whetstone"},{"floor":9.0,"key":"Molten Egg 2"},{"floor":10.0,"key":"Question Card"}],"event_choices":[{"event_name":"Shining Light","player_choice":"Entered Light","floor":3.0,"damage_taken":0.0},{"event_name":"Big Fish","player_choice":"Banana","floor":7.0,"damage_taken":0.0},{"event_name":"World of Goop","player_choice":"Gather Gold","floor":12.0,"damage_taken":0.0}],"is_beta":true,"boss_relics":[],"items_purged_floors":[],"is_endless":false,"potions_floor_spawned":[1,2,5,8,10,13,14,16],"ascension_level":7}