{"gold_per_floor":[115,126,126,138,150,150,179,179,179,242,16,16,43,43,43,144,144,159,173,193,39,39,39,58,58,81,81,11,30,30,48,48,144,144,157,157,170,189,202,202,226,226],"floor_reached":42,"playtime":1961,"items_purged":["Strike_G"],"score":592,"play_id":"03f1b79a-8a0c-45c8-b739-2ad011cd3bd1","local_time":"20190320135900","is_ascension_mode":true,"campfire_choices":[{"data":"Noxious Fumes","floor":6,"key":"SMITH"},{"floor":8,"key":"REST"},{"floor":12,"key":"REST"},{"floor":15,"key":"REST"},{"floor":23,"key":"REST"},{"floor":25,"key":"REST"},{"floor":27,"key":"REST"},{"floor":32,"key":"REST"},{"floor":40,"key":"REST"}],"neow_cost":"NONE","seed_source_timestamp":2830030629830496,"circlet_count":0,"master_deck":["Defend_G","Defend_G","Defend_G","Defend_G","Defend_G","Strike_G","Strike_G","Strike_G+1","Survivor","Neutralize+1","Deadly Poison","Dagger Throw","Underhanded Strike","Noxious Fumes+1","Cloak And Dagger","Corpse Explosion","Wraith Form v2","Neutralize","Tools of the Trade","Backstab+1","Venomology","Underhanded Strike","Noxious Fumes","Underhanded Strike","Leg Sweep","Pain"],"relics":["Ring of the Snake","NeowsBlessing","Bag of Marbles","Kunai","The Specimen","Busted Crown","Strawberry","Lantern","Boot","Fusion Hammer","WarpedTongs","Whetstone"],"potions_floor_usage":[18,18,24,29,31,31,33,37,37,37,39,42,42],"damage_taken":[{"damage":0,"enemies":"Jaw Worm","floor":1,"turns":1},{"damage":0,"enemies":"Cultist","floor":2,"turns":1},{"damage":0,"enemies":"2 Louse","floor":4,"turns":1},{"damage":6,"enemies":"Lots of Slimes","floor":5,"turns":6},{"damage":52,"enemies":"Gremlin Nob","floor":7,"turns":5},{"damage":14,"enemies":"3 Sentries","floor":13,"turns":5},{"damage":27,"enemies":"The Guardian","floor":16,"turns":10},{"damage":11,"enemies":"2 Thieves","floor":18,"turns":3},{"damage":19,"enemies":"3 Byrds","floor":19,"turns":3},{"damage":20,"enemies":"Cultist and Chosen","floor":20,"turns":7},{"damage":13,"enemies":"Centurion and Healer","floor":24,"turns":5},{"damage":24,"enemies":"Snake Plant","floor":29,"turns":4},{"damage":7,"enemies":"Chosen and Byrds","floor":31,"turns":4},{"damage":51,"enemies":"Automaton","floor":33,"turns":10},{"damage":8,"enemies":"Orb Walker","floor":35,"turns":3},{"damage":0,"enemies":"3 Darklings","floor":37,"turns":1},{"damage":0,"enemies":"Sphere and 2 Shapes","floor":38,"turns":4},{"damage":4,"enemies":"Jaw Worm Horde","floor":39,"turns":5},{"damage":73,"enemies":"Transient","floor":42,"turns":5}],"seed_played":"-4518764591936971118","potions_obtained":[{"floor":13,"key":"AttackPotion"},{"floor":16,"key":"SneckoOil"},{"floor":19,"key":"Strength Potion"},{"floor":24,"key":"AttackPotion"},{"floor":29,"key":"Swift Potion"},{"floor":33,"key":"AttackPotion"},{"floor":35,"key":"SteroidPotion"},{"floor":39,"key":"SteroidPotion"}],"is_trial":false,"path_per_floor":["M","M","?","M","M","R","E","R","T","?","$","R","E","?","R","B",null,"M","M","M","$","?","R","M","R","T","R","$","M","T","M","R","B",null,"M","?","M","M","M","R","T","M"],"character_chosen":"THE_SILENT","items_purchased":["Corpse Explosion","Strawberry","Noxious Fumes"],"campfire_rested":8,"item_purchase_floors":[11,21,28],"current_hp_per_floor":[63,63,63,63,57,57,5,26,26,26,26,47,33,33,54,27,59,48,29,9,16,16,39,26,49,49,72,72,48,48,41,64,13,61,53,53,53,53,49,72,72,0],"gold":226,"neow_bonus":"THREE_ENEMY_KILL","is_prod":false,"is_daily":false,"chose_seed":false,"campfire_upgraded":1,"win_rate":0,"timestamp":1553068740,"path_taken":["M","M","?","?","M","R","E","R","T","?","$","R","E","?","R","BOSS","M","M","?","$","?","R","M","R","T","R","$","?","?","M","R","BOSS","M","?","M","?","M","R","?","M"],"build_version":"2019-01-23","purchased_purges":1,"victory":false,"max_hp_per_floor":[70,70,70,70,70,70,70,70,70,70,70,70,70,70,70,70,70,70,70,70,77,77,77,77,77,77,77,77,77,77,77,77,77,77,77,77,77,77,77,77,77,77],"card_choices":[{"not_picked":["Deflect","Flying Knee"],"picked":"Deadly Poison","floor":1},{"not_picked":["Bane","Concentrate"],"picked":"Dagger Throw","floor":2},{"not_picked":["Finisher","Dagger Throw"],"picked":"Underhanded Strike","floor":4},{"not_picked":["Quick Slash","Setup"],"picked":"Noxious Fumes","floor":5},{"not_picked":["Blade Dance","Reflex"],"picked":"Cloak And Dagger","floor":7},{"not_picked":["Dagger Spray","Bane","Flying Knee"],"picked":"SKIP","floor":13},{"not_picked":["Storm of Steel","Grand Finale"],"picked":"Tools of the Trade","floor":16},{"not_picked":["Bane"],"picked":"SKIP","floor":18},{"not_picked":["Endless Agony"],"picked":"SKIP","floor":19},{"not_picked":[],"picked":"Backstab+1","floor":20},{"not_picked":["Slice"],"picked":"SKIP","floor":24},{"not_picked":[],"picked":"Underhanded Strike","floor":29},{"not_picked":["Poisoned Stab"],"picked":"SKIP","floor":31},{"not_picked":[],"picked":"Leg Sweep","floor":35},{"not_picked":["Bane+1"],"picked":"SKIP","floor":37},{"not_picked":["Noxious Fumes"],"picked":"SKIP","floor":38},{"not_picked":["Infinite Blades"],"picked":"SKIP","floor":39}],"player_experience":1020093,"relics_obtained":[{"floor":7,"key":"Bag of Marbles"},{"floor":9,"key":"Kunai"},{"floor":13,"key":"The Specimen"},{"floor":26,"key":"Lantern"},{"floor":30,"key":"Boot"},{"floor":41,"key":"Whetstone"}],"event_choices":[{"cards_removed":["Strike_G"],"damage_healed":0,"gold_gain":0,"player_choice":"Offered Basic","damage_taken":0,"max_hp_gain":0,"max_hp_loss":0,"event_name":"Bonfire Elementals","floor":3,"gold_loss":0},{"damage_healed":0,"gold_gain":63,"player_choice":"Gained Gold","damage_taken":0,"max_hp_gain":0,"max_hp_loss":0,"event_name":"Golden Wing","floor":10,"gold_loss":0},{"damage_healed":0,"gold_gain":0,"player_choice":"2 cards matched","damage_taken":0,"max_hp_gain":0,"max_hp_loss":0,"event_name":"Match and Keep!","floor":14,"gold_loss":0,"cards_obtained":["Wraith Form v2","Neutralize"]},{"damage_healed":0,"gold_gain":0,"player_choice":"2 cards matched","damage_taken":0,"max_hp_gain":0,"max_hp_loss":0,"event_name":"Match and Keep!","floor":22,"gold_loss":0,"cards_obtained":["Venomology","Underhanded Strike"]},{"damage_healed":0,"gold_gain":0,"player_choice":"Rummage","damage_taken":0,"relics_obtained":["WarpedTongs"],"max_hp_gain":0,"max_hp_loss":0,"event_name":"Accursed Blacksmith","floor":36,"gold_loss":0,"cards_obtained":["Pain"]}],"is_beta":false,"boss_relics":[{"not_picked":["Pandora\u0027s Box","Tiny House"],"picked":"Busted Crown"},{"not_picked":["Runic Pyramid","Sozu"],"picked":"Fusion Hammer"}],"items_purged_floors":[11],"is_endless":false,"potions_floor_spawned":[13,16,19,24,29,33,35,39],"killed_by":"Transient","ascension_level":9}