{"path_per_floor":["M","?","?","M","?","R","M","R","T","M","M","E","?","E","R","B",null,"M","M","$"],"character_chosen":"THE_SILENT","items_purchased":["Frozen Egg 2","Caltrops","Oddly Smooth Stone"],"gold_per_floor":[117,117,117,135,210,210,224,224,249,266,280,313,413,444,444,548,548,563,582,88,88],"floor_reached":21,"campfire_rested":0,"playtime":607,"current_hp_per_floor":[70,75,60,60,49,49,49,49,49,45,37,27,27,20,20,5,75,49,44,44,44],"items_purged":["Strike_G"],"gold":88,"score":189,"play_id":"e6621a2f-d425-4196-b124-3d223eb7a794","local_time":"20180504225337","is_prod":false,"is_daily":false,"chose_seed":false,"is_ascension_mode":false,"campfire_upgraded":3,"timestamp":1525499617,"path_taken":["M","?","?","M","?","R","?","R","T","M","M","E","?","E","R","BOSS","M","M","$","M"],"build_version":"2018-05-03","seed_source_timestamp":303729751209350,"purchased_purges":1,"victory":false,"master_deck":["Defend_G","Defend_G+1","Defend_G","Defend_G","Defend_G","Strike_G","Strike_G","Strike_G","Strike_G","Survivor","Neutralize+1","Crippling Poison+1","Quick Slash+1","Tools of the Trade+1","Dagger Spray","Dagger Throw","Adrenaline","Escape Plan","Caltrops+1"],"max_hp_per_floor":[70,75,75,75,75,75,75,75,75,75,75,75,75,75,75,75,75,75,75,75,75],"relics":["Ring of the Snake","Bag of Marbles","Matryoshka","Ornamental Fan","Black Star","Frozen Egg 2","Oddly Smooth Stone"],"card_choices":[{"not_picked":["Prepared","Flying Knee"],"picked":"Crippling Poison","floor":0},{"not_picked":["Distraction","Dodge and Roll"],"picked":"Quick Slash","floor":1},{"not_picked":["All Out Attack","Underhanded Strike"],"picked":"Tools of the Trade","floor":10},{"not_picked":["Dash","Endless Agony"],"picked":"Dagger Spray","floor":12},{"not_picked":["Poisoned Stab","Heel Hook"],"picked":"Dagger Throw","floor":14},{"not_picked":["Tactician","Die Die Die"],"picked":"Adrenaline","floor":16},{"not_picked":["Riddle With Holes","Outmaneuver"],"picked":"Escape Plan","floor":19}],"player_experience":44794,"potions_floor_usage":[10,16,16],"damage_taken":[{"damage":0,"enemies":"2 Louse","floor":1,"turns":4},{"damage":0,"enemies":"Jaw Worm","floor":4,"turns":5},{"damage":0,"enemies":"Cultist","floor":7,"turns":3},{"damage":4,"enemies":"2 Fungi Beasts","floor":10,"turns":3},{"damage":8,"enemies":"Exordium Thugs","floor":11,"turns":3},{"damage":10,"enemies":"Gremlin Nob","floor":12,"turns":5},{"damage":7,"enemies":"3 Sentries","floor":14,"turns":4},{"damage":15,"enemies":"Slime Boss","floor":16,"turns":7},{"damage":26,"enemies":"Spheric Guardian","floor":18,"turns":6},{"damage":5,"enemies":"Chosen","floor":19,"turns":4},{"damage":0,"enemies":"Snake Plant","floor":21,"turns":1}],"event_choices":[{"event_name":"Big Fish","player_choice":"Donut","floor":2,"damage_taken":0},{"event_name":"Shining Light","player_choice":"Entered Light","floor":3,"damage_taken":0},{"event_name":"World of Goop","player_choice":"Gather Gold","floor":5,"damage_taken":0},{"event_name":"Golden Shrine","player_choice":"Pray","floor":13,"damage_taken":0}],"boss_relics":[{"not_picked":["Eternal Feather","Lizard Tail"],"picked":"Black Star"}],"potions_floor_spawned":[1,4,14],"seed_played":"4982227591475840800","killed_by":"Snake Plant","ascension_level":0,"is_trial":false}