{"gold_per_floor":[115,115,115,127,127,127,127,127,153,164,164,164,192,205,205,309,309,322,337,48,48,48,48,74,74,74,109,119,119,131,144,144,240,240,250,250,300,314,314,314,341,33,104,104,122,137,137,137,137,137],"floor_reached":51,"playtime":2329,"items_purged":["Strike_G","Strike_G"],"score":948,"play_id":"dd4469ca-1b43-4411-b04b-422de159eadc","local_time":"20180728155259","is_ascension_mode":true,"campfire_choices":[{"data":"Adrenaline","floor":6,"key":"SMITH"},{"data":"Neutralize","floor":8,"key":"SMITH"},{"floor":15,"key":"REST"},{"data":"Noxious Fumes","floor":23,"key":"SMITH"},{"data":"Blur","floor":25,"key":"SMITH"},{"data":"Backflip","floor":32,"key":"SMITH"},{"data":"Catalyst","floor":40,"key":"SMITH"},{"floor":44,"key":"DIG"},{"floor":47,"key":"DIG"},{"floor":49,"key":"DIG"}],"neow_cost":"","seed_source_timestamp":331918932948200,"circlet_count":0,"master_deck":["Defend_G","Defend_G","Defend_G","Defend_G","Defend_G","Strike_G","Strike_G","Strike_G","Survivor+1","Neutralize+1","Cloak And Dagger","Adrenaline+1","Deep Breath","After Image","Crippling Poison","Deadly Poison","Venomology","Corpse Explosion","Cloak And Dagger+1","Blur+1","Noxious Fumes+1","Escape Plan","Crippling Poison","Backflip+1","Infinite Blades","Deflect+1","Blur+1","Glass Knife","Deadly Poison","Accuracy","PiercingWail+1","Catalyst+1","Escape Plan+1","A Thousand Cuts","Choke","Madness","Madness"],"relics":["Ring of the Serpent","Letter Opener","Snake Skull","Dream Catcher","Centennial Puzzle","The Courier","Meat on the Bone","Pear","Philosopher\u0027s Stone","Shovel","Ice Cream","Paper Crane","Bag of Preparation","Strawberry","Pantograph","Pen Nib","Dodecahedron","Frozen Egg 2"],"potions_floor_usage":[13,16,18,27,27,28,28,28,31,33,35,36,37,38,41,45,46,50,50,50,50,50,50,50],"damage_taken":[{"damage":8,"enemies":"Cultist","floor":1,"turns":5},{"damage":6,"enemies":"2 Louse","floor":4,"turns":3},{"damage":0,"enemies":"Jaw Worm","floor":10,"turns":2},{"damage":43,"enemies":"Gremlin Nob","floor":13,"turns":6},{"damage":0,"enemies":"Blue Slaver","floor":14,"turns":4},{"damage":13,"enemies":"Hexaghost","floor":16,"turns":11},{"damage":10,"enemies":"Chosen","floor":18,"turns":5},{"damage":11,"enemies":"Spheric Guardian","floor":19,"turns":5},{"damage":29,"enemies":"Gremlin Leader","floor":24,"turns":7},{"damage":6,"enemies":"Book of Stabbing","floor":27,"turns":6},{"damage":11,"enemies":"Cultist and Chosen","floor":28,"turns":4},{"damage":2,"enemies":"Centurion and Healer","floor":30,"turns":6},{"damage":10,"enemies":"Snecko","floor":31,"turns":5},{"damage":16,"enemies":"Collector","floor":33,"turns":9},{"damage":6,"enemies":"Flame Bruiser 1 Orb","floor":35,"turns":6},{"damage":8,"floor":36,"turns":7},{"damage":17,"floor":37,"turns":4},{"damage":3,"enemies":"Orb Walker","floor":38,"turns":4},{"damage":11,"enemies":"Nemesis","floor":41,"turns":5},{"damage":0,"enemies":"Maw","floor":45,"turns":7},{"damage":12,"enemies":"Spire Growth","floor":46,"turns":5},{"damage":28,"enemies":"Time Eater","floor":50,"turns":10}],"seed_played":"-4044435177219154716","potions_obtained":[{"floor":4,"key":"Fruit Juice"},{"floor":13,"key":"Dexterity Potion"},{"floor":16,"key":"Strength Potion"},{"floor":24,"key":"Fire Potion"},{"floor":27,"key":"Poison Potion"},{"floor":30,"key":"Swift Potion"},{"floor":33,"key":"Weak Potion"},{"floor":37,"key":"AttackPotion"}],"is_trial":false,"path_per_floor":["M","T","?","M","?","R","?","R","T","M","?","?","E","M","R","B",null,"M","M","$","?","?","R","E","R","T","E","M","$","M","M","R","B",null,"M","?","?","M","T","R","E","$","T","R","M","M","R","?","R","B"],"character_chosen":"THE_SILENT","items_purchased":["Noxious Fumes","Escape Plan","Crippling Poison","A Thousand Cuts","Strawberry"],"campfire_rested":1,"item_purchase_floors":[20,20,20,42,42],"current_hp_per_floor":[62,62,55,49,24,24,47,47,47,47,47,47,9,9,31,18,75,65,54,54,54,54,54,25,25,25,41,47,47,45,47,47,43,85,79,71,54,51,51,51,52,59,59,59,59,47,47,35,35,44],"gold":137,"neow_bonus":"","is_prod":false,"is_daily":false,"chose_seed":false,"campfire_upgraded":6,"win_rate":0,"timestamp":1532818379,"path_taken":["M","?","?","?","?","R","?","R","T","M","?","?","E","?","R","BOSS","M","M","$","?","?","R","E","R","T","E","?","?","M","M","R","BOSS","M","?","?","M","?","R","E","$","T","R","M","M","R","?","R","BOSS"],"build_version":"2018-07-26","purchased_purges":2,"victory":true,"max_hp_per_floor":[70,70,70,70,70,70,70,70,70,70,70,70,75,75,75,75,75,75,75,75,75,75,75,75,75,75,85,85,85,85,85,85,85,85,85,85,85,85,85,85,85,92,92,92,92,92,92,92,92,92],"card_choices":[{"not_picked":["Slice","Setup"],"picked":"Cloak And Dagger","floor":1},{"not_picked":["Backstab","Prepared"],"picked":"Adrenaline","floor":4},{"not_picked":["Outmaneuver","Prepared","Slice"],"picked":"SKIP","floor":10},{"not_picked":["Finisher","Flying Knee"],"picked":"Crippling Poison","floor":13},{"not_picked":["Cloak And Dagger","Underhanded Strike"],"picked":"Deadly Poison","floor":14},{"not_picked":["Dodge and Roll","Distraction"],"picked":"Venomology","floor":15},{"not_picked":["Wraith Form v2","Night Terror"],"picked":"Corpse Explosion","floor":16},{"not_picked":["Reflex+1","Flying Knee"],"picked":"Cloak And Dagger+1","floor":18},{"not_picked":["All Out Attack+1","Outmaneuver"],"picked":"Blur","floor":19},{"not_picked":["Sucker Punch","Skewer+1"],"picked":"Backflip","floor":24},{"not_picked":["Wraith Form v2","Flechettes"],"picked":"Infinite Blades","floor":27},{"not_picked":["Slice+1","Eviscerate","Leg Sweep"],"picked":"SKIP","floor":28},{"not_picked":["Riddle With Holes+1","Dagger Throw+1"],"picked":"Deflect+1","floor":30},{"not_picked":["Dagger Throw+1","Outmaneuver"],"picked":"Blur+1","floor":31},{"not_picked":["Grand Finale","Die Die Die"],"picked":"Glass Knife","floor":33},{"not_picked":["Quick Slash+1","Underhanded Strike+1"],"picked":"Deadly Poison","floor":35},{"not_picked":["Calculated Gamble","Deadly Poison"],"picked":"Accuracy","floor":36},{"not_picked":["Deflect+1","Underhanded Strike"],"picked":"PiercingWail+1","floor":37},{"not_picked":["Expertise+1","Masterful Stab"],"picked":"Catalyst","floor":38},{"not_picked":["Dagger Spray+1","Quick Slash+1"],"picked":"Escape Plan+1","floor":41},{"not_picked":["Slice+1","Setup+1"],"picked":"Choke","floor":45},{"not_picked":["Sucker Punch+1","Acrobatics+1","Setup"],"picked":"SKIP","floor":46}],"player_experience":188228,"relics_obtained":[{"floor":2,"key":"Letter Opener"},{"floor":9,"key":"Dream Catcher"},{"floor":13,"key":"Centennial Puzzle"},{"floor":24,"key":"The Courier"},{"floor":26,"key":"Meat on the Bone"},{"floor":27,"key":"Pear"},{"floor":36,"key":"Shovel"},{"floor":37,"key":"Ice Cream"},{"floor":39,"key":"Paper Crane"},{"floor":41,"key":"Bag of Preparation"},{"floor":43,"key":"Pantograph"},{"floor":44,"key":"Pen Nib"},{"floor":47,"key":"Dodecahedron"},{"floor":49,"key":"Frozen Egg 2"}],"event_choices":[{"event_name":"Wheel of Change","player_choice":"Damage","floor":3,"damage_taken":0},{"event_name":"Scrap Ooze","player_choice":"success","floor":5,"damage_taken":25},{"event_name":"Big Fish","player_choice":"Banana","floor":7,"damage_taken":0},{"event_name":"Upgrade Shrine","player_choice":"Upgraded","floor":11,"damage_taken":0},{"event_name":"Match and Keep!","player_choice":"2 cards matched","floor":12,"damage_taken":0},{"event_name":"Ghosts","player_choice":"Ignored","floor":21,"damage_taken":0},{"event_name":"Beggar","player_choice":"Ignored","floor":22,"damage_taken":0},{"event_name":"MindBloom","player_choice":"Fight","floor":36,"damage_taken":0},{"event_name":"Mysterious Sphere","player_choice":"Fight","floor":37,"damage_taken":0},{"event_name":"Winding Halls","player_choice":"Embrace Madness","floor":48,"damage_taken":0}],"is_beta":true,"boss_relics":[{"not_picked":["Calling Bell","Sozu"],"picked":"Ring of the Serpent"},{"not_picked":["White Beast Statue","Coffee Dripper"],"picked":"Philosopher\u0027s Stone"}],"items_purged_floors":[20,42],"is_endless":false,"potions_floor_spawned":[4,13,16,24,27,30,33,37,41,46],"ascension_level":4}