{"gold_per_floor":[110,110,35,35,50,50,78,78,78,78,104,104,129,141,141,141],"floor_reached":16,"playtime":270,"items_purged":["Defend_R"],"score":332,"play_id":"70a0b8be-fafa-490a-b95c-ae138f0fc2fb","local_time":"20190410220534","is_ascension_mode":true,"campfire_choices":[{"data":"Bash","floor":6.0,"key":"SMITH"},{"data":"Pummel","floor":8.0,"key":"SMITH"},{"data":"Sword Boomerang","floor":15,"key":"SMITH"}],"neow_cost":"NONE","seed_source_timestamp":0,"circlet_count":0,"master_deck":["AscendersBane","Strike_R","Strike_R","Strike_R+1","Strike_R+1","Defend_R","Defend_R","Defend_R","Bash+1","Heavy Blade+1","Pummel+1","Sword Boomerang+1"],"special_seed":0,"relics":["Burning Blood","NeowsBlessing","Bag of Preparation","Frozen Egg 2","Bag of Marbles","The Courier"],"potions_floor_usage":[13,16,16],"damage_taken":[{"damage":0.0,"enemies":"Small Slimes","floor":1.0,"turns":1.0},{"damage":0.0,"enemies":"2 Louse","floor":5.0,"turns":1.0},{"damage":0.0,"enemies":"3 Sentries","floor":7.0,"turns":2.0},{"damage":35.0,"enemies":"Lagavulin","floor":11.0,"turns":6.0},{"damage":0,"enemies":"Gremlin Nob","floor":13,"turns":2},{"damage":0,"enemies":"Cultist","floor":14,"turns":2},{"damage":42,"enemies":"Hexaghost","floor":16,"turns":8}],"seed_played":"-704423565487906335","potions_obtained":[{"floor":5.0,"key":"Fire Potion"},{"floor":7.0,"key":"SteroidPotion"},{"floor":11.0,"key":"Swift Potion"},{"floor":13,"key":"Block Potion"}],"is_trial":false,"path_per_floor":["M","?","$","?","M","R","E","R","T","?","E","?","E","M","R","B"],"character_chosen":"IRONCLAD","items_purchased":[],"campfire_rested":0,"item_purchase_floors":[],"current_hp_per_floor":[74,51,51,51,57,57,63,63,63,63,34,34,40,46,46,4],"gold":141,"neow_bonus":"THREE_ENEMY_KILL","is_prod":false,"is_daily":false,"chose_seed":false,"campfire_upgraded":3,"win_rate":0,"timestamp":1554926734,"path_taken":["M","?","$","?","?","R","E","R","T","?","E","?","E","M","R","BOSS"],"build_version":"2019-04-04","purchased_purges":1,"victory":false,"max_hp_per_floor":[75,75,75,75,75,75,75,75,75,75,75,75,75,75,75,75],"card_choices":[{"not_picked":["True Grit","Anger"],"picked":"Heavy Blade","floor":1.0},{"not_picked":["Disarm","Intimidate","Heavy Blade"],"picked":"SKIP","floor":5.0},{"not_picked":["Headbutt","Havoc"],"picked":"Pummel","floor":7.0},{"not_picked":["Flex","Dark Embrace+1","Uppercut"],"picked":"SKIP","floor":11.0},{"not_picked":["Bloodletting","Heavy Blade","Clash"],"picked":"SKIP","floor":13},{"not_picked":["Iron Wave","Armaments","Brutality+1"],"picked":"SKIP","floor":14}],"player_experience":1354880,"relics_obtained":[{"floor":7.0,"key":"Bag of Preparation"},{"floor":9.0,"key":"Frozen Egg 2"},{"floor":11.0,"key":"Bag of Marbles"},{"floor":13,"key":"The Courier"}],"event_choices":[{"damage_healed":0.0,"max_hp_gain":0.0,"max_hp_loss":0.0,"gold_gain":0.0,"event_name":"Shining Light","player_choice":"Entered Light","floor":2.0,"gold_loss":0.0,"damage_taken":23.0,"cards_upgraded":["Strike_R","Strike_R"]},{"cards_removed":["Strike_R"],"damage_healed":0.0,"max_hp_gain":0.0,"max_hp_loss":0.0,"gold_gain":0.0,"event_name":"Bonfire Elementals","player_choice":"Offered Basic","floor":4.0,"gold_loss":0.0,"damage_taken":0.0},{"damage_healed":0.0,"max_hp_gain":0.0,"max_hp_loss":0.0,"gold_gain":0.0,"event_name":"Living Wall","player_choice":"Grow","floor":10.0,"gold_loss":0.0,"damage_taken":0.0,"cards_upgraded":["Heavy Blade"]},{"damage_healed":0,"gold_gain":0,"player_choice":"1 cards matched","damage_taken":0,"max_hp_gain":0,"max_hp_loss":0,"event_name":"Match and Keep!","floor":12,"gold_loss":0,"cards_obtained":["Sword Boomerang"]},{"damage_healed":0,"gold_gain":0,"player_choice":"1 cards matched","damage_taken":0,"max_hp_gain":0,"max_hp_loss":0,"event_name":"Match and Keep!","floor":12,"gold_loss":0,"cards_obtained":["Sword Boomerang"]}],"is_beta":true,"boss_relics":[],"items_purged_floors":[3],"is_endless":false,"potions_floor_spawned":[5,7,11,13],"killed_by":"Hexaghost","ascension_level":20}