{"gold_per_floor":[115,35,185,185,203,203,203,223,223,305,320,158,176,190,190,261,261,275,190,190,190,240,240,252,277,301,318,318,334,334,347,347,347],"floor_reached":33,"playtime":1313,"items_purged":["Defend_G"],"score":514,"play_id":"8dc1588d-ba80-4266-bad0-4dd992b22e0f","local_time":"20190114225518","is_ascension_mode":true,"campfire_choices":[{"data":"Caltrops","floor":7.0,"key":"SMITH"},{"floor":15.0,"key":"REST"},{"data":"Burst","floor":23.0,"key":"SMITH"},{"data":"Crippling Poison","floor":28.0,"key":"SMITH"},{"floor":30.0,"key":"REST"},{"data":"Leg Sweep","floor":32.0,"key":"SMITH"}],"neow_cost":"TEN_PERCENT_HP_LOSS","seed_source_timestamp":0,"circlet_count":0,"master_deck":["AscendersBane","Defend_G","Defend_G","Defend_G","Defend_G","Strike_G+1","Strike_G","Strike_G","Strike_G+1","Strike_G","Survivor+1","Neutralize","Leg Sweep+1","Caltrops+1","Backflip","Noxious Fumes+1","Terror","Crippling Poison+1","Burst+1","Predator+1"],"special_seed":0,"relics":["Ring of the Snake","Pocketwatch","Paper Crane","Frozen Egg 2","Snecko Eye","Incense Burner","Blood Vial","Whetstone"],"potions_floor_usage":[33],"damage_taken":[{"damage":1.0,"enemies":"Small Slimes","floor":1.0,"turns":4.0},{"damage":0.0,"enemies":"Jaw Worm","floor":5.0,"turns":7.0},{"damage":0.0,"enemies":"2 Louse","floor":8.0,"turns":4.0},{"damage":0.0,"enemies":"Looter","floor":11.0,"turns":4.0},{"damage":2.0,"enemies":"Blue Slaver","floor":13.0,"turns":5.0},{"damage":2.0,"enemies":"Large Slime","floor":14.0,"turns":6.0},{"damage":13.0,"enemies":"Hexaghost","floor":16.0,"turns":9.0},{"damage":8.0,"enemies":"3 Byrds","floor":18.0,"turns":4.0},{"damage":8.0,"enemies":"Shell Parasite","floor":24.0,"turns":3.0},{"damage":7.0,"enemies":"Gremlin Leader","floor":25.0,"turns":6.0},{"damage":12.0,"enemies":"Centurion and Healer","floor":27.0,"turns":8.0},{"damage":1.0,"enemies":"Shelled Parasite and Fungi","floor":29.0,"turns":5.0},{"damage":0.0,"enemies":"Chosen and Byrds","floor":31.0,"turns":7.0},{"damage":78,"enemies":"Automaton","floor":33,"turns":6}],"seed_played":"706475605246581612","potions_obtained":[{"floor":1.0,"key":"Strength Potion"},{"floor":8.0,"key":"Energy Potion"},{"floor":16.0,"key":"Energy Potion"},{"floor":18.0,"key":"Regen Potion"},{"floor":31.0,"key":"FearPotion"}],"is_trial":false,"path_per_floor":["M","$","?","?","M","?","R","M","T","T","M","$","M","M","R","B",null,"M","?","$","?","?","R","M","E","T","M","R","M","R","M","R","B"],"character_chosen":"THE_SILENT","items_purchased":["Caltrops","Noxious Fumes+1"],"campfire_rested":2,"item_purchase_floors":[2,12],"current_hp_per_floor":[58,58,58,51,51,33,33,33,33,33,33,33,31,29,47,34,54,46,46,46,46,46,46,38,46,46,36,36,37,55,57,57,0],"gold":347,"neow_bonus":"ONE_RARE_RELIC","is_prod":false,"is_daily":false,"chose_seed":false,"campfire_upgraded":4,"win_rate":0,"timestamp":1547502918,"path_taken":["M","$","?","?","M","?","R","M","T","?","M","$","M","?","R","BOSS","M","?","$","?","?","R","?","E","T","M","R","?","R","M","R","BOSS"],"build_version":"2019-01-10","purchased_purges":1,"victory":false,"max_hp_per_floor":[60,60,60,60,60,60,60,60,60,60,60,60,60,60,60,60,60,60,60,60,60,60,60,60,60,60,60,60,60,60,60,60,60],"card_choices":[{"not_picked":["Setup","Flying Knee"],"picked":"Leg Sweep","floor":1.0},{"not_picked":["Eviscerate","Blade Dance","Bane"],"picked":"SKIP","floor":5.0},{"not_picked":["Cloak And Dagger","Infinite Blades"],"picked":"Backflip","floor":8.0},{"not_picked":["Bouncing Flask","Bane","Deadly Poison"],"picked":"SKIP","floor":11.0},{"not_picked":["Skewer","Bane"],"picked":"Terror","floor":13.0},{"not_picked":["Tactician","Blade Dance"],"picked":"Crippling Poison","floor":14.0},{"not_picked":["Night Terror","Grand Finale"],"picked":"Burst","floor":16.0},{"not_picked":["Poisoned Stab","Prepared"],"picked":"Predator","floor":18.0},{"not_picked":["Deflect+1","Slice","Deadly Poison"],"picked":"SKIP","floor":24.0},{"not_picked":["Poisoned Stab","Sucker Punch","Well Laid Plans+1"],"picked":"SKIP","floor":25.0},{"not_picked":["Dodge and Roll","Quick Slash","Blade Dance"],"picked":"SKIP","floor":27.0},{"not_picked":["Prepared","Dagger Throw","Grand Finale"],"picked":"SKIP","floor":29.0},{"not_picked":["Dagger Throw","Prepared+1","Dodge and Roll"],"picked":"SKIP","floor":31.0}],"player_experience":1039343,"relics_obtained":[{"floor":9.0,"key":"Paper Crane"},{"floor":10.0,"key":"Frozen Egg 2"},{"floor":25.0,"key":"Blood Vial"},{"floor":26.0,"key":"Whetstone"}],"event_choices":[{"damage_healed":0.0,"max_hp_gain":0.0,"max_hp_loss":0.0,"gold_gain":150.0,"event_name":"Liars Game","player_choice":"AGREE","floor":3.0,"gold_loss":0.0,"damage_taken":0.0,"cards_obtained":["Doubt"]},{"cards_removed":["Doubt"],"damage_healed":0.0,"max_hp_gain":0.0,"max_hp_loss":0.0,"gold_gain":0.0,"event_name":"Golden Wing","player_choice":"Card Removal","floor":4.0,"gold_loss":0.0,"damage_taken":7.0},{"damage_healed":0.0,"max_hp_gain":0.0,"max_hp_loss":0.0,"gold_gain":0.0,"event_name":"Shining Light","player_choice":"Entered Light","floor":6.0,"gold_loss":0.0,"damage_taken":18.0,"cards_upgraded":["Strike_G","Survivor"]},{"damage_healed":0.0,"max_hp_gain":0.0,"max_hp_loss":0.0,"gold_gain":0.0,"event_name":"Addict","player_choice":"Obtained Relic","floor":19.0,"gold_loss":85.0,"damage_taken":0.0,"relics_obtained":["Incense Burner"]},{"damage_healed":0.0,"max_hp_gain":0.0,"max_hp_loss":0.0,"gold_gain":0.0,"event_name":"Vampires","player_choice":"Ignored","floor":21.0,"gold_loss":0.0,"damage_taken":0.0},{"damage_healed":0.0,"max_hp_gain":0.0,"max_hp_loss":0.0,"gold_gain":50.0,"event_name":"Nest","player_choice":"Stole From Cult","floor":22.0,"gold_loss":0.0,"damage_taken":0.0}],"is_beta":true,"boss_relics":[{"not_picked":["Orrery","Coffee Dripper"],"picked":"Snecko Eye"}],"items_purged_floors":[12],"is_endless":false,"potions_floor_spawned":[1,8,14,16,18,31],"killed_by":"Automaton","ascension_level":20}