{"gold_per_floor":[114,41,58,58,72,107,107,137,137,137,166,184,74,84,84,182,182,199,217,217,217,227,255,285,316,339,339,370,370,405,422,422,526,526,543,94,94,106,206,206,238,238,238,255,287,287,313,313,313,313],"floor_reached":51,"playtime":2154,"items_purged":["Strike_R","Strike_R+1"],"score":1004,"play_id":"04dea0c9-8579-444f-ac0a-bc1a18546053","local_time":"20190502180911","is_ascension_mode":false,"campfire_choices":[{"data":"Bash","floor":7,"key":"SMITH"},{"data":"Immolate","floor":10,"key":"SMITH"},{"data":"Inflame","floor":15,"key":"SMITH"},{"data":"Spot Weakness","floor":27,"key":"SMITH"},{"data":"Perfected Strike","floor":29,"key":"SMITH"},{"data":"Pommel Strike","floor":32,"key":"SMITH"},{"data":"Shockwave","floor":40,"key":"SMITH"},{"data":"Spot Weakness","floor":42,"key":"SMITH"},{"data":"Battle Trance","floor":46,"key":"SMITH"},{"data":"Shrug It Off","floor":49,"key":"SMITH"}],"neow_cost":"PERCENT_DAMAGE","seed_source_timestamp":1753168802531000,"circlet_count":0,"master_deck":["Strike_R+1","Strike_R+1","Strike_R+1","Defend_R+1","Defend_R+1","Defend_R+1","Defend_R+1","Bash+1","Pommel Strike+1","Perfected Strike+1","Cleave","Headbutt","Inflame+1","Twin Strike","Immolate+1","Impervious","Spot Weakness+1","Battle Trance+1","Reaper","Clothesline+1","RitualDagger","Perfected Strike+1","Spot Weakness+1","Warcry+1","Dual Wield+1","Perfected Strike+1","Feed+1","Pommel Strike+1","Shrug It Off+1","Shockwave+1","Headbutt+1","Headbutt+1","Shockwave+1","Sword Boomerang+1","Madness","Madness"],"relics":["Burning Blood","Anchor","WingedGreaves","Pear","Ornamental Fan","Mark of Pain","Incense Burner","Red Mask","Bag of Preparation","Vajra","Gremlin Horn","Molten Egg 2","Runic Dome","Shuriken","Peace Pipe","Frozen Egg 2","Paper Frog","Darkstone Periapt","Smiling Mask"],"potions_floor_usage":[16,23,25],"damage_taken":[{"damage":0,"enemies":"Small Slimes","floor":1,"turns":3},{"damage":1,"enemies":"Cultist","floor":3,"turns":3},{"damage":1,"enemies":"2 Louse","floor":5,"turns":2},{"damage":14,"enemies":"Gremlin Nob","floor":6,"turns":3},{"damage":21,"enemies":"Lagavulin","floor":8,"turns":7},{"damage":6,"enemies":"Gremlin Nob","floor":11,"turns":3},{"damage":3,"enemies":"Red Slaver","floor":12,"turns":2},{"damage":0,"enemies":"Blue Slaver","floor":14,"turns":2},{"damage":0,"enemies":"Slime Boss","floor":16,"turns":4},{"damage":5,"enemies":"2 Thieves","floor":18,"turns":3},{"damage":4,"enemies":"3 Byrds","floor":19,"turns":4},{"damage":8,"enemies":"Shelled Parasite and Fungi","floor":22,"turns":6},{"damage":11,"enemies":"Book of Stabbing","floor":23,"turns":4},{"damage":2,"enemies":"Masked Bandits","floor":24,"turns":4},{"damage":0,"enemies":"Slavers","floor":25,"turns":4},{"damage":4,"enemies":"Book of Stabbing","floor":28,"turns":4},{"damage":0,"enemies":"Slavers","floor":30,"turns":4},{"damage":0,"enemies":"Cultist and Chosen","floor":31,"turns":2},{"damage":20,"enemies":"Automaton","floor":33,"turns":7},{"damage":0,"enemies":"Orb Walker","floor":35,"turns":2},{"damage":0,"enemies":"3 Shapes","floor":38,"turns":2},{"damage":38,"enemies":"Mind Bloom Boss Battle","floor":39,"turns":5},{"damage":18,"enemies":"Reptomancer","floor":41,"turns":5},{"damage":0,"enemies":"Jaw Worm Horde","floor":44,"turns":1},{"damage":36,"enemies":"Giant Head","floor":45,"turns":8},{"damage":25,"enemies":"Nemesis","floor":47,"turns":5},{"damage":41,"enemies":"Time Eater","floor":50,"turns":8}],"seed_played":"-8435464813881171554","potions_obtained":[{"floor":8,"key":"Fire Potion"},{"floor":11,"key":"AttackPotion"},{"floor":12,"key":"Dexterity Potion"},{"floor":14,"key":"Energy Potion"},{"floor":16,"key":"EssenceOfSteel"},{"floor":18,"key":"SteroidPotion"},{"floor":24,"key":"Regen Potion"},{"floor":25,"key":"EntropicBrew"},{"floor":30,"key":"FearPotion"},{"floor":39,"key":"Weak Potion"}],"is_trial":false,"path_per_floor":["M","$","M","?","M","E","R","E","T","R","E","M","$","M","R","B",null,"M","M","?","?","M","E","?","E","T","R","E","R","E","M","R","B",null,"M","$","?","M","?","R","E","R","T","M","E","R","E","?","R","B",null],"character_chosen":"IRONCLAD","items_purchased":["Perfected Strike","Cleave","Spot Weakness","Shrug It Off","Shockwave","Shuriken"],"campfire_rested":0,"item_purchase_floors":[2,2,13,36,36,36],"current_hp_per_floor":[78,78,83,83,88,80,80,65,75,75,75,78,78,84,84,90,106,106,106,106,100,98,100,104,106,106,106,106,106,106,106,106,104,106,110,110,110,110,97,97,89,89,89,99,118,118,103,88,88,53],"gold":313,"neow_bonus":"TWENTY_PERCENT_HP_BONUS","is_prod":false,"is_daily":false,"chose_seed":false,"campfire_upgraded":10,"win_rate":1,"timestamp":1556845751,"path_taken":["M","$","M","?","M","E","R","E","T","R","E","M","$","M","R","BOSS","M","M","?","?","M","E","?","E","T","R","E","R","E","M","R","BOSS","M","$","?","?","?","R","E","R","T","M","E","R","E","?","R","BOSS"],"build_version":"2019-01-23","purchased_purges":2,"victory":true,"max_hp_per_floor":[96,96,96,96,96,96,96,96,106,106,106,106,106,106,106,106,106,106,106,106,106,106,106,106,106,106,106,106,106,106,106,106,106,106,110,110,110,110,110,110,114,114,114,118,118,118,122,122,122,122],"card_choices":[{"not_picked":["Heavy Blade","True Grit"],"picked":"Pommel Strike","floor":1},{"not_picked":["Pommel Strike","Warcry"],"picked":"Headbutt","floor":3},{"not_picked":["Entrench","Shrug It Off"],"picked":"Inflame","floor":5},{"not_picked":["Second Wind","Warcry"],"picked":"Twin Strike","floor":6},{"not_picked":["Feel No Pain","Thunderclap"],"picked":"Immolate","floor":8},{"not_picked":["Body Slam","Anger"],"picked":"Impervious","floor":11},{"not_picked":["Heavy Blade","Fire Breathing","Cleave"],"picked":"SKIP","floor":12},{"not_picked":["Thunderclap","Twin Strike"],"picked":"Battle Trance","floor":14},{"not_picked":["Bludgeon","Double Tap"],"picked":"Reaper","floor":16},{"not_picked":["Hemokinesis","Clash","Cleave"],"picked":"SKIP","floor":18},{"not_picked":["Headbutt","Thunderclap"],"picked":"Clothesline+1","floor":19},{"not_picked":["Metallicize","Whirlwind"],"picked":"Perfected Strike","floor":22},{"not_picked":["Flex","Intimidate+1"],"picked":"Spot Weakness","floor":23},{"not_picked":["Burning Pact","Havoc+1"],"picked":"Warcry+1","floor":25},{"not_picked":["Wild Strike","Fire Breathing","Body Slam"],"picked":"SKIP","floor":28},{"not_picked":["Warcry","Bloodletting"],"picked":"Dual Wield+1","floor":30},{"not_picked":["Armaments","Clash+1"],"picked":"Perfected Strike+1","floor":31},{"not_picked":["Immolate+1","Juggernaut"],"picked":"Feed+1","floor":33},{"not_picked":["Dropkick+1","Seeing Red"],"picked":"Pommel Strike+1","floor":35},{"not_picked":["Rupture+1","Anger+1"],"picked":"Headbutt+1","floor":38},{"not_picked":["Warcry+1","Cleave+1"],"picked":"Headbutt+1","floor":41},{"not_picked":["Pommel Strike+1","Brutality+1","Fire Breathing+1"],"picked":"SKIP","floor":44},{"not_picked":["Feel No Pain+1","Body Slam+1"],"picked":"Shockwave+1","floor":45},{"not_picked":["Thunderclap+1","Sword Boomerang+1","Cleave+1"],"picked":"SKIP","floor":47},{"not_picked":["Thunderclap+1","Cleave+1"],"picked":"Sword Boomerang+1","floor":47}],"player_experience":698998,"relics_obtained":[{"floor":6,"key":"Anchor"},{"floor":8,"key":"WingedGreaves"},{"floor":9,"key":"Pear"},{"floor":11,"key":"Ornamental Fan"},{"floor":23,"key":"Incense Burner"},{"floor":24,"key":"Red Mask"},{"floor":25,"key":"Bag of Preparation"},{"floor":26,"key":"Vajra"},{"floor":28,"key":"Gremlin Horn"},{"floor":30,"key":"Molten Egg 2"},{"floor":39,"key":"Peace Pipe"},{"floor":41,"key":"Frozen Egg 2"},{"floor":43,"key":"Paper Frog"},{"floor":45,"key":"Darkstone Periapt"},{"floor":47,"key":"Smiling Mask"}],"event_choices":[{"damage_healed":0,"gold_gain":0,"player_choice":"Upgraded","damage_taken":0,"max_hp_gain":0,"max_hp_loss":0,"event_name":"Upgrade Shrine","floor":4,"gold_loss":0,"cards_upgraded":["Perfected Strike"]},{"damage_healed":0,"gold_gain":0,"player_choice":"Simplicity","damage_taken":0,"max_hp_gain":0,"max_hp_loss":0,"event_name":"Back to Basics","floor":20,"gold_loss":0,"cards_upgraded":["Strike_R","Strike_R","Strike_R","Strike_R","Defend_R","Defend_R","Defend_R","Defend_R"]},{"damage_healed":0,"gold_gain":0,"player_choice":"Joined the Cult","damage_taken":6,"max_hp_gain":0,"max_hp_loss":0,"event_name":"Nest","floor":21,"gold_loss":0,"cards_obtained":["RitualDagger"]},{"damage_healed":0,"gold_gain":0,"player_choice":"Fought Bandits","damage_taken":0,"max_hp_gain":0,"max_hp_loss":0,"event_name":"Masked Bandits","floor":24,"gold_loss":0},{"damage_healed":0,"gold_gain":0,"player_choice":"Bought 0 Potions","damage_taken":0,"max_hp_gain":0,"max_hp_loss":0,"event_name":"The Woman in Blue","floor":37,"gold_loss":0},{"damage_healed":0,"gold_gain":0,"player_choice":"Fight","damage_taken":0,"max_hp_gain":0,"max_hp_loss":0,"event_name":"MindBloom","floor":39,"gold_loss":0},{"damage_healed":0,"gold_gain":0,"player_choice":"Embrace Madness","damage_taken":15,"max_hp_gain":0,"max_hp_loss":0,"event_name":"Winding Halls","floor":48,"gold_loss":0,"cards_obtained":["Madness","Madness"]}],"is_beta":false,"boss_relics":[{"not_picked":["Sozu","Busted Crown"],"picked":"Mark of Pain"},{"not_picked":["Runic Pyramid","Tiny House"],"picked":"Runic Dome"}],"items_purged_floors":[13,36],"is_endless":false,"potions_floor_spawned":[8,11,12,14,16,18,24,25,30,31,33,35,38,39,45],"ascension_level":0}