{"gold_per_floor":[109,34,109,109,122,122,137,147,147,165,165,176,176,202,202,202],"floor_reached":16,"playtime":326,"items_purged":[],"score":204,"play_id":"186c55a5-16bd-45d4-a76a-7b7cf52af6e1","local_time":"20190410222329","is_ascension_mode":true,"campfire_choices":[{"floor":6,"key":"REST"},{"data":"Bash","floor":11,"key":"SMITH"},{"floor":13,"key":"REST"},{"floor":15,"key":"REST"}],"neow_cost":"NONE","seed_source_timestamp":32793533184699,"circlet_count":0,"master_deck":["AscendersBane","Strike_R","Strike_R+1","Strike_R+1","Strike_R","Strike_R","Defend_R","Defend_R","Defend_R","Bash+1","Heavy Blade","Twin Strike"],"relics":["Burning Blood","Omamori","Dead Branch","Dodecahedron"],"potions_floor_usage":[10,16,16],"damage_taken":[{"damage":6,"enemies":"Cultist","floor":1,"turns":3},{"damage":14,"enemies":"Jaw Worm","floor":5,"turns":4},{"damage":0,"enemies":"2 Louse","floor":7,"turns":3},{"damage":18,"enemies":"2 Fungi Beasts","floor":8,"turns":4},{"damage":12,"enemies":"Gremlin Gang","floor":10,"turns":6},{"damage":23,"enemies":"3 Louse","floor":12,"turns":4},{"damage":32,"enemies":"Gremlin Nob","floor":14,"turns":4},{"damage":19,"enemies":"Hexaghost","floor":16,"turns":3}],"seed_played":"-4645823302418776836","potions_obtained":[{"floor":1,"key":"PowerPotion"},{"floor":8,"key":"LiquidBronze"},{"floor":12,"key":"SkillPotion"}],"is_trial":false,"path_per_floor":["M","?","?","?","M","R","M","M","T","M","R","M","R","E","R","B"],"character_chosen":"IRONCLAD","items_purchased":[],"campfire_rested":3,"item_purchase_floors":[],"current_hp_per_floor":[68,68,57,34,26,48,54,42,42,36,36,19,41,15,37,18],"gold":202,"neow_bonus":"RANDOM_COMMON_RELIC","is_prod":false,"is_daily":false,"chose_seed":false,"campfire_upgraded":1,"win_rate":0,"timestamp":1554927809,"path_taken":["M","?","?","?","M","R","M","M","T","M","R","M","R","E","R","BOSS"],"build_version":"2019-04-04","purchased_purges":0,"victory":false,"max_hp_per_floor":[75,75,75,75,75,75,75,75,75,75,75,75,75,75,75,75],"card_choices":[{"not_picked":["Disarm","Entrench","Warcry"],"picked":"SKIP","floor":1},{"not_picked":["Power Through","Clothesline","Headbutt"],"picked":"SKIP","floor":5},{"not_picked":["Cleave","Warcry"],"picked":"Heavy Blade","floor":7},{"not_picked":["Uppercut","Entrench"],"picked":"Twin Strike","floor":8},{"not_picked":["Flex","Headbutt","Blood for Blood"],"picked":"SKIP","floor":10},{"not_picked":["Body Slam","Corruption","Anger"],"picked":"SKIP","floor":12},{"not_picked":["Body Slam","Evolve","Havoc"],"picked":"SKIP","floor":14}],"player_experience":1355568,"relics_obtained":[{"floor":9,"key":"Dead Branch"},{"floor":14,"key":"Dodecahedron"}],"event_choices":[{"cards_removed":["Defend_R"],"damage_healed":0,"gold_gain":0,"player_choice":"Card Removal","damage_taken":0,"max_hp_gain":0,"max_hp_loss":0,"event_name":"The Cleric","floor":2,"gold_loss":75},{"damage_healed":0,"gold_gain":75,"player_choice":"Gather Gold","damage_taken":11,"max_hp_gain":0,"max_hp_loss":0,"event_name":"World of Goop","floor":3,"gold_loss":0},{"damage_healed":0,"gold_gain":0,"player_choice":"Entered Light","damage_taken":23,"max_hp_gain":0,"max_hp_loss":0,"event_name":"Shining Light","floor":4,"gold_loss":0,"cards_upgraded":["Strike_R","Strike_R"]}],"is_beta":true,"boss_relics":[],"items_purged_floors":[],"is_endless":false,"potions_floor_spawned":[1,8,12],"killed_by":"Hexaghost","ascension_level":20}