{"gold_per_floor":[111,127,127,144,163,163,193,193,193,49,49,49,49,49,49,152,152,165,15,15,15,25,25],"floor_reached":23,"playtime":2244,"items_purged":["Strike_R","Strike_R"],"score":281,"play_id":"793933db-72f6-4bd4-8a13-a7f6ff3f8ea3","local_time":"20190501125557","is_ascension_mode":true,"campfire_choices":[{"data":"Flame Barrier","floor":6,"key":"SMITH"},{"data":"Bash","floor":8,"key":"SMITH"},{"data":"Defend_R","floor":12,"key":"SMITH"},{"data":"Strike_R","floor":15,"key":"SMITH"}],"neow_cost":"NONE","seed_source_timestamp":274969099189943,"circlet_count":0,"master_deck":["AscendersBane","Strike_R+1","Strike_R+1","Strike_R+1","Defend_R+1","Defend_R+1","Defend_R+1","Defend_R+1","Bash+1","Flame Barrier+1","Disarm+1","Reaper+1","Burning Pact+1","Offering+1","Sword Boomerang","Havoc+1","Inflame","Metallicize","Sentinel+1","True Grit+1","Shame","Power Through+1"],"relics":["Burning Blood","War Paint","Toxic Egg 2","Whetstone","Ornamental Fan","Sundial","Orrery","Darkstone Periapt"],"potions_floor_usage":[16,16,23],"damage_taken":[{"damage":0,"enemies":"Small Slimes","floor":1,"turns":4},{"damage":0,"enemies":"Cultist","floor":2,"turns":4},{"damage":0,"enemies":"2 Louse","floor":4,"turns":5},{"damage":0,"enemies":"Blue Slaver","floor":5,"turns":6},{"damage":35,"enemies":"Lagavulin","floor":7,"turns":10},{"damage":20,"enemies":"Hexaghost","floor":16,"turns":15},{"damage":11,"enemies":"Chosen","floor":18,"turns":5},{"damage":16,"enemies":"Shell Parasite","floor":22,"turns":5},{"damage":116,"enemies":"Gremlin Leader","floor":23,"turns":11}],"seed_played":"2314700297613698432","potions_obtained":[{"floor":4,"key":"Swift Potion"},{"floor":7,"key":"AttackPotion"},{"floor":22,"key":"Regen Potion"}],"is_trial":false,"path_per_floor":["M","M","?","M","M","R","E","R","T","$","?","R","T","?","R","B",null,"M","$","?","?","M","E"],"character_chosen":"IRONCLAD","items_purchased":["Burning Pact+1","True Grit+1"],"campfire_rested":0,"item_purchase_floors":[10,19],"current_hp_per_floor":[78,80,80,80,80,80,51,51,51,51,35,35,35,35,35,28,67,72,72,78,78,72,0],"gold":25,"neow_bonus":"RANDOM_COMMON_RELIC","is_prod":false,"is_daily":false,"chose_seed":false,"campfire_upgraded":4,"win_rate":0,"timestamp":1556751357,"path_taken":["M","M","?","M","?","R","E","R","T","?","?","R","?","?","R","BOSS","M","$","?","?","?","E"],"build_version":"2019-01-23","purchased_purges":2,"victory":false,"max_hp_per_floor":[80,80,80,80,80,80,80,80,80,80,80,80,80,80,80,80,80,80,80,86,86,86,86],"card_choices":[{"not_picked":["Bloodletting","Evolve"],"picked":"Cleave","floor":1},{"not_picked":["Iron Wave","Thunderclap"],"picked":"Flame Barrier","floor":2},{"not_picked":["Dropkick","Bloodletting+1","Blood for Blood"],"picked":"SKIP","floor":4},{"not_picked":["Shrug It Off+1","Clothesline"],"picked":"Disarm+1","floor":5},{"not_picked":["Heavy Blade","Sword Boomerang"],"picked":"Reaper","floor":7},{"not_picked":["Juggernaut","Immolate"],"picked":"Offering+1","floor":16},{"not_picked":["Iron Wave","Sever Soul"],"picked":"Sword Boomerang","floor":17},{"not_picked":["Rampage","Pummel"],"picked":"Havoc+1","floor":17},{"not_picked":["Rage+1","Entrench+1"],"picked":"Inflame","floor":17},{"not_picked":["Sword Boomerang","Flex+1"],"picked":"Metallicize","floor":17},{"not_picked":["Iron Wave+1","Thunderclap"],"picked":"Sentinel+1","floor":18},{"not_picked":["Twin Strike","Body Slam"],"picked":"Power Through+1","floor":22}],"player_experience":353784,"relics_obtained":[{"floor":7,"key":"Whetstone"},{"floor":9,"key":"Ornamental Fan"},{"floor":13,"key":"Sundial"}],"event_choices":[{"cards_removed":["Cleave"],"damage_healed":0,"gold_gain":0,"player_choice":"Gave Card","damage_taken":0,"relics_obtained":["Toxic Egg 2"],"max_hp_gain":0,"max_hp_loss":0,"event_name":"WeMeetAgain","floor":3,"gold_loss":0},{"damage_healed":0,"gold_gain":0,"player_choice":"Entered Light","damage_taken":16,"max_hp_gain":0,"max_hp_loss":0,"event_name":"Shining Light","floor":11,"gold_loss":0,"cards_upgraded":["Defend_R","Reaper"]},{"damage_healed":0,"gold_gain":0,"player_choice":"Leave","damage_taken":0,"max_hp_gain":0,"max_hp_loss":0,"event_name":"The Cleric","floor":14,"gold_loss":0},{"damage_healed":0,"gold_gain":0,"player_choice":"Stole Relic","damage_taken":0,"relics_obtained":["Darkstone Periapt"],"max_hp_gain":0,"max_hp_loss":0,"event_name":"Addict","floor":20,"gold_loss":0,"cards_obtained":["Shame"]},{"damage_healed":0,"gold_gain":0,"player_choice":"Ignored","damage_taken":0,"max_hp_gain":0,"max_hp_loss":0,"event_name":"Ghosts","floor":21,"gold_loss":0}],"is_beta":false,"boss_relics":[{"not_picked":["Tiny House","Empty Cage"],"picked":"Orrery"}],"items_purged_floors":[10,19],"is_endless":false,"potions_floor_spawned":[4,7,22],"killed_by":"Gremlin Leader","ascension_level":10}