{"gold_per_floor":[363,377,43,43,59,84,84,100,100,113,113,113,143,158,158,279,279,292,217,232,199,199,199,217,252,299,299,299,65,65,78,78,201,201,219,240,240,240,1239,1239],"floor_reached":40,"playtime":1195,"items_purged":["Strike_R"],"score":449,"play_id":"0162e77e-6573-4983-ba8a-88838705234c","local_time":"20190422132627","is_ascension_mode":true,"campfire_choices":[{"data":"Bash","floor":12,"key":"SMITH"},{"data":"Carnage","floor":15,"key":"SMITH"},{"data":"Immolate","floor":23,"key":"SMITH"},{"floor":27,"key":"REST"},{"data":"Infernal Blade","floor":30,"key":"SMITH"},{"data":"Evolve","floor":32,"key":"SMITH"}],"neow_cost":"TEN_PERCENT_HP_LOSS","seed_source_timestamp":1825333003915477,"circlet_count":0,"master_deck":["Strike_R","Strike_R","Defend_R","Defend_R","Defend_R","Defend_R","Bash+1","Infernal Blade+1","Shrug It Off","Flex","Evolve+1","Sword Boomerang","Carnage+1","Pommel Strike","Anger","Immolate+1","Seeing Red+1","Inflame","Reckless Charge","Feel No Pain","Power Through+1","Shame","Double Tap","Disarm","Normality","Normality"],"relics":["Burning Blood","PreservedInsect","Gremlin Horn","Bronze Scales","Mercury Hourglass","Golden Idol","Philosopher\u0027s Stone","The Courier","Juzu Bracelet","Boot","Gambling Chip","Snecko Eye"],"potions_floor_usage":[16,25,33,33,33],"damage_taken":[{"damage":0,"enemies":"2 Louse","floor":1,"turns":3},{"damage":7,"enemies":"Small Slimes","floor":2,"turns":3},{"damage":4,"enemies":"Cultist","floor":5,"turns":4},{"damage":2,"enemies":"Gremlin Nob","floor":6,"turns":3},{"damage":7,"enemies":"Blue Slaver","floor":8,"turns":3},{"damage":0,"enemies":"2 Fungi Beasts","floor":10,"turns":3},{"damage":11,"enemies":"Large Slime","floor":14,"turns":2},{"damage":11,"enemies":"Slime Boss","floor":16,"turns":6},{"damage":4,"enemies":"Chosen","floor":18,"turns":3},{"damage":6,"enemies":"Spheric Guardian","floor":20,"turns":3},{"damage":19,"enemies":"Centurion and Healer","floor":24,"turns":5},{"damage":21,"enemies":"Gremlin Leader","floor":25,"turns":3},{"damage":9,"enemies":"Cultist and Chosen","floor":31,"turns":3},{"damage":48,"enemies":"Automaton","floor":33,"turns":8},{"damage":6,"enemies":"Orb Walker","floor":35,"turns":3},{"damage":0,"enemies":"3 Darklings","floor":36,"turns":2},{"damage":93,"enemies":"Reptomancer","floor":40,"turns":2}],"seed_played":"7129056067011878467","potions_obtained":[{"floor":6,"key":"Dexterity Potion"},{"floor":10,"key":"AttackPotion"},{"floor":14,"key":"Weak Potion"},{"floor":16,"key":"Dexterity Potion"},{"floor":25,"key":"SkillPotion"},{"floor":31,"key":"Strength Potion"},{"floor":35,"key":"Block Potion"},{"floor":36,"key":"Weak Potion"}],"is_trial":false,"path_per_floor":["M","M","$","?","M","E","?","M","T","M","?","R","?","M","R","B",null,"M","?","M","$","?","R","M","E","T","R","?","$","R","M","R","B",null,"M","M","?","?","?","E"],"character_chosen":"IRONCLAD","items_purchased":["PreservedInsect","Flex","Evolve","Reckless Charge","Gambling Chip"],"campfire_rested":1,"item_purchase_floors":[3,3,3,21,29],"current_hp_per_floor":[72,71,71,59,61,65,65,64,64,70,52,52,52,47,47,42,72,72,72,72,72,72,72,59,44,44,65,65,65,65,62,62,20,72,72,72,68,68,68,0],"gold":1239,"neow_bonus":"TWO_FIFTY_GOLD","is_prod":false,"is_daily":false,"chose_seed":false,"campfire_upgraded":5,"win_rate":0,"timestamp":1555917987,"path_taken":["M","M","$","?","M","E","?","?","T","M","?","R","?","M","R","BOSS","M","?","M","$","?","R","M","E","T","R","?","$","R","M","R","BOSS","M","M","?","?","?","E"],"build_version":"2019-01-23","purchased_purges":1,"victory":false,"max_hp_per_floor":[72,72,72,72,72,72,72,72,72,72,72,72,72,72,72,72,72,72,72,72,72,72,72,72,72,72,72,72,72,72,72,72,72,72,72,72,68,68,68,68],"card_choices":[{"not_picked":["True Grit","Armaments"],"picked":"Infernal Blade","floor":1},{"not_picked":["Wild Strike","Havoc"],"picked":"Shrug It Off","floor":2},{"not_picked":["Twin Strike","Battle Trance"],"picked":"Sword Boomerang","floor":5},{"not_picked":["Havoc","Barricade"],"picked":"Carnage","floor":6},{"not_picked":["Iron Wave","Flex"],"picked":"Pommel Strike","floor":8},{"not_picked":["Carnage","Evolve"],"picked":"Anger","floor":10},{"not_picked":["Iron Wave","Havoc","Sentinel"],"picked":"SKIP","floor":14},{"not_picked":["Bludgeon","Berserk"],"picked":"Immolate","floor":16},{"not_picked":["Wild Strike","Pommel Strike"],"picked":"Seeing Red+1","floor":18},{"not_picked":["Warcry","Shrug It Off+1"],"picked":"Inflame","floor":20},{"not_picked":["Fire Breathing+1","Whirlwind+1"],"picked":"Feel No Pain","floor":24},{"not_picked":["Clash","Iron Wave"],"picked":"Power Through+1","floor":25},{"not_picked":["Sword Boomerang+1","Flex","Spot Weakness"],"picked":"SKIP","floor":31},{"not_picked":["Dark Embrace","Barricade"],"picked":"Double Tap","floor":33},{"not_picked":["Flex","Cleave+1"],"picked":"Disarm","floor":35},{"not_picked":["Bloodletting","Havoc+1","Dropkick"],"picked":"SKIP","floor":36}],"player_experience":1182002,"relics_obtained":[{"floor":6,"key":"Bronze Scales"},{"floor":9,"key":"Mercury Hourglass"},{"floor":25,"key":"The Courier"},{"floor":26,"key":"Juzu Bracelet"}],"event_choices":[{"damage_healed":0,"gold_gain":0,"player_choice":"Success","damage_taken":12,"relics_obtained":["Gremlin Horn"],"max_hp_gain":0,"max_hp_loss":0,"event_name":"Scrap Ooze","floor":4,"gold_loss":0},{"cards_removed":["Strike_R"],"damage_healed":0,"gold_gain":0,"player_choice":"Purged","damage_taken":0,"max_hp_gain":0,"max_hp_loss":0,"event_name":"Purifier","floor":7,"gold_loss":0},{"damage_healed":0,"gold_gain":0,"player_choice":"Take Damage","damage_taken":18,"relics_obtained":["Golden Idol"],"max_hp_gain":0,"max_hp_loss":0,"event_name":"Golden Idol","floor":11,"gold_loss":0},{"damage_healed":0,"gold_gain":30,"player_choice":"Searched \u00271\u0027 times","damage_taken":0,"max_hp_gain":0,"max_hp_loss":0,"event_name":"Dead Adventurer","floor":13,"gold_loss":0},{"cards_removed":["Strike_R"],"damage_healed":0,"gold_gain":0,"player_choice":"Gave Gold","damage_taken":0,"max_hp_gain":0,"max_hp_loss":0,"event_name":"Beggar","floor":19,"gold_loss":75},{"damage_healed":0,"gold_gain":0,"player_choice":"Ignored","damage_taken":0,"max_hp_gain":0,"max_hp_loss":0,"event_name":"Vampires","floor":22,"gold_loss":0},{"damage_healed":0,"gold_gain":0,"player_choice":"Stole Relic","damage_taken":0,"relics_obtained":["Boot"],"max_hp_gain":0,"max_hp_loss":0,"event_name":"Addict","floor":28,"gold_loss":0,"cards_obtained":["Shame"]},{"damage_healed":0,"gold_gain":0,"player_choice":"Max HP","damage_taken":0,"max_hp_gain":0,"max_hp_loss":4,"event_name":"Winding Halls","floor":37,"gold_loss":0},{"damage_healed":0,"gold_gain":0,"player_choice":"Ignored","damage_taken":0,"max_hp_gain":0,"max_hp_loss":0,"event_name":"Mysterious Sphere","floor":38,"gold_loss":0},{"damage_healed":0,"gold_gain":999,"player_choice":"Gold","damage_taken":0,"max_hp_gain":0,"max_hp_loss":0,"event_name":"MindBloom","floor":39,"gold_loss":0,"cards_obtained":["Normality","Normality"]}],"is_beta":false,"boss_relics":[{"not_picked":["Orrery","Runic Dome"],"picked":"Philosopher\u0027s Stone"},{"not_picked":["Calling Bell","Fusion Hammer"],"picked":"Snecko Eye"}],"items_purged_floors":[3],"is_endless":false,"potions_floor_spawned":[6,10,14,16,20,25,31,35,36],"killed_by":"Reptomancer","ascension_level":1}