{"gold_per_floor":[118,43,193,193,212,212,80,80,80,80,80,6,40,51,51,130,130,142,142,42,59,0,0,30,42],"floor_reached":25,"playtime":409,"items_purged":["Doubt","Strike_R"],"score":480,"play_id":"e920eed0-6662-4322-aa4f-04d2a515f3ac","local_time":"20190430230534","is_ascension_mode":true,"campfire_choices":[{"data":"Bash","floor":6,"key":"SMITH"},{"data":"Rampage","floor":8,"key":"SMITH"},{"data":"Sword Boomerang","floor":10,"key":"SMITH"},{"data":"Inflame","floor":15,"key":"SMITH"},{"floor":23,"key":"REST"}],"neow_cost":"NONE","seed_source_timestamp":1763344576741000,"circlet_count":0,"master_deck":["AscendersBane","Strike_R","Strike_R","Strike_R+1","Defend_R","Defend_R","Defend_R","Defend_R","Bash+1","Rampage+1","Heavy Blade","Sword Boomerang+1","Inflame+1","Limit Break"],"relics":["Burning Blood","NeowsBlessing","CultistMask","Matryoshka","Art of War","Sozu","MawBank"],"potions_floor_usage":[24],"damage_taken":[{"damage":0,"enemies":"Small Slimes","floor":1,"turns":1},{"damage":0,"enemies":"Jaw Worm","floor":5,"turns":1},{"damage":0,"enemies":"Lagavulin","floor":13,"turns":1},{"damage":1,"enemies":"Cultist","floor":14,"turns":3},{"damage":53,"enemies":"Slime Boss","floor":16,"turns":10},{"damage":41,"enemies":"2 Thieves","floor":18,"turns":4},{"damage":6,"enemies":"Spheric Guardian","floor":21,"turns":3},{"damage":47,"enemies":"Book of Stabbing","floor":24,"turns":4},{"damage":10,"enemies":"Chosen and Byrds","floor":25,"turns":2}],"seed_played":"6406327159808695192","potions_obtained":[{"floor":1,"key":"Swift Potion"},{"floor":14,"key":"Block Potion"}],"is_trial":false,"path_per_floor":["M","?","?","?","M","R","$","R","T","R","?","$","E","M","R","B",null,"M","?","$","M","?","R","E","M"],"character_chosen":"IRONCLAD","items_purchased":["Sword Boomerang","Inflame"],"campfire_rested":1,"item_purchase_floors":[7,12],"current_hp_per_floor":[74,74,74,74,75,75,75,75,75,75,75,75,75,75,75,28,63,28,28,28,28,28,50,9,0],"gold":42,"neow_bonus":"THREE_ENEMY_KILL","is_prod":false,"is_daily":false,"chose_seed":false,"campfire_upgraded":4,"win_rate":0,"timestamp":1556658334,"path_taken":["M","?","?","?","?","R","$","R","T","R","?","?","E","M","R","BOSS","M","?","$","?","?","R","E","M"],"build_version":"2019-04-23","purchased_purges":2,"victory":false,"max_hp_per_floor":[75,75,75,75,75,75,75,75,75,75,75,75,75,75,75,75,75,75,75,75,75,75,75,75,75],"card_choices":[{"not_picked":["Blood for Blood","Thunderclap"],"picked":"Rampage","floor":1},{"not_picked":["Seeing Red","Wild Strike"],"picked":"Heavy Blade","floor":5},{"not_picked":["Disarm","Anger","Second Wind"],"picked":"SKIP","floor":13},{"not_picked":["Heavy Blade","Feel No Pain","Sever Soul"],"picked":"SKIP","floor":14},{"not_picked":["Exhume","Berserk"],"picked":"Limit Break","floor":16},{"not_picked":["Cleave","Clash","Ghostly Armor"],"picked":"SKIP","floor":18},{"not_picked":["Dual Wield","Wild Strike+1","Clothesline"],"picked":"SKIP","floor":21},{"not_picked":["Spot Weakness","Flex","Rupture"],"picked":"SKIP","floor":24}],"player_experience":1427044,"relics_obtained":[{"floor":9,"key":"Matryoshka"},{"floor":13,"key":"Art of War"},{"floor":24,"key":"MawBank"}],"event_choices":[{"cards_removed":["Strike_R"],"damage_healed":0,"gold_gain":0,"player_choice":"Card Removal","damage_taken":0,"max_hp_gain":0,"max_hp_loss":0,"event_name":"The Cleric","floor":2,"gold_loss":75},{"damage_healed":0,"gold_gain":150,"player_choice":"AGREE","damage_taken":0,"max_hp_gain":0,"max_hp_loss":0,"event_name":"Liars Game","floor":3,"gold_loss":0,"cards_obtained":["Doubt"]},{"damage_healed":0,"gold_gain":0,"player_choice":"Trade","damage_taken":0,"relics_obtained":["CultistMask"],"max_hp_gain":0,"max_hp_loss":0,"event_name":"FaceTrader","floor":4,"gold_loss":0},{"damage_healed":0,"gold_gain":0,"player_choice":"Grow","damage_taken":0,"max_hp_gain":0,"max_hp_loss":0,"event_name":"Living Wall","floor":11,"gold_loss":0,"cards_upgraded":["Strike_R"]},{"damage_healed":0,"gold_gain":0,"player_choice":"Got Potions","damage_taken":0,"max_hp_gain":0,"max_hp_loss":0,"event_name":"Lab","floor":19,"gold_loss":0},{"damage_healed":0,"gold_gain":0,"player_choice":"Paid Fearfully","damage_taken":0,"max_hp_gain":0,"max_hp_loss":0,"event_name":"Masked Bandits","floor":22,"gold_loss":59}],"is_beta":true,"boss_relics":[{"not_picked":["Runic Pyramid","Runic Cube"],"picked":"Sozu"}],"items_purged_floors":[7,20],"is_endless":false,"potions_floor_spawned":[1,14,18],"killed_by":"Chosen and Byrds","ascension_level":20}