{"gold_per_floor":[362,287,287,287,307,307,323,323,405,480,480,493,526,540,540,615,615,628,646,646,646,657,657],"floor_reached":23,"playtime":560,"items_purged":[],"score":382,"play_id":"8efb68bb-61f3-42a0-a7a6-9c577147c4e2","local_time":"20190413205834","is_ascension_mode":true,"campfire_choices":[{"data":"Bash","floor":6,"key":"SMITH"},{"data":"Twin Strike","floor":8,"key":"SMITH"},{"floor":11,"key":"REST"},{"floor":15,"key":"REST"}],"neow_cost":"CURSE","seed_source_timestamp":286672477620900,"circlet_count":0,"master_deck":["AscendersBane","Strike_R","Strike_R","Strike_R+1","Defend_R","Defend_R+1","Bash+1","Twin Strike+1","Feed","Double Tap","Limit Break+1","Thunderclap+1","Immolate+1","Inflame"],"relics":["Burning Blood","Mercury Hourglass","Orichalcum","Astrolabe"],"potions_floor_usage":[7,13,16,22,22,23],"damage_taken":[{"damage":4,"enemies":"Small Slimes","floor":1,"turns":4},{"damage":15,"enemies":"2 Louse","floor":5,"turns":3},{"damage":0,"enemies":"Cultist","floor":7,"turns":2},{"damage":6,"enemies":"Gremlin Gang","floor":12,"turns":4},{"damage":32,"enemies":"Lagavulin","floor":13,"turns":5},{"damage":14,"enemies":"Exordium Thugs","floor":14,"turns":4},{"damage":44,"enemies":"The Guardian","floor":16,"turns":11},{"damage":30,"enemies":"Shell Parasite","floor":18,"turns":4},{"damage":4,"enemies":"Chosen","floor":19,"turns":3},{"damage":15,"enemies":"Shelled Parasite and Fungi","floor":22,"turns":2},{"damage":22,"enemies":"Gremlin Leader","floor":23,"turns":2}],"seed_played":"4246713570169881576","potions_obtained":[{"floor":7,"key":"Fruit Juice"},{"floor":12,"key":"Regen Potion"},{"floor":13,"key":"Ancient Potion"},{"floor":14,"key":"AttackPotion"},{"floor":16,"key":"Explosive Potion"},{"floor":22,"key":"AttackPotion"}],"is_trial":false,"path_per_floor":["M","?","?","?","M","R","M","R","T","?","R","M","E","M","R","B",null,"M","M","?","?","M","E"],"character_chosen":"IRONCLAD","items_purchased":[],"campfire_rested":2,"item_purchase_floors":[],"current_hp_per_floor":[70,70,47,40,31,31,42,42,42,31,55,55,43,38,62,24,68,44,46,22,22,13,0],"gold":657,"neow_bonus":"TWO_FIFTY_GOLD","is_prod":false,"is_daily":false,"chose_seed":false,"campfire_upgraded":2,"win_rate":0,"timestamp":1555181914,"path_taken":["M","?","?","?","M","R","M","R","T","?","R","M","E","M","R","BOSS","M","M","?","?","M","E"],"build_version":"2019-04-04","purchased_purges":0,"victory":false,"max_hp_per_floor":[75,75,75,75,75,75,80,80,80,80,80,80,80,83,83,83,83,83,83,88,88,88,88],"card_choices":[{"not_picked":["Havoc","Ghostly Armor"],"picked":"Twin Strike","floor":1},{"not_picked":["Power Through","Thunderclap","Clothesline"],"picked":"SKIP","floor":5},{"not_picked":["Seeing Red","Twin Strike","Headbutt"],"picked":"SKIP","floor":7},{"not_picked":["True Grit","Thunderclap","Rampage"],"picked":"SKIP","floor":12},{"not_picked":["Flex","Fire Breathing"],"picked":"Feed","floor":13},{"not_picked":["Ghostly Armor","Heavy Blade","Sever Soul"],"picked":"SKIP","floor":14},{"not_picked":["Feed","Fiend Fire"],"picked":"Double Tap","floor":16},{"not_picked":["Clothesline","Iron Wave","Hemokinesis"],"picked":"SKIP","floor":18},{"not_picked":["Clothesline","Wild Strike"],"picked":"Inflame","floor":19},{"not_picked":["Wild Strike","Rampage","Searing Blow"],"picked":"SKIP","floor":22}],"player_experience":1382203,"relics_obtained":[{"floor":9,"key":"Mercury Hourglass"},{"floor":13,"key":"Orichalcum"}],"event_choices":[{"cards_removed":["Shame"],"damage_healed":0,"gold_gain":0,"player_choice":"Card Removal","damage_taken":0,"max_hp_gain":0,"max_hp_loss":0,"event_name":"The Cleric","floor":2,"gold_loss":75},{"damage_healed":0,"gold_gain":0,"player_choice":"Entered Light","damage_taken":23,"max_hp_gain":0,"max_hp_loss":0,"event_name":"Shining Light","floor":3,"gold_loss":0,"cards_upgraded":["Defend_R","Strike_R"]},{"cards_removed":["Defend_R"],"damage_healed":0,"gold_gain":0,"player_choice":"Card Removal","damage_taken":7,"max_hp_gain":0,"max_hp_loss":0,"event_name":"Golden Wing","floor":4,"gold_loss":0},{"damage_healed":0,"gold_gain":75,"player_choice":"Gather Gold","damage_taken":11,"max_hp_gain":0,"max_hp_loss":0,"event_name":"World of Goop","floor":10,"gold_loss":0},{"damage_healed":0,"gold_gain":0,"player_choice":"Shed Blood","damage_taken":29,"max_hp_gain":5,"max_hp_loss":0,"event_name":"Forgotten Altar","floor":20,"gold_loss":0},{"damage_healed":0,"gold_gain":0,"player_choice":"Ignored","damage_taken":0,"max_hp_gain":0,"max_hp_loss":0,"event_name":"Cursed Tome","floor":21,"gold_loss":0}],"is_beta":true,"boss_relics":[{"not_picked":["Eternal Feather","Mark of Pain"],"picked":"Astrolabe"}],"items_purged_floors":[],"is_endless":false,"potions_floor_spawned":[7,12,13,14,16,22],"killed_by":"Gremlin Leader","ascension_level":20}