{"gold_per_floor":[10,28,28,46,46,72,72,123,123,142,157,175,138,155,155,257,257,273,273,198,216,315,315,333,352,378,396,396,428,353,353],"floor_reached":31,"playtime":797,"items_purged":["Strike_R"],"score":259,"play_id":"880936f2-ba05-420f-ab57-6558fea512e2","local_time":"20190219230709","is_ascension_mode":false,"campfire_choices":[{"data":"Bash","floor":7,"key":"SMITH"},{"floor":15,"key":"REST"},{"data":"Dropkick","floor":23,"key":"SMITH"},{"floor":28,"key":"REST"}],"neow_cost":"NO_GOLD","seed_source_timestamp":241962517933400,"circlet_count":0,"master_deck":["Strike_R","Strike_R+1","Strike_R+1","Defend_R","Defend_R","Bash+1","Dropkick+1"],"relics":["Burning Blood","Bird Faced Urn","Art of War","Vajra","Whetstone","Sozu","Ancient Tea Set","Bag of Preparation"],"potions_floor_usage":[6,12,16,24],"damage_taken":[{"damage":5,"enemies":"2 Louse","floor":1,"turns":3},{"damage":8,"enemies":"Jaw Worm","floor":2,"turns":4},{"damage":7,"enemies":"Small Slimes","floor":4,"turns":4},{"damage":39,"enemies":"3 Sentries","floor":6,"turns":8},{"damage":9,"enemies":"3 Louse","floor":10,"turns":4},{"damage":0,"enemies":"Large Slime","floor":11,"turns":3},{"damage":13,"enemies":"Exordium Wildlife","floor":12,"turns":4},{"damage":13,"enemies":"Lots of Slimes","floor":14,"turns":4},{"damage":47,"enemies":"Hexaghost","floor":16,"turns":9},{"damage":0,"enemies":"Chosen","floor":18,"turns":3},{"damage":19,"enemies":"Shell Parasite","floor":21,"turns":4},{"damage":11,"enemies":"3 Cultists","floor":24,"turns":4},{"damage":24,"enemies":"Cultist and Chosen","floor":25,"turns":5},{"damage":18,"enemies":"Snake Plant","floor":27,"turns":3},{"damage":47,"enemies":"Slavers","floor":29,"turns":5},{"damage":16,"enemies":"3 Cultists","floor":31,"turns":3}],"seed_played":"-4776784473978117706","potions_obtained":[{"floor":1,"key":"Block Potion"},{"floor":4,"key":"Fire Potion"},{"floor":10,"key":"GamblersBrew"},{"floor":14,"key":"Explosive Potion"}],"is_trial":false,"path_per_floor":["M","M","?","M","?","E","R","T","T","M","M","M","$","M","R","B",null,"M","?","$","M","?","R","M","M","T","M","R","E","?","M"],"character_chosen":"IRONCLAD","items_purchased":["Dropkick"],"campfire_rested":2,"item_purchase_floors":[13],"current_hp_per_floor":[80,78,78,77,70,37,37,37,37,34,40,33,33,26,50,9,80,80,80,80,67,67,67,62,44,44,32,56,15,15,0],"gold":353,"neow_bonus":"ONE_RARE_RELIC","is_prod":false,"is_daily":false,"chose_seed":false,"campfire_upgraded":2,"win_rate":0,"timestamp":1550614029,"path_taken":["M","M","?","M","?","E","R","?","T","M","M","M","$","M","R","BOSS","M","?","$","M","?","R","M","M","T","M","R","E","?","M"],"build_version":"2019-02-06","purchased_purges":1,"victory":false,"max_hp_per_floor":[80,80,80,80,80,80,80,80,80,80,80,80,80,80,80,80,80,80,80,80,80,80,80,80,80,80,80,80,80,80,80],"card_choices":[{"not_picked":["Corruption","Flex","Heavy Blade"],"picked":"SKIP","floor":1},{"not_picked":["Intimidate","Flex","Heavy Blade"],"picked":"SKIP","floor":2},{"not_picked":["Feel No Pain","Spot Weakness","Clash"],"picked":"SKIP","floor":4},{"not_picked":["Feel No Pain","Spot Weakness","Clash"],"picked":"SKIP","floor":4},{"not_picked":["Reaper","Battle Trance","Body Slam"],"picked":"SKIP","floor":6},{"not_picked":["Heavy Blade","Seeing Red","Body Slam"],"picked":"SKIP","floor":10},{"not_picked":["Heavy Blade","Clash","Sword Boomerang"],"picked":"SKIP","floor":11},{"not_picked":["Heavy Blade","Clash","Sword Boomerang"],"picked":"SKIP","floor":11},{"not_picked":["Corruption","Headbutt","Thunderclap"],"picked":"SKIP","floor":12},{"not_picked":["Second Wind","Searing Blow","Pummel"],"picked":"SKIP","floor":14},{"not_picked":["Disarm","Flex","Wild Strike"],"picked":"SKIP","floor":18},{"not_picked":["Sword Boomerang+1","Feel No Pain","Flex"],"picked":"SKIP","floor":21},{"not_picked":["Twin Strike","Iron Wave+1","Havoc"],"picked":"SKIP","floor":24},{"not_picked":["Flame Barrier","Searing Blow","Armaments+1"],"picked":"SKIP","floor":25},{"not_picked":["Spot Weakness","Headbutt","Sword Boomerang+1"],"picked":"SKIP","floor":27},{"not_picked":["Twin Strike","Double Tap","Seeing Red"],"picked":"SKIP","floor":29}],"player_experience":1162189,"relics_obtained":[{"floor":6,"key":"Art of War"},{"floor":8,"key":"Vajra"},{"floor":9,"key":"Whetstone"},{"floor":26,"key":"Ancient Tea Set"},{"floor":29,"key":"Bag of Preparation"}],"event_choices":[{"cards_removed":["Defend_R"],"damage_healed":0,"gold_gain":0,"player_choice":"Forget","damage_taken":0,"max_hp_gain":0,"max_hp_loss":0,"event_name":"Living Wall","floor":3,"gold_loss":0},{"cards_removed":["Defend_R"],"damage_healed":0,"gold_gain":0,"player_choice":"Card Removal","damage_taken":7,"max_hp_gain":0,"max_hp_loss":0,"event_name":"Golden Wing","floor":5,"gold_loss":0},{"damage_healed":0,"gold_gain":0,"player_choice":"Ignored","damage_taken":0,"max_hp_gain":0,"max_hp_loss":0,"event_name":"Cursed Tome","floor":19,"gold_loss":0},{"damage_healed":0,"gold_gain":99,"player_choice":"Stole From Cult","damage_taken":0,"max_hp_gain":0,"max_hp_loss":0,"event_name":"Nest","floor":22,"gold_loss":0},{"cards_removed":["Strike_R"],"damage_healed":0,"gold_gain":0,"player_choice":"Gave Gold","damage_taken":0,"max_hp_gain":0,"max_hp_loss":0,"event_name":"Beggar","floor":30,"gold_loss":75}],"is_beta":true,"boss_relics":[{"not_picked":["Snecko Eye","Tiny House"],"picked":"Sozu"}],"items_purged_floors":[20],"is_endless":false,"potions_floor_spawned":[1,4,10,14,18,24,29],"killed_by":"3 Cultists","ascension_level":0}