{"gold_per_floor":[109,34,34,5,5,30,30,60,128,140,158,173,55,86,86,157,157,168,183,193,207,122,122,136,147,223,223,148,148,173,185,185,185],"floor_reached":33,"playtime":930,"items_purged":["Pain"],"score":674,"play_id":"a408a7d3-9334-42f8-b467-bdf009527239","local_time":"20190407013413","is_ascension_mode":true,"campfire_choices":[{"data":"Inflame","floor":15,"key":"SMITH"},{"floor":23,"key":"REST"},{"floor":29,"key":"REST"},{"floor":32,"key":"REST"}],"neow_cost":"NONE","seed_source_timestamp":113175219640400,"circlet_count":0,"master_deck":["AscendersBane","Strike_R","Strike_R","Strike_R","Strike_R+1","Strike_R","Defend_R+1","Defend_R","Bash+1","Twin Strike","Shrug It Off","Shrug It Off","Inflame+1","Double Tap","Feed","Pummel","Inflame"],"relics":["Burning Blood","NeowsBlessing","Self Forming Clay","WarpedTongs","Boot","Singing Bowl","Omamori","Cursed Key","Sundial","Meat on the Bone","Bronze Scales"],"potions_floor_usage":[14,16,19,20,21,33],"damage_taken":[{"damage":0,"enemies":"Small Slimes","floor":1,"turns":1},{"damage":0,"enemies":"3 Sentries","floor":6,"turns":2},{"damage":0,"enemies":"Lagavulin","floor":8,"turns":1},{"damage":3,"enemies":"Cultist","floor":10,"turns":2},{"damage":1,"enemies":"2 Louse","floor":11,"turns":2},{"damage":3,"enemies":"Large Slime","floor":12,"turns":6},{"damage":20,"enemies":"3 Sentries","floor":14,"turns":8},{"damage":33,"enemies":"The Guardian","floor":16,"turns":10},{"damage":19,"enemies":"Spheric Guardian","floor":18,"turns":4},{"damage":18,"enemies":"Shell Parasite","floor":19,"turns":4},{"damage":19,"enemies":"Chosen and Byrds","floor":20,"turns":4},{"damage":2,"enemies":"Centurion and Healer","floor":21,"turns":5},{"damage":16,"enemies":"Snecko","floor":24,"turns":5},{"damage":32,"enemies":"Shelled Parasite and Fungi","floor":25,"turns":5},{"damage":44,"enemies":"Book of Stabbing","floor":30,"turns":5},{"damage":5,"enemies":"Centurion and Healer","floor":31,"turns":5},{"damage":92,"enemies":"Automaton","floor":33,"turns":8}],"seed_played":"4417707861783868798","potions_obtained":[{"floor":1,"key":"BloodPotion"},{"floor":8,"key":"LiquidBronze"},{"floor":14,"key":"Ancient Potion"},{"floor":16,"key":"GamblersBrew"},{"floor":19,"key":"AttackPotion"},{"floor":25,"key":"Explosive Potion"}],"is_trial":false,"path_per_floor":["M","?","?","$","?","E","?","E","T","M","M","M","$","E","R","B",null,"M","M","M","M","?","R","M","M","T","?","?","R","E","M","R","B"],"character_chosen":"IRONCLAD","items_purchased":["Twin Strike","Inflame"],"campfire_rested":3,"item_purchase_floors":[4,13],"current_hp_per_floor":[74,74,51,51,51,57,57,63,63,68,73,78,78,73,73,46,72,61,51,40,46,46,72,62,38,38,56,56,83,57,58,85,0],"gold":185,"neow_bonus":"THREE_ENEMY_KILL","is_prod":false,"is_daily":false,"chose_seed":false,"campfire_upgraded":1,"win_rate":0,"timestamp":1554593653,"path_taken":["M","?","?","$","?","E","?","E","T","M","?","M","$","E","R","BOSS","M","?","M","M","?","R","M","M","T","?","?","R","E","M","R","BOSS"],"build_version":"2019-04-04","purchased_purges":1,"victory":false,"max_hp_per_floor":[75,75,75,75,75,75,75,75,75,77,77,79,79,81,81,81,81,83,85,87,89,89,89,89,91,91,91,91,91,91,91,91,91],"card_choices":[{"not_picked":["Armaments","Headbutt","Second Wind"],"picked":"SKIP","floor":1},{"not_picked":["Berserk","Flex","Ghostly Armor"],"picked":"SKIP","floor":6},{"not_picked":["Clothesline","Clash"],"picked":"Shrug It Off","floor":8},{"not_picked":["Corruption","Bloodletting","Shockwave"],"picked":"Singing Bowl","floor":10},{"not_picked":["Offering","Carnage"],"picked":"Shrug It Off","floor":11},{"not_picked":["Flex","Thunderclap","Pommel Strike"],"picked":"Singing Bowl","floor":12},{"not_picked":["Flex","Armaments","Cleave"],"picked":"Singing Bowl","floor":14},{"not_picked":["Dark Embrace","Juggernaut"],"picked":"Double Tap","floor":16},{"not_picked":["Twin Strike","Pommel Strike","Iron Wave+1"],"picked":"Singing Bowl","floor":18},{"not_picked":["Pommel Strike","Clothesline","Battle Trance"],"picked":"Singing Bowl","floor":19},{"not_picked":["Ghostly Armor","Cleave","Warcry"],"picked":"Singing Bowl","floor":20},{"not_picked":["True Grit","Carnage","Metallicize"],"picked":"Singing Bowl","floor":21},{"not_picked":["Thunderclap","Shrug It Off"],"picked":"Feed","floor":24},{"not_picked":["Body Slam","Sentinel","Anger"],"picked":"Singing Bowl","floor":25},{"not_picked":["True Grit","Wild Strike"],"picked":"Pummel","floor":30},{"not_picked":["Clash","Headbutt"],"picked":"Inflame","floor":31}],"player_experience":1341258,"relics_obtained":[{"floor":6,"key":"Self Forming Clay"},{"floor":8,"key":"Boot"},{"floor":9,"key":"Singing Bowl"},{"floor":14,"key":"Omamori"},{"floor":26,"key":"Meat on the Bone"},{"floor":30,"key":"Bronze Scales"}],"event_choices":[{"cards_removed":["Defend_R"],"damage_healed":0,"gold_gain":0,"player_choice":"Card Removal","damage_taken":0,"max_hp_gain":0,"max_hp_loss":0,"event_name":"The Cleric","floor":2,"gold_loss":75},{"damage_healed":0,"gold_gain":0,"player_choice":"Entered Light","damage_taken":23,"max_hp_gain":0,"max_hp_loss":0,"event_name":"Shining Light","floor":3,"gold_loss":0,"cards_upgraded":["Strike_R","Defend_R"]},{"damage_healed":0,"gold_gain":0,"player_choice":"Grow","damage_taken":0,"max_hp_gain":0,"max_hp_loss":0,"event_name":"Living Wall","floor":5,"gold_loss":0,"cards_upgraded":["Bash"]},{"damage_healed":0,"gold_gain":0,"player_choice":"Rummage","damage_taken":0,"relics_obtained":["WarpedTongs"],"max_hp_gain":0,"max_hp_loss":0,"event_name":"Accursed Blacksmith","floor":7,"gold_loss":0,"cards_obtained":["Pain"]},{"damage_healed":0,"gold_gain":0,"player_choice":"Obtained Relic","damage_taken":0,"relics_obtained":["Sundial"],"max_hp_gain":0,"max_hp_loss":0,"event_name":"Addict","floor":22,"gold_loss":85},{"damage_healed":18,"gold_gain":0,"player_choice":"Heal","damage_taken":0,"max_hp_gain":0,"max_hp_loss":0,"event_name":"The Library","floor":27,"gold_loss":0},{"cards_removed":["Defend_R"],"damage_healed":0,"gold_gain":0,"player_choice":"Gave Gold","damage_taken":0,"max_hp_gain":0,"max_hp_loss":0,"event_name":"Beggar","floor":28,"gold_loss":75}],"is_beta":true,"boss_relics":[{"not_picked":["Runic Pyramid","Velvet Choker"],"picked":"Cursed Key"}],"items_purged_floors":[13],"is_endless":false,"potions_floor_spawned":[1,8,12,14,16,18,19,25],"killed_by":"Automaton","ascension_level":20}