{"gold_per_floor":[115,126,51,62,80,108,119,149,201,232,232,232,232,248,248,371,371,385,385],"floor_reached":19,"playtime":894,"items_purged":["Strike_G"],"score":236,"play_id":"0280036d-f609-4aae-a901-f01715ab12fd","local_time":"20180802210514","is_ascension_mode":true,"campfire_choices":[{"data":"Blur","floor":12,"key":"SMITH"},{"data":"Blur","floor":15,"key":"SMITH"}],"neow_cost":"","seed_source_timestamp":41377359996700,"circlet_count":0,"master_deck":["Defend_G","Defend_G","Defend_G","Defend_G","Defend_G","Strike_G","Strike_G","Strike_G","Strike_G","Survivor","Neutralize","Backstab","Cloak And Dagger","Blur+1","Sucker Punch","Heel Hook","Quick Slash","Blur+1","Cloak And Dagger","Venomology","Envenom","Noxious Fumes"],"relics":["Ring of the Snake","Art of War","Mercury Hourglass","Regal Pillow","Question Card","Golden Idol","Dream Catcher","Philosopher\u0027s Stone"],"potions_floor_usage":[6,7,8,10,16,18],"damage_taken":[{"damage":0,"enemies":"Cultist","floor":1,"turns":5},{"damage":2,"enemies":"2 Louse","floor":2,"turns":2},{"damage":1,"enemies":"Small Slimes","floor":4,"turns":4},{"damage":1,"enemies":"3 Louse","floor":5,"turns":4},{"damage":8,"enemies":"Gremlin Nob","floor":6,"turns":4},{"damage":0,"enemies":"Looter","floor":7,"turns":3},{"damage":1,"enemies":"3 Sentries","floor":8,"turns":8},{"damage":15,"enemies":"Gremlin Nob","floor":10,"turns":4},{"damage":6,"enemies":"Lots of Slimes","floor":14,"turns":3},{"damage":11,"enemies":"The Guardian","floor":16,"turns":13},{"damage":17,"enemies":"Spheric Guardian","floor":18,"turns":4},{"damage":37,"enemies":"3 Byrds","floor":19,"turns":2}],"seed_played":"6354262657643820132","potions_obtained":[{"floor":1,"key":"SteroidPotion"},{"floor":2,"key":"Explosive Potion"},{"floor":4,"key":"PowerPotion"},{"floor":7,"key":"Fire Potion"},{"floor":8,"key":"Ancient Potion"},{"floor":16,"key":"Ancient Potion"}],"is_trial":false,"path_per_floor":["M","M","$","M","M","E","M","E","T","E","?","R","?","M","R","B",null,"M"],"character_chosen":"THE_SILENT","items_purchased":[],"campfire_rested":0,"item_purchase_floors":[],"current_hp_per_floor":[70,68,68,67,66,58,58,57,57,42,42,42,35,29,29,18,53,36,0],"gold":385,"neow_bonus":"","is_prod":false,"is_daily":false,"chose_seed":false,"campfire_upgraded":2,"win_rate":0,"timestamp":1533269114,"path_taken":["M","M","?","?","M","E","M","E","T","E","?","R","?","M","R","BOSS","M","M"],"build_version":"2018-08-01","purchased_purges":1,"victory":false,"max_hp_per_floor":[70,70,70,70,70,70,70,70,70,70,65,65,65,65,65,65,65,65,65],"card_choices":[{"not_picked":["Bane","Leg Sweep"],"picked":"Backstab","floor":1},{"not_picked":["Backstab","Calculated Gamble"],"picked":"Cloak And Dagger","floor":2},{"not_picked":["Cloak And Dagger","Prepared"],"picked":"Blur","floor":4},{"not_picked":["Slice","Prepared"],"picked":"Sucker Punch","floor":5},{"not_picked":["Prepared","Deadly Poison"],"picked":"Heel Hook","floor":6},{"not_picked":["Poisoned Stab","Caltrops"],"picked":"Quick Slash","floor":7},{"not_picked":["Catalyst","PiercingWail"],"picked":"Blur","floor":8},{"not_picked":["Setup","Flying Knee"],"picked":"Cloak And Dagger","floor":10},{"not_picked":["PiercingWail","Outmaneuver","Blade Dance"],"picked":"Venomology","floor":14},{"not_picked":["Unload","Venomology","Bullet Time"],"picked":"Envenom","floor":16},{"not_picked":["Prepared","Bouncing Flask","Caltrops"],"picked":"Noxious Fumes","floor":18}],"player_experience":202904,"relics_obtained":[{"floor":6,"key":"Art of War"},{"floor":8,"key":"Mercury Hourglass"},{"floor":9,"key":"Regal Pillow"},{"floor":10,"key":"Question Card"}],"event_choices":[{"event_name":"Golden Idol","player_choice":"Lose Max HP","floor":11,"damage_taken":0},{"event_name":"Scrap Ooze","player_choice":"success","floor":13,"damage_taken":7}],"is_beta":true,"boss_relics":[{"not_picked":["Eternal Feather","Ectoplasm"],"picked":"Philosopher\u0027s Stone"}],"items_purged_floors":[3],"is_endless":false,"potions_floor_spawned":[1,2,4,7,8,16],"killed_by":"3 Byrds","ascension_level":5}