{"gold_per_floor":[116,116,116,135,148,148,172,172,172,191,210,210,254,267,267,267],"floor_reached":16,"playtime":412,"items_purged":[],"score":208,"play_id":"93bce5e9-efa1-4713-8ff9-8c83d53ac314","local_time":"20190324234740","is_ascension_mode":true,"campfire_choices":[{"data":"Bash","floor":6,"key":"SMITH"},{"data":"Twin Strike","floor":8,"key":"SMITH"},{"data":"Fiend Fire","floor":15,"key":"SMITH"}],"neow_cost":"NONE","seed_source_timestamp":343941263406900,"circlet_count":0,"master_deck":["AscendersBane","Strike_R","Strike_R","Strike_R","Strike_R+1","Strike_R","Defend_R","Defend_R+1","Defend_R","Defend_R","Bash+1","Twin Strike+1","Shrug It Off","Fiend Fire+1"],"relics":["Burning Blood","Art of War","Golden Idol","Nunchaku","Kunai"],"potions_floor_usage":[13,16,16],"damage_taken":[{"damage":8,"enemies":"Small Slimes","floor":1,"turns":4},{"damage":6,"enemies":"2 Louse","floor":4,"turns":3},{"damage":2,"enemies":"Jaw Worm","floor":5,"turns":4},{"damage":4,"enemies":"2 Fungi Beasts","floor":7,"turns":3},{"damage":3,"enemies":"Looter","floor":10,"turns":3},{"damage":1,"enemies":"Large Slime","floor":11,"turns":6},{"damage":34,"enemies":"Lagavulin","floor":13,"turns":5},{"damage":4,"enemies":"Exordium Wildlife","floor":14,"turns":6},{"damage":30,"enemies":"Slime Boss","floor":16,"turns":8}],"seed_played":"-5167570028073074376","potions_obtained":[{"floor":7,"key":"EssenceOfSteel"},{"floor":10,"key":"SteroidPotion"},{"floor":14,"key":"SkillPotion"}],"is_trial":false,"path_per_floor":["M","?","?","M","M","R","M","R","T","M","M","?","E","M","R","B"],"character_chosen":"IRONCLAD","items_purchased":[],"campfire_rested":0,"item_purchase_floors":[],"current_hp_per_floor":[66,43,43,43,47,47,49,49,49,52,57,57,29,31,31,1],"gold":267,"neow_bonus":"RANDOM_COMMON_RELIC","is_prod":false,"is_daily":false,"chose_seed":false,"campfire_upgraded":3,"win_rate":0,"timestamp":1553467660,"path_taken":["M","?","?","M","M","R","M","R","T","M","?","?","E","M","R","BOSS"],"build_version":"2019-03-15","purchased_purges":0,"victory":false,"max_hp_per_floor":[75,75,68,68,68,68,68,68,68,68,68,68,68,68,68,68],"card_choices":[{"not_picked":["Warcry","Clash"],"picked":"Twin Strike","floor":1},{"not_picked":["Clash","Searing Blow","Iron Wave"],"picked":"SKIP","floor":4},{"not_picked":["Sever Soul","Fire Breathing"],"picked":"Shrug It Off","floor":5},{"not_picked":["Spot Weakness","Flex","Shockwave"],"picked":"SKIP","floor":7},{"not_picked":["Metallicize","Hemokinesis","True Grit"],"picked":"SKIP","floor":10},{"not_picked":["True Grit","Disarm","Clothesline"],"picked":"SKIP","floor":11},{"not_picked":["Iron Wave","Headbutt","Second Wind"],"picked":"SKIP","floor":13},{"not_picked":["Wild Strike","Whirlwind"],"picked":"Fiend Fire","floor":14}],"player_experience":1278832,"relics_obtained":[{"floor":9,"key":"Nunchaku"},{"floor":13,"key":"Kunai"}],"event_choices":[{"damage_healed":0,"gold_gain":0,"player_choice":"Entered Light","damage_taken":23,"max_hp_gain":0,"max_hp_loss":0,"event_name":"Shining Light","floor":2,"gold_loss":0,"cards_upgraded":["Defend_R","Strike_R"]},{"damage_healed":0,"gold_gain":0,"player_choice":"Lose Max HP","damage_taken":0,"relics_obtained":["Golden Idol"],"max_hp_gain":0,"max_hp_loss":7,"event_name":"Golden Idol","floor":3,"gold_loss":0},{"damage_healed":0,"gold_gain":0,"player_choice":"Ignored","damage_taken":0,"max_hp_gain":0,"max_hp_loss":0,"event_name":"Liars Game","floor":12,"gold_loss":0}],"is_beta":true,"boss_relics":[],"items_purged_floors":[],"is_endless":false,"potions_floor_spawned":[7,10,14],"killed_by":"Slime Boss","ascension_level":20}