{"gold_per_floor":[364,43,43,43,59,59,59,59,59,59,84,94,111,111],"floor_reached":14,"playtime":416,"items_purged":[],"score":110,"play_id":"714198f5-ca48-4a61-a473-0788b1e5c37c","local_time":"20180807221427","is_ascension_mode":true,"campfire_choices":[{"data":"Blur","floor":6,"key":"SMITH"},{"data":"Neutralize","floor":8,"key":"SMITH"}],"neow_cost":"TEN_PERCENT_HP_LOSS","seed_source_timestamp":420799977205800,"circlet_count":0,"master_deck":["Defend_G","Defend_G","Defend_G","Defend_G","Defend_G","Strike_G","Strike_G","Strike_G+1","Strike_G","Survivor","Neutralize+1","Backflip+1","Accuracy+1","Blur+1","Accuracy+1","Noxious Fumes+1","Backflip"],"relics":["Ring of the Snake","Frozen Egg 2","Gremlin Horn","Ornamental Fan","Kunai"],"potions_floor_usage":[12],"damage_taken":[{"damage":3,"enemies":"Small Slimes","floor":1,"turns":4},{"damage":4,"enemies":"Jaw Worm","floor":5,"turns":4},{"damage":20,"enemies":"3 Sentries","floor":11,"turns":15},{"damage":0,"enemies":"Cultist","floor":12,"turns":5},{"damage":0,"enemies":"3 Louse","floor":13,"turns":4},{"damage":33,"enemies":"Gremlin Nob","floor":14,"turns":4}],"seed_played":"-777038867604542266","potions_obtained":[{"floor":11,"key":"Energy Potion"},{"floor":13,"key":"Fire Potion"}],"is_trial":false,"path_per_floor":["M","$","?","?","M","R","T","R","T","$","E","M","M"],"character_chosen":"THE_SILENT","items_purchased":["Frozen Egg 2","Accuracy+1"],"campfire_rested":0,"item_purchase_floors":[2,2],"current_hp_per_floor":[60,60,47,47,43,43,43,43,43,43,23,23,23,0],"gold":111,"neow_bonus":"TWO_FIFTY_GOLD","is_prod":false,"is_daily":false,"chose_seed":false,"campfire_upgraded":2,"win_rate":0,"timestamp":1533705267,"path_taken":["M","$","?","?","?","R","?","R","T","?","E","M","?","E"],"build_version":"2018-08-07","purchased_purges":0,"victory":false,"max_hp_per_floor":[63,63,63,63,63,63,63,63,63,63,63,63,63,63],"card_choices":[{"not_picked":["Quick Slash","Dodge and Roll"],"picked":"Backflip","floor":1},{"not_picked":["Outmaneuver","Deadly Poison"],"picked":"Blur","floor":5},{"not_picked":["Calculated Gamble","Dagger Throw"],"picked":"Accuracy+1","floor":11},{"not_picked":["Outmaneuver","Dodge and Roll"],"picked":"Noxious Fumes+1","floor":12},{"not_picked":["Distraction","Deadly Poison"],"picked":"Backflip","floor":13}],"player_experience":215476,"relics_obtained":[{"floor":7,"key":"Gremlin Horn"},{"floor":9,"key":"Ornamental Fan"},{"floor":11,"key":"Kunai"}],"event_choices":[{"event_name":"Shining Light","player_choice":"Entered Light","floor":3,"damage_taken":0},{"event_name":"Bonfire Elementals","player_choice":"BASIC","floor":4,"damage_taken":0}],"is_beta":true,"boss_relics":[],"items_purged_floors":[],"is_endless":false,"potions_floor_spawned":[11,13],"killed_by":"Gremlin Nob","ascension_level":5}