{"gold_per_floor":[110,124,143,62,62,62,62,95,122,135,135,135,135,158,158,257,257,277,297,16,16,50,50,50],"floor_reached":24,"playtime":2083,"items_purged":[],"score":413,"play_id":"c0a3e113-f509-42e0-a891-d41721afb685","local_time":"20190425181523","is_ascension_mode":true,"campfire_choices":[{"data":"Dash","floor":6.0,"key":"SMITH"},{"data":"Envenom","floor":11.0,"key":"SMITH"},{"data":"Well Laid Plans","floor":13.0,"key":"SMITH"},{"data":"Noxious Fumes","floor":15.0,"key":"SMITH"},{"floor":23,"key":"REST"}],"neow_cost":"NONE","seed_source_timestamp":0,"circlet_count":0,"master_deck":["AscendersBane","Defend_G","Defend_G","Defend_G","Defend_G","Defend_G","Survivor","Neutralize+1","Well Laid Plans+1","Leg Sweep","Catalyst","Dash+1","Envenom+1","PiercingWail","Noxious Fumes+1","Burst","Backstab","Poisoned Stab","Bite","Bite","Bite","Bite","Bite","Calculated Gamble"],"special_seed":0,"relics":["Ring of the Serpent","Golden Idol","Pen Nib","Art of War","Meat on the Bone","Red Mask"],"potions_floor_usage":[22,24,24],"damage_taken":[{"damage":5.0,"enemies":"Jaw Worm","floor":1.0,"turns":5.0},{"damage":0.0,"enemies":"2 Louse","floor":2.0,"turns":3.0},{"damage":0.0,"enemies":"Cultist","floor":3.0,"turns":5.0},{"damage":18.0,"enemies":"3 Sentries","floor":8.0,"turns":14.0},{"damage":0.0,"enemies":"3 Louse","floor":10.0,"turns":4.0},{"damage":18.0,"enemies":"Large Slime","floor":14.0,"turns":7.0},{"damage":1.0,"enemies":"Hexaghost","floor":16.0,"turns":10.0},{"damage":5.0,"enemies":"3 Byrds","floor":18.0,"turns":6.0},{"damage":0.0,"enemies":"Chosen","floor":19.0,"turns":7.0},{"damage":26,"enemies":"Masked Bandits","floor":22,"turns":6},{"damage":46,"enemies":"Gremlin Leader","floor":24,"turns":5}],"seed_played":"-5478985965173471649","potions_obtained":[{"floor":1.0,"key":"LiquidBronze"},{"floor":2.0,"key":"Block Potion"},{"floor":14.0,"key":"SpeedPotion"},{"floor":19.0,"key":"PowerPotion"},{"floor":22,"key":"Poison Potion"}],"is_trial":false,"path_per_floor":["M","M","M","$","?","R","?","E","T","M","R","?","R","M","R","B",null,"M","M","$","?","?","R","E"],"character_chosen":"THE_SILENT","items_purchased":["Dash","Meat on the Bone"],"campfire_rested":1,"item_purchase_floors":[4,20],"current_hp_per_floor":[60,60,60,60,60,60,60,42,42,42,42,42,42,24,24,23,55,50,50,50,45,28,41,0],"gold":50,"neow_bonus":"TEN_PERCENT_HP_BONUS","is_prod":false,"is_daily":false,"chose_seed":false,"campfire_upgraded":4,"win_rate":0,"timestamp":1556237723,"path_taken":["M","M","M","$","?","R","?","E","T","M","R","?","R","M","R","BOSS","M","M","?","?","?","R","E"],"build_version":"2019-04-23","purchased_purges":0,"victory":false,"max_hp_per_floor":[72,72,72,72,65,65,65,65,65,65,65,65,65,65,65,65,65,65,65,65,45,45,45,45],"card_choices":[{"not_picked":["Outmaneuver","Deflect"],"picked":"Well Laid Plans","floor":1.0},{"not_picked":["Caltrops","Heel Hook"],"picked":"Leg Sweep","floor":2.0},{"not_picked":["Infinite Blades","Blade Dance"],"picked":"Catalyst","floor":3.0},{"not_picked":["Outmaneuver","Flying Knee"],"picked":"Envenom","floor":8.0},{"not_picked":["Dagger Spray","Prepared"],"picked":"PiercingWail","floor":10.0},{"not_picked":["Quick Slash","Cloak And Dagger"],"picked":"Noxious Fumes","floor":14.0},{"not_picked":["Venomology","Adrenaline"],"picked":"Burst","floor":16.0},{"not_picked":["Outmaneuver","Choke"],"picked":"Backstab","floor":18.0},{"not_picked":["Tactician","Acrobatics"],"picked":"Poisoned Stab","floor":19.0},{"not_picked":["Flying Knee","Escape Plan"],"picked":"Calculated Gamble","floor":22}],"player_experience":3060888,"relics_obtained":[{"floor":8.0,"key":"Pen Nib"},{"floor":9.0,"key":"Art of War"},{"floor":22,"key":"Red Mask"}],"event_choices":[{"damage_healed":0.0,"max_hp_gain":0.0,"max_hp_loss":7.0,"gold_gain":0.0,"event_name":"Golden Idol","player_choice":"Lose Max HP","floor":5.0,"gold_loss":0.0,"damage_taken":0.0,"relics_obtained":["Golden Idol"]},{"damage_healed":0.0,"max_hp_gain":0.0,"max_hp_loss":0.0,"gold_gain":0.0,"event_name":"Living Wall","player_choice":"Grow","floor":7.0,"gold_loss":0.0,"damage_taken":0.0,"cards_upgraded":["Neutralize"]},{"cards_removed":["Strike_G"],"damage_healed":0.0,"max_hp_gain":0.0,"max_hp_loss":0.0,"gold_gain":0.0,"event_name":"Bonfire Elementals","player_choice":"Offered Basic","floor":12.0,"gold_loss":0.0,"damage_taken":0.0},{"damage_healed":0.0,"max_hp_gain":0.0,"max_hp_loss":20.0,"gold_gain":0.0,"event_name":"Vampires","player_choice":"Became a vampire","floor":21.0,"gold_loss":0.0,"damage_taken":0.0,"cards_obtained":["Bite","Bite","Bite","Bite","Bite"]},{"damage_healed":0,"gold_gain":0,"player_choice":"Fought Bandits","damage_taken":0,"max_hp_gain":0,"max_hp_loss":0,"event_name":"Masked Bandits","floor":22,"gold_loss":0}],"is_beta":true,"boss_relics":[{"not_picked":["Pandora\u0027s Box","Empty Cage"],"picked":"Ring of the Serpent"}],"items_purged_floors":[],"is_endless":false,"potions_floor_spawned":[1,2,14,19,22],"killed_by":"Gremlin Leader","ascension_level":20}