{"gold_per_floor":[116,291,314,88,108,108,35,35,109,184,194,213,244,244,244,363,363,381,381,400,413,233,274,286,32,57,78,78],"floor_reached":28,"playtime":773,"items_purged":["Doubt","Strike_R","Strike_R"],"score":236,"play_id":"1f72d831-b9f3-4944-a98c-002d71ce8f75","local_time":"20190222232432","is_ascension_mode":false,"campfire_choices":[{"data":"Bash","floor":6.0,"key":"SMITH"},{"data":"Dropkick","floor":8.0,"key":"SMITH"},{"data":"Shrug It Off","floor":15.0,"key":"SMITH"},{"floor":24.0,"key":"REST"}],"neow_cost":"NONE","seed_source_timestamp":0,"circlet_count":0,"master_deck":["Strike_R","Strike_R","Strike_R","Defend_R","Defend_R","Bash+1","Dropkick+1","Shrug It Off+1","Dropkick"],"special_seed":0,"relics":["Burning Blood","Art of War","Vajra","Pantograph","Dead Branch","Golden Idol","White Beast Statue","MawBank","Membership Card","Strawberry"],"potions_floor_usage":[27,28],"damage_taken":[{"damage":1.0,"enemies":"2 Louse","floor":1.0,"turns":3.0},{"damage":1.0,"enemies":"Jaw Worm","floor":5.0,"turns":3.0},{"damage":0.0,"enemies":"Cultist","floor":11.0,"turns":2.0},{"damage":14.0,"enemies":"3 Louse","floor":12.0,"turns":4.0},{"damage":14.0,"enemies":"Gremlin Nob","floor":13.0,"turns":3.0},{"damage":50.0,"enemies":"Hexaghost","floor":16.0,"turns":10.0},{"damage":30.0,"enemies":"2 Thieves","floor":18.0,"turns":4.0},{"damage":0.0,"enemies":"Chosen","floor":20.0,"turns":4.0},{"damage":17.0,"enemies":"Centurion and Healer","floor":21.0,"turns":7.0},{"damage":47.0,"enemies":"Gremlin Leader","floor":23.0,"turns":7.0},{"damage":36,"enemies":"3 Cultists","floor":27,"turns":6},{"damage":14,"enemies":"Snake Plant","floor":28,"turns":3}],"seed_played":"1797254184025713614","potions_obtained":[{"floor":1.0,"key":"SkillPotion"},{"floor":5.0,"key":"Dexterity Potion"},{"floor":12.0,"key":"Dexterity Potion"},{"floor":13.0,"key":"EssenceOfSteel"},{"floor":18.0,"key":"Swift Potion"},{"floor":20.0,"key":"PowerPotion"},{"floor":21.0,"key":"EssenceOfSteel"},{"floor":23.0,"key":"Energy Potion"},{"floor":27,"key":"EssenceOfSteel"}],"is_trial":false,"path_per_floor":["M","?","T","$","M","R","$","R","T","?","M","M","E","?","R","B",null,"M","?","M","M","$","E","R","$","T","M","M"],"character_chosen":"IRONCLAD","items_purchased":["Vajra","Dropkick","Dropkick","Membership Card"],"campfire_rested":1,"item_purchase_floors":[4,7,22,25],"current_hp_per_floor":[80,80,80,80,80,80,80,80,80,72,78,70,62,42,42,23,80,56,56,62,51,51,10,34,34,41,11,0],"gold":78,"neow_bonus":"REMOVE_CARD","is_prod":false,"is_daily":false,"chose_seed":false,"campfire_upgraded":3,"win_rate":0,"timestamp":1550874272,"path_taken":["M","?","?","$","M","R","$","R","T","?","M","?","E","?","R","BOSS","M","?","M","M","$","E","R","$","T","M","M"],"build_version":"2019-02-06","purchased_purges":3,"victory":false,"max_hp_per_floor":[80,80,80,80,80,80,80,80,80,80,80,80,80,80,80,80,80,80,80,80,80,80,80,80,80,87,87,87],"card_choices":[{"not_picked":["Corruption","True Grit","Hemokinesis"],"picked":"SKIP","floor":1.0},{"not_picked":["Pommel Strike","Anger","Whirlwind"],"picked":"SKIP","floor":5.0},{"not_picked":["Perfected Strike","Clothesline"],"picked":"Shrug It Off","floor":11.0},{"not_picked":["Power Through","Heavy Blade","True Grit"],"picked":"SKIP","floor":12.0},{"not_picked":["Thunderclap","Spot Weakness","Feel No Pain"],"picked":"SKIP","floor":13.0},{"not_picked":["Spot Weakness","Entrench","Uppercut+1"],"picked":"SKIP","floor":18.0},{"not_picked":["Cleave","Power Through+1","Shrug It Off"],"picked":"SKIP","floor":20.0},{"not_picked":["Intimidate","Clash","Pummel"],"picked":"SKIP","floor":21.0},{"not_picked":["Body Slam","Battle Trance+1","Searing Blow"],"picked":"SKIP","floor":23.0},{"not_picked":["Clothesline","Pummel","Clash"],"picked":"SKIP","floor":27}],"player_experience":1171363,"relics_obtained":[{"floor":3.0,"key":"Art of War"},{"floor":9.0,"key":"Pantograph"},{"floor":13.0,"key":"Dead Branch"},{"floor":23.0,"key":"MawBank"},{"floor":26.0,"key":"Strawberry"}],"event_choices":[{"damage_healed":0.0,"max_hp_gain":0.0,"max_hp_loss":0.0,"gold_gain":175.0,"event_name":"Liars Game","player_choice":"AGREE","floor":2.0,"gold_loss":0.0,"damage_taken":0.0,"cards_obtained":["Doubt"]},{"damage_healed":0.0,"max_hp_gain":0.0,"max_hp_loss":0.0,"gold_gain":75.0,"event_name":"FaceTrader","player_choice":"Touch","floor":10.0,"gold_loss":0.0,"damage_taken":8.0},{"damage_healed":0.0,"max_hp_gain":0.0,"max_hp_loss":0.0,"gold_gain":0.0,"event_name":"Golden Idol","player_choice":"Take Damage","floor":14.0,"gold_loss":0.0,"damage_taken":20.0,"relics_obtained":["Golden Idol"]},{"cards_removed":["Defend_R"],"damage_healed":0.0,"max_hp_gain":0.0,"max_hp_loss":0.0,"gold_gain":0.0,"event_name":"Back to Basics","player_choice":"Elegance","floor":19.0,"gold_loss":0.0,"damage_taken":0.0}],"is_beta":true,"boss_relics":[{"not_picked":["Mark of Pain","Coffee Dripper"],"picked":"White Beast Statue"}],"items_purged_floors":[4,22,25],"is_endless":false,"potions_floor_spawned":[1,5,12,13,18,20,21,23,27],"killed_by":"Snake Plant","ascension_level":0}