{"gold_per_floor":[10,10,10,21,41,41,60,79,79,79,79,98,46,64,64,136,186,205,220,236,256,88,88,88,88,88,138,138],"floor_reached":28,"playtime":1367,"items_purged":["Strike_G"],"score":524,"play_id":"1dd824c0-e0c5-46cd-82fa-e8dd404fb651","local_time":"20190120175725","is_ascension_mode":true,"campfire_choices":[{"data":"Neutralize","floor":6,"key":"SMITH"},{"data":"Burst","floor":10,"key":"SMITH"},{"data":"Deadly Poison","floor":15,"key":"SMITH"},{"floor":23,"key":"REST"},{"floor":25,"key":"REST"}],"neow_cost":"NO_GOLD","seed_source_timestamp":104758184479900,"circlet_count":0,"master_deck":["AscendersBane","Defend_G","Defend_G","Defend_G","Defend_G","Strike_G","Strike_G","Strike_G","Strike_G","Survivor+1","Neutralize+1","Burst+1","Flying Knee","Blade Dance","Blade Dance","Deadly Poison+1","Cloak And Dagger","Well Laid Plans+1","Blur+1","Crippling Poison","Accuracy+1","Backflip"],"relics":["Ring of the Snake","Frozen Egg 2","Tiny House","Bag of Marbles"],"potions_floor_usage":[16,16,20,21],"damage_taken":[{"damage":0,"enemies":"Small Slimes","floor":1,"turns":6},{"damage":3,"enemies":"2 Louse","floor":4,"turns":3},{"damage":0,"enemies":"Jaw Worm","floor":5,"turns":6},{"damage":2,"enemies":"Exordium Wildlife","floor":7,"turns":5},{"damage":10,"enemies":"Gremlin Gang","floor":8,"turns":5},{"damage":5,"enemies":"Red Slaver","floor":12,"turns":4},{"damage":14,"enemies":"Large Slime","floor":14,"turns":6},{"damage":0,"enemies":"Slime Boss","floor":16,"turns":5},{"damage":17,"enemies":"3 Byrds","floor":18,"turns":7},{"damage":22,"enemies":"Shell Parasite","floor":19,"turns":6},{"damage":21,"enemies":"Snake Plant","floor":20,"turns":6},{"damage":11,"enemies":"Centurion and Healer","floor":21,"turns":12},{"damage":23,"enemies":"Colosseum Slavers","floor":24,"turns":5},{"damage":34,"enemies":"Snecko","floor":28,"turns":11}],"seed_played":"7033243543250518371","potions_obtained":[{"floor":5,"key":"Fire Potion"},{"floor":8,"key":"Poison Potion"},{"floor":17,"key":"SteroidPotion"},{"floor":20,"key":"Regen Potion"},{"floor":21,"key":"Energy Potion"}],"is_trial":false,"path_per_floor":["M","?","?","M","M","R","M","M","T","R","?","M","$","M","R","B",null,"M","M","M","M","$","R","?","R","T","?","M"],"character_chosen":"THE_SILENT","items_purchased":["Cloak And Dagger","Accuracy+1","Backflip"],"campfire_rested":2,"item_purchase_floors":[13,22,22],"current_hp_per_floor":[59,59,52,49,49,49,47,37,37,37,66,61,61,47,47,47,66,49,27,6,10,10,31,8,29,29,29,0],"gold":138,"neow_bonus":"THREE_RARE_CARDS","is_prod":false,"is_daily":false,"chose_seed":false,"campfire_upgraded":3,"win_rate":0,"timestamp":1548003445,"path_taken":["M","?","?","M","?","R","M","M","T","R","?","?","?","M","R","BOSS","M","M","M","M","$","R","?","R","T","?","?"],"build_version":"2019-01-19","purchased_purges":1,"victory":false,"max_hp_per_floor":[66,66,66,66,66,66,66,66,66,66,66,66,66,66,66,66,71,71,71,71,71,71,71,71,71,71,71,71],"card_choices":[{"not_picked":["Corpse Explosion","Malaise"],"picked":"Burst","floor":0},{"not_picked":["Reflex","Underhanded Strike"],"picked":"Flying Knee","floor":1},{"not_picked":["Sucker Punch","Bouncing Flask"],"picked":"Blade Dance","floor":4},{"not_picked":["Concentrate","Eviscerate"],"picked":"Noxious Fumes","floor":5},{"not_picked":["Endless Agony","Masterful Stab"],"picked":"Blade Dance","floor":7},{"not_picked":["PiercingWail","Dagger Throw","Deadly Poison"],"picked":"SKIP","floor":8},{"not_picked":["PiercingWail","Dagger Throw"],"picked":"Deadly Poison","floor":8},{"not_picked":["Calculated Gamble","Terror","Underhanded Strike"],"picked":"SKIP","floor":12},{"not_picked":["Deadly Poison","PiercingWail"],"picked":"Well Laid Plans+1","floor":14},{"not_picked":["Well Laid Plans+1","Prepared"],"picked":"Blur+1","floor":18},{"not_picked":["Finisher","Blade Dance","Acrobatics"],"picked":"SKIP","floor":19},{"not_picked":["All Out Attack","Setup"],"picked":"Crippling Poison","floor":20},{"not_picked":["Deadly Poison+1","Quick Slash","Reflex"],"picked":"SKIP","floor":21}],"player_experience":1053805,"relics_obtained":[{"floor":9,"key":"Frozen Egg 2"},{"floor":26,"key":"Bag of Marbles"}],"event_choices":[{"damage_healed":0,"gold_gain":0,"player_choice":"Leave","damage_taken":0,"max_hp_gain":0,"max_hp_loss":0,"event_name":"The Cleric","floor":2,"gold_loss":0},{"cards_removed":["Defend_G"],"damage_healed":0,"gold_gain":0,"player_choice":"Card Removal","damage_taken":7,"max_hp_gain":0,"max_hp_loss":0,"event_name":"Golden Wing","floor":3,"gold_loss":0},{"cards_removed":["Noxious Fumes"],"damage_healed":29,"gold_gain":0,"player_choice":"Offered Uncommon","damage_taken":0,"max_hp_gain":0,"max_hp_loss":0,"event_name":"Bonfire Elementals","floor":11,"gold_loss":0},{"damage_healed":0,"gold_gain":0,"player_choice":"Fight","damage_taken":0,"max_hp_gain":0,"max_hp_loss":0,"event_name":"Colosseum","floor":24,"gold_loss":0},{"damage_healed":0,"gold_gain":0,"player_choice":"Fled From Nobs","damage_taken":0,"max_hp_gain":0,"max_hp_loss":0,"event_name":"Colosseum","floor":24,"gold_loss":0},{"damage_healed":0,"gold_gain":50,"player_choice":"Stole From Cult","damage_taken":0,"max_hp_gain":0,"max_hp_loss":0,"event_name":"Nest","floor":27,"gold_loss":0}],"is_beta":true,"boss_relics":[{"not_picked":["Busted Crown","Ectoplasm"],"picked":"Tiny House"}],"items_purged_floors":[22],"is_endless":false,"potions_floor_spawned":[5,8,12,14,20,21],"killed_by":"Snecko","ascension_level":20}