{"gold_per_floor":[118,133,133,152,163,195,120,155,155,155,170,170,170,189,189,288,288,298,313,238,238,238,265,265,292,292,305,318,318,343,360,360,461,461,476,476,1475,671,671,699,713,724,724,724,724,736,749,77,77,77],"floor_reached":51,"playtime":1560,"items_purged":["Defend_R","Normality","Normality"],"score":922,"play_id":"3a004b65-fc37-4c7d-b3d4-9efdda609bad","local_time":"20190228235438","is_ascension_mode":false,"campfire_choices":[{"data":"Feed","floor":10,"key":"SMITH"},{"floor":12,"key":"REST"},{"data":"Bash","floor":15,"key":"SMITH"},{"data":"Immolate","floor":24,"key":"SMITH"},{"data":"Demon Form","floor":29,"key":"SMITH"},{"data":"1","floor":32,"key":"LIFT"},{"data":"2","floor":45,"key":"LIFT"},{"data":"Heavy Blade","floor":49,"key":"SMITH"}],"neow_cost":"NONE","seed_source_timestamp":776097753866500,"circlet_count":0,"master_deck":["Strike_R+1","Strike_R+1","Strike_R+1","Defend_R+1","Bash+1","Impervious+1","Pommel Strike","Shrug It Off+1","Feed+1","Immolate+1","Demon Form+1","Dropkick","Disarm+1","Reckless Charge+1","Sword Boomerang+1","Heavy Blade+1"],"relics":["Burning Blood","Dream Catcher","Bag of Marbles","Blue Candle","Velvet Choker","GremlinMask","StoneCalendar","Regal Pillow","Vajra","Girya","Astrolabe","ClockworkSouvenir","Matryoshka","Shuriken","War Paint","Bottled Tornado","Molten Egg 2","Brimstone","Du-Vu Doll"],"potions_floor_usage":[4,11,11,23,23,33,47,50,50,50,50,50],"damage_taken":[{"damage":6,"enemies":"Cultist","floor":1,"turns":3},{"damage":6,"enemies":"Jaw Worm","floor":2,"turns":5},{"damage":2,"enemies":"2 Louse","floor":4,"turns":4},{"damage":1,"enemies":"2 Fungi Beasts","floor":5,"turns":5},{"damage":50,"enemies":"Lagavulin","floor":6,"turns":8},{"damage":31,"enemies":"3 Sentries","floor":8,"turns":10},{"damage":12,"enemies":"Red Slaver","floor":11,"turns":5},{"damage":10,"enemies":"Looter","floor":14,"turns":3},{"damage":78,"enemies":"The Guardian","floor":16,"turns":14},{"damage":10,"enemies":"2 Thieves","floor":18,"turns":2},{"damage":0,"enemies":"Chosen","floor":19,"turns":4},{"damage":28,"enemies":"Book of Stabbing","floor":23,"turns":6},{"damage":19,"enemies":"Slavers","floor":25,"turns":3},{"damage":6,"enemies":"3 Cultists","floor":27,"turns":3},{"damage":10,"enemies":"Cultist and Chosen","floor":28,"turns":3},{"damage":11,"enemies":"Gremlin Leader","floor":30,"turns":5},{"damage":6,"enemies":"Centurion and Healer","floor":31,"turns":4},{"damage":49,"enemies":"Champ","floor":33,"turns":7},{"damage":15,"enemies":"Orb Walker","floor":35,"turns":2},{"damage":42,"enemies":"Giant Head","floor":40,"turns":6},{"damage":0,"enemies":"3 Darklings","floor":41,"turns":2},{"damage":20,"enemies":"Spire Growth","floor":42,"turns":5},{"damage":37,"enemies":"Writhing Mass","floor":46,"turns":4},{"damage":24,"enemies":"Jaw Worm Horde","floor":47,"turns":5},{"damage":67,"enemies":"Time Eater","floor":50,"turns":5}],"seed_played":"7862025041421580441","potions_obtained":[{"floor":1,"key":"SpeedPotion"},{"floor":3,"key":"BloodPotion"},{"floor":3,"key":"Dexterity Potion"},{"floor":3,"key":"Weak Potion"},{"floor":4,"key":"Fruit Juice"},{"floor":8,"key":"Weak Potion"},{"floor":11,"key":"Fruit Juice"},{"floor":14,"key":"Energy Potion"},{"floor":19,"key":"Dexterity Potion"},{"floor":23,"key":"SpeedPotion"},{"floor":28,"key":"FearPotion"},{"floor":31,"key":"GamblersBrew"},{"floor":40,"key":"Regen Potion"},{"floor":42,"key":"SteroidPotion"},{"floor":47,"key":"EntropicBrew"}],"is_trial":false,"path_per_floor":["M","M","?","M","M","E","$","E","T","R","M","R","?","M","R","B",null,"M","M","?","?","?","E","R","E","T","M","M","R","E","M","R","B",null,"M","?","?","$","?","E","M","M","T","?","R","M","M","$","R","B",null],"character_chosen":"IRONCLAD","items_purchased":["ClockworkSouvenir","Matryoshka","Shuriken","Brimstone","PowerPotion","Du-Vu Doll"],"campfire_rested":1,"item_purchase_floors":[38,38,38,48,48,48],"current_hp_per_floor":[80,80,80,85,85,41,41,16,16,16,19,47,104,104,104,36,112,112,120,120,120,120,102,102,93,93,97,97,97,96,96,96,53,140,131,131,131,131,131,95,105,95,95,95,95,64,60,60,60,13],"gold":77,"neow_bonus":"ONE_RANDOM_RARE_CARD","is_prod":false,"is_daily":false,"chose_seed":false,"campfire_upgraded":5,"win_rate":0,"timestamp":1551394478,"path_taken":["M","M","?","M","M","E","$","E","T","R","?","R","?","?","R","BOSS","M","M","?","?","?","E","R","E","T","M","M","R","E","M","R","BOSS","M","?","?","$","?","E","M","M","T","?","R","M","M","$","R","BOSS"],"build_version":"2019-02-06","purchased_purges":3,"victory":true,"max_hp_per_floor":[80,80,80,85,85,85,85,85,85,85,94,94,104,108,108,112,112,116,120,120,120,120,124,124,128,128,132,136,136,140,140,140,140,140,140,133,133,133,133,133,137,141,141,141,141,141,141,141,141,141],"card_choices":[{"not_picked":["Anger","Body Slam","Perfected Strike"],"picked":"SKIP","floor":1},{"not_picked":["Wild Strike","Flex"],"picked":"Limit Break","floor":2},{"not_picked":["Thunderclap","Twin Strike","Headbutt"],"picked":"SKIP","floor":4},{"not_picked":["Headbutt","Sword Boomerang"],"picked":"Pommel Strike","floor":5},{"not_picked":["Sever Soul","Thunderclap"],"picked":"Shrug It Off","floor":6},{"not_picked":["Sword Boomerang","Havoc"],"picked":"Feed","floor":8},{"not_picked":["Wild Strike","Iron Wave","Sentinel"],"picked":"SKIP","floor":11},{"not_picked":["Thunderclap","Cleave","Pommel Strike"],"picked":"SKIP","floor":14},{"not_picked":["Impervious","Feed"],"picked":"Immolate","floor":16},{"not_picked":["Body Slam","Perfected Strike","Anger+1"],"picked":"SKIP","floor":18},{"not_picked":["Armaments+1","True Grit","Intimidate"],"picked":"SKIP","floor":19},{"not_picked":["Twin Strike","Reaper","Flex"],"picked":"SKIP","floor":23},{"not_picked":["Perfected Strike","Iron Wave","Thunderclap"],"picked":"SKIP","floor":25},{"not_picked":["Dual Wield","Clothesline","Warcry"],"picked":"SKIP","floor":27},{"not_picked":["Twin Strike","Armaments"],"picked":"Demon Form","floor":28},{"not_picked":["Seeing Red+1","Feel No Pain","Power Through"],"picked":"SKIP","floor":30},{"not_picked":["Warcry","Shockwave"],"picked":"Dropkick","floor":31},{"not_picked":["Pommel Strike","Iron Wave+1"],"picked":"Sword Boomerang+1","floor":35},{"not_picked":["Clash","Iron Wave","Shrug It Off+1"],"picked":"SKIP","floor":40},{"not_picked":["Havoc+1","Clothesline+1","Headbutt+1"],"picked":"SKIP","floor":41},{"not_picked":["Fiend Fire","Cleave+1"],"picked":"Heavy Blade","floor":42},{"not_picked":["Infernal Blade+1","Corruption","Clothesline+1"],"picked":"SKIP","floor":46},{"not_picked":["Warcry+1","Sword Boomerang+1","Perfected Strike+1"],"picked":"SKIP","floor":47}],"player_experience":1199115,"relics_obtained":[{"floor":6,"key":"Dream Catcher"},{"floor":8,"key":"Bag of Marbles"},{"floor":9,"key":"Blue Candle"},{"floor":23,"key":"StoneCalendar"},{"floor":25,"key":"Regal Pillow"},{"floor":26,"key":"Vajra"},{"floor":30,"key":"Girya"},{"floor":40,"key":"War Paint"},{"floor":43,"key":"Bottled Tornado"},{"floor":43,"key":"Molten Egg 2"}],"event_choices":[{"damage_healed":0,"gold_gain":0,"player_choice":"Got Potions","damage_taken":0,"max_hp_gain":0,"max_hp_loss":0,"event_name":"Lab","floor":3,"gold_loss":0},{"cards_removed":["Limit Break"],"damage_healed":47,"gold_gain":0,"player_choice":"Offered Rare","damage_taken":0,"max_hp_gain":10,"max_hp_loss":0,"event_name":"Bonfire Elementals","floor":13,"gold_loss":0},{"cards_removed":["Strike_R"],"damage_healed":0,"gold_gain":0,"player_choice":"Gave Gold","damage_taken":0,"max_hp_gain":0,"max_hp_loss":0,"event_name":"Beggar","floor":20,"gold_loss":75},{"damage_healed":0,"gold_gain":0,"player_choice":"Simplicity","damage_taken":0,"max_hp_gain":0,"max_hp_loss":0,"event_name":"Back to Basics","floor":21,"gold_loss":0,"cards_upgraded":["Strike_R","Strike_R","Strike_R","Strike_R","Defend_R","Defend_R","Defend_R"]},{"damage_healed":0,"gold_gain":0,"player_choice":"Trade","damage_taken":0,"relics_obtained":["GremlinMask"],"max_hp_gain":0,"max_hp_loss":0,"event_name":"FaceTrader","floor":22,"gold_loss":0},{"damage_healed":0,"gold_gain":0,"player_choice":"Max HP","damage_taken":0,"max_hp_gain":0,"max_hp_loss":7,"event_name":"Winding Halls","floor":36,"gold_loss":0},{"damage_healed":0,"gold_gain":999,"player_choice":"Gold","damage_taken":0,"max_hp_gain":0,"max_hp_loss":0,"event_name":"MindBloom","floor":37,"gold_loss":0,"cards_obtained":["Normality","Normality"]},{"cards_removed":["Seeing Red"],"damage_healed":0,"gold_gain":0,"player_choice":"Removed Skill","damage_taken":0,"max_hp_gain":0,"max_hp_loss":0,"event_name":"Falling","floor":39,"gold_loss":0},{"damage_healed":0,"gold_gain":0,"player_choice":"Ignored","damage_taken":0,"max_hp_gain":0,"max_hp_loss":0,"event_name":"Tomb of Lord Red Mask","floor":44,"gold_loss":0}],"is_beta":true,"boss_relics":[{"not_picked":["Black Blood","Lizard Tail"],"picked":"Velvet Choker"},{"not_picked":["Tiny House","Eternal Feather"],"picked":"Astrolabe"}],"items_purged_floors":[7,38,48],"is_endless":false,"potions_floor_spawned":[1,4,8,11,14,16,18,19,23,28,31,40,42,47],"ascension_level":0}