{"gold_per_floor":[117,128,108,123,123,154,164,164,164,178,204,10,10,10],"floor_reached":14,"playtime":468,"items_purged":[],"score":130,"play_id":"31e6dd82-d1d4-4082-81e9-de2dd2a0e7df","local_time":"20180918200506","is_ascension_mode":true,"campfire_choices":[{"data":"Blur","floor":8.0,"key":"SMITH"},{"data":"Noxious Fumes","floor":13.0,"key":"SMITH"}],"neow_cost":"","seed_source_timestamp":0,"circlet_count":0,"master_deck":["Defend_G","Defend_G","Defend_G","Defend_G","Defend_G","Strike_G","Strike_G","Strike_G","Strike_G","Strike_G","Survivor","Neutralize","Backstab","Caltrops","Blur+1","Poisoned Stab","Noxious Fumes+1"],"special_seed":0,"relics":["Ring of the Snake","Art of War","Dodecahedron","The Specimen","MealTicket"],"potions_floor_usage":[14],"damage_taken":[{"damage":3.0,"enemies":"Cultist","floor":1.0,"turns":5.0},{"damage":0.0,"enemies":"Small Slimes","floor":2.0,"turns":3.0},{"damage":1.0,"enemies":"Jaw Worm","floor":4.0,"turns":4.0},{"damage":18.0,"enemies":"3 Sentries","floor":6.0,"turns":11.0},{"damage":2.0,"enemies":"Looter","floor":7.0,"turns":4.0},{"damage":0.0,"enemies":"Exordium Wildlife","floor":10.0,"turns":3.0},{"damage":17.0,"enemies":"Lagavulin","floor":11.0,"turns":6.0},{"damage":36,"enemies":"Gremlin Nob","floor":14,"turns":5}],"seed_played":"-6923969650075193614","potions_obtained":[{"floor":1.0,"key":"Block Potion"},{"floor":3.0,"key":"Poison Potion"},{"floor":7.0,"key":"PowerPotion"},{"floor":11.0,"key":"Weak Potion"}],"is_trial":false,"path_per_floor":["M","M","?","M","?","E","M","R","T","M","E","$","R"],"character_chosen":"THE_SILENT","items_purchased":["MealTicket"],"campfire_rested":0,"item_purchase_floors":[12],"current_hp_per_floor":[60,60,60,59,59,41,39,39,39,39,22,22,22,0],"gold":10,"neow_bonus":"","is_prod":false,"is_daily":false,"chose_seed":false,"campfire_upgraded":2,"win_rate":0,"timestamp":1537326306,"path_taken":["M","?","?","M","?","E","M","R","T","M","E","$","R","E"],"build_version":"2018-09-18","purchased_purges":0,"victory":false,"max_hp_per_floor":[70,70,70,70,70,70,70,70,70,70,70,70,70,70],"card_choices":[{"not_picked":["Heel Hook","Cloak And Dagger"],"picked":"Backstab","floor":1.0},{"not_picked":["Flechettes","Sucker Punch"],"picked":"Caltrops","floor":2.0},{"not_picked":["Flying Knee","Expertise"],"picked":"Blur","floor":4.0},{"not_picked":["Well Laid Plans","Dagger Throw"],"picked":"Poisoned Stab","floor":6.0},{"not_picked":["Bane","Endless Agony","Concentrate"],"picked":"SKIP","floor":7.0},{"not_picked":["Eviscerate","Outmaneuver"],"picked":"Noxious Fumes","floor":10.0},{"not_picked":["Quick Slash","Acrobatics","Finisher"],"picked":"SKIP","floor":11.0}],"player_experience":298011,"relics_obtained":[{"floor":6.0,"key":"Art of War"},{"floor":9.0,"key":"Dodecahedron"},{"floor":11.0,"key":"The Specimen"}],"event_choices":[{"event_name":"The Woman in Blue","player_choice":"Bought 1 Potion","floor":3.0,"damage_taken":0.0},{"event_name":"Liars Game","player_choice":"disagreed","floor":5.0,"damage_taken":0.0}],"is_beta":true,"boss_relics":[],"items_purged_floors":[],"is_endless":false,"potions_floor_spawned":[1,7,11],"killed_by":"Gremlin Nob","ascension_level":6}