{"gold_per_floor":[109,125,125,125,145,173,173,185,185,185,197,217,22,22,22,145,145,158,171,296,246,246,284,284,298,298,298,323,337,35,68,68,189,189,214,228,228,228,596,629,629,320,320,55,55,79,412,412,412,412],"floor_reached":51,"playtime":1625,"items_purged":["Defend_R","Defend_R"],"score":886,"play_id":"6f67d5dc-62a9-4951-afdb-16b9858c22f5","local_time":"20190209004907","is_ascension_mode":false,"campfire_choices":[{"data":"Clash","floor":7.0,"key":"SMITH"},{"floor":10.0,"key":"REST"},{"floor":15.0,"key":"REST"},{"floor":24,"key":"REST"},{"floor":27,"key":"REST"},{"floor":32,"key":"REST"},{"floor":41,"key":"REST"},{"floor":45,"key":"REST"},{"data":"Shrug It Off","floor":49,"key":"SMITH"}],"neow_cost":"NONE","seed_source_timestamp":0,"circlet_count":0,"master_deck":["Strike_R+1","Strike_R+1","Strike_R","Strike_R+1","Strike_R","Defend_R","Defend_R+1","Bash+1","Shrug It Off+1","Clash+1","Perfected Strike+1","Shrug It Off+1","Thunderclap+1","Heavy Blade+1","Writhe"],"special_seed":0,"relics":["Burning Blood","Vajra","Juzu Bracelet","Molten Egg 2","Odd Mushroom","Brimstone","Black Star","Turnip","Kunai","MutagenicStrength","Paper Frog","Frozen Egg 2","Bag of Marbles","Pocketwatch","Whetstone","WingedGreaves","Velvet Choker","Old Coin","Blue Candle","Oddly Smooth Stone","Membership Card","Blood Vial","Ice Cream","Orichalcum","Lantern"],"potions_floor_usage":[23,23,23,33,33,33,40,50],"damage_taken":[{"damage":0.0,"enemies":"2 Louse","floor":1.0,"turns":2.0},{"damage":1.0,"enemies":"Jaw Worm","floor":2.0,"turns":4.0},{"damage":0.0,"enemies":"Small Slimes","floor":5.0,"turns":3.0},{"damage":33.0,"enemies":"3 Sentries","floor":6.0,"turns":10.0},{"damage":4.0,"enemies":"Blue Slaver","floor":8.0,"turns":4.0},{"damage":0.0,"enemies":"Large Slime","floor":11.0,"turns":5.0},{"damage":13.0,"enemies":"The Mushroom Lair","floor":12.0,"turns":4.0},{"damage":0.0,"enemies":"Slime Boss","floor":16.0,"turns":5.0},{"damage":26.0,"enemies":"2 Thieves","floor":18.0,"turns":3.0},{"damage":11.0,"enemies":"Shell Parasite","floor":19.0,"turns":3.0},{"damage":19.0,"enemies":"Colosseum Slavers","floor":20.0,"turns":6.0},{"damage":26.0,"enemies":"Colosseum Nobs","floor":20.0,"turns":5.0},{"damage":22,"enemies":"Slavers","floor":23,"turns":5},{"damage":9,"enemies":"Centurion and Healer","floor":25,"turns":4},{"damage":0,"enemies":"Snecko","floor":28,"turns":2},{"damage":24,"enemies":"Snake Plant","floor":29,"turns":2},{"damage":16,"enemies":"Gremlin Leader","floor":31,"turns":3},{"damage":58,"enemies":"Automaton","floor":33,"turns":7},{"damage":0,"enemies":"3 Darklings","floor":35,"turns":4},{"damage":0,"enemies":"3 Shapes","floor":36,"turns":3},{"damage":35,"enemies":"2 Orb Walkers","floor":39,"turns":3},{"damage":42,"enemies":"Reptomancer","floor":40,"turns":6},{"damage":0,"enemies":"Jaw Worm Horde","floor":46,"turns":2},{"damage":55,"enemies":"Time Eater","floor":50,"turns":6}],"seed_played":"-7579250813137934791","potions_obtained":[{"floor":5.0,"key":"Block Potion"},{"floor":6.0,"key":"Regen Potion"},{"floor":19.0,"key":"Weak Potion"},{"floor":20.0,"key":"GamblersBrew"},{"floor":23,"key":"AttackPotion"},{"floor":25,"key":"Strength Potion"},{"floor":29,"key":"Swift Potion"},{"floor":36,"key":"SpeedPotion"},{"floor":39,"key":"BloodPotion"}],"is_trial":false,"path_per_floor":["M","M","?","?","M","E","R","M","T","R","M","?","$","?","R","B",null,"M","M","?","?","?","E","R","M","T","R","M","M","$","E","R","B",null,"M","M","?","?","?","E","R","$","T","$","R","M","?","?","R","B",null],"character_chosen":"IRONCLAD","items_purchased":["Brimstone","Pocketwatch","Membership Card","Blood Vial","Orichalcum","Lantern","Regen Potion","Block Potion"],"campfire_rested":7,"item_purchase_floors":[13,30,42,42,44,44,44,44],"current_hp_per_floor":[80,80,64,64,70,43,43,45,45,69,75,68,68,48,72,78,80,60,55,37,37,37,21,45,42,42,66,72,54,54,44,68,16,80,80,80,80,80,51,23,47,47,47,47,71,79,79,80,80,31],"gold":412,"neow_bonus":"RANDOM_COMMON_RELIC","is_prod":false,"is_daily":false,"chose_seed":false,"campfire_upgraded":2,"win_rate":0,"timestamp":1549669747,"path_taken":["M","M","?","?","M","E","R","M","T","R","M","?","?","?","R","BOSS","M","M","?","?","?","E","R","M","T","R","M","M","$","E","R","BOSS","M","M","?","?","?","E","R","$","T","$","R","M","?","?","R","BOSS"],"build_version":"2019-02-06","purchased_purges":2,"victory":true,"max_hp_per_floor":[80,80,80,80,80,80,80,80,80,80,80,80,80,80,80,80,80,80,80,80,80,80,80,80,80,80,80,80,80,80,80,80,80,80,80,80,80,80,80,80,80,80,80,80,80,80,80,80,80,80],"card_choices":[{"not_picked":["Wild Strike","Seeing Red","Thunderclap"],"picked":"SKIP","floor":1.0},{"not_picked":["Wild Strike","Sword Boomerang"],"picked":"Shrug It Off","floor":2.0},{"not_picked":["Second Wind","Metallicize"],"picked":"Clash","floor":5.0},{"not_picked":["Reckless Charge","Flex","Heavy Blade"],"picked":"SKIP","floor":6.0},{"not_picked":["Twin Strike","Pummel","Combust"],"picked":"SKIP","floor":8.0},{"not_picked":["Dark Embrace","Sword Boomerang+1"],"picked":"Perfected Strike+1","floor":11.0},{"not_picked":["Infernal Blade","Uppercut+1"],"picked":"Shrug It Off+1","floor":18.0},{"not_picked":["Infernal Blade","Whirlwind+1","Perfected Strike+1"],"picked":"SKIP","floor":19.0},{"not_picked":["Impervious","Disarm"],"picked":"Thunderclap+1","floor":23},{"not_picked":["Shrug It Off+1","Metallicize+1","Entrench"],"picked":"SKIP","floor":25},{"not_picked":["Body Slam+1","Flex+1","Sword Boomerang+1"],"picked":"SKIP","floor":28},{"not_picked":["Sentinel","Dropkick+1","Warcry"],"picked":"SKIP","floor":29},{"not_picked":["Wild Strike+1","True Grit","Flame Barrier+1"],"picked":"SKIP","floor":31},{"not_picked":["Infernal Blade","Iron Wave+1","Flame Barrier+1"],"picked":"SKIP","floor":35},{"not_picked":["Infernal Blade","Iron Wave+1","Flame Barrier+1"],"picked":"SKIP","floor":35},{"not_picked":["Headbutt+1","Rupture+1","Armaments"],"picked":"SKIP","floor":36},{"not_picked":["Headbutt+1","Flex"],"picked":"Heavy Blade+1","floor":39},{"not_picked":["Battle Trance","Ghostly Armor","Barricade+1"],"picked":"SKIP","floor":40},{"not_picked":["Fire Breathing+1","Dual Wield+1","Perfected Strike+1"],"picked":"SKIP","floor":46},{"not_picked":["Fire Breathing+1","Dual Wield+1","Perfected Strike+1"],"picked":"SKIP","floor":46}],"player_experience":1129576,"relics_obtained":[{"floor":6.0,"key":"Juzu Bracelet"},{"floor":9.0,"key":"Molten Egg 2"},{"floor":12.0,"key":"Odd Mushroom"},{"floor":20.0,"key":"Turnip"},{"floor":20.0,"key":"Kunai"},{"floor":23,"key":"Paper Frog"},{"floor":23,"key":"Frozen Egg 2"},{"floor":26,"key":"Bag of Marbles"},{"floor":31,"key":"Whetstone"},{"floor":31,"key":"WingedGreaves"},{"floor":39,"key":"Old Coin"},{"floor":40,"key":"Blue Candle"},{"floor":40,"key":"Oddly Smooth Stone"},{"floor":43,"key":"Ice Cream"}],"event_choices":[{"damage_healed":0.0,"max_hp_gain":0.0,"max_hp_loss":0.0,"gold_gain":0.0,"event_name":"Shining Light","player_choice":"Entered Light","floor":3.0,"gold_loss":0.0,"damage_taken":16.0,"cards_upgraded":["Strike_R","Defend_R"]},{"damage_healed":0.0,"max_hp_gain":0.0,"max_hp_loss":0.0,"gold_gain":0.0,"event_name":"Living Wall","player_choice":"Grow","floor":4.0,"gold_loss":0.0,"damage_taken":0.0,"cards_upgraded":["Bash"]},{"damage_healed":0.0,"max_hp_gain":0.0,"max_hp_loss":0.0,"gold_gain":0.0,"event_name":"Mushrooms","player_choice":"Fought Mushrooms","floor":12.0,"gold_loss":0.0,"damage_taken":0.0},{"damage_healed":0.0,"max_hp_gain":0.0,"max_hp_loss":0.0,"gold_gain":0.0,"event_name":"Golden Idol","player_choice":"Take Damage","floor":14.0,"gold_loss":0.0,"damage_taken":20.0,"relics_obtained":["Golden Idol"]},{"damage_healed":0.0,"max_hp_gain":0.0,"max_hp_loss":0.0,"gold_gain":0.0,"event_name":"Colosseum","player_choice":"Fight","floor":20.0,"gold_loss":0.0,"damage_taken":0.0},{"damage_healed":0.0,"max_hp_gain":0.0,"max_hp_loss":0.0,"gold_gain":0.0,"event_name":"Colosseum","player_choice":"Fought Nobs","floor":20.0,"gold_loss":0.0,"damage_taken":0.0},{"damage_healed":0.0,"max_hp_gain":0.0,"max_hp_loss":0.0,"gold_gain":0.0,"event_name":"The Joust","player_choice":"Bet on Murderer","floor":21.0,"gold_loss":50.0,"damage_taken":0.0},{"damage_healed":0.0,"max_hp_gain":0.0,"max_hp_loss":0.0,"gold_gain":0.0,"event_name":"Drug Dealer","player_choice":"Inject Mutagens","floor":22.0,"gold_loss":0.0,"damage_taken":0.0,"relics_obtained":["MutagenicStrength"]},{"damage_healed":0,"gold_gain":0,"player_choice":"Ignored","damage_taken":0,"max_hp_gain":0,"max_hp_loss":0,"event_name":"NoteForYourself","floor":37,"gold_loss":0},{"damage_healed":0,"gold_gain":0,"player_choice":"Ignored","damage_taken":0,"max_hp_gain":0,"max_hp_loss":0,"event_name":"Tomb of Lord Red Mask","floor":38,"gold_loss":0},{"damage_healed":0,"gold_gain":0,"player_choice":"Fight","damage_taken":0,"max_hp_gain":0,"max_hp_loss":0,"event_name":"Mysterious Sphere","floor":39,"gold_loss":0},{"damage_healed":0,"gold_gain":333,"player_choice":"Gave Idol","damage_taken":0,"max_hp_gain":0,"max_hp_loss":0,"event_name":"The Moai Head","floor":47,"relics_lost":["Golden Idol"],"gold_loss":0},{"damage_healed":20,"gold_gain":0,"player_choice":"Writhe","damage_taken":0,"max_hp_gain":0,"max_hp_loss":0,"event_name":"Winding Halls","floor":48,"gold_loss":0,"cards_obtained":["Writhe"]}],"is_beta":true,"boss_relics":[{"not_picked":["Snecko Eye","Empty Cage"],"picked":"Black Star"},{"not_picked":["Orrery","Black Blood"],"picked":"Velvet Choker"}],"items_purged_floors":[42,44],"is_endless":false,"potions_floor_spawned":[5,6,19,20,23,25,29,31,36,39],"ascension_level":0}