{"gold_per_floor":[118,137,148,148,148,181,181,211,211,225,73,108,33,43,43,43],"floor_reached":16,"playtime":525,"items_purged":["Strike_G"],"score":174,"play_id":"01ec62dc-4a1d-494b-9f30-fb911173cf77","local_time":"20190320164918","is_ascension_mode":true,"campfire_choices":[{"floor":7,"key":"REST"},{"floor":15,"key":"REST"}],"neow_cost":"NONE","seed_source_timestamp":2841687120090682,"circlet_count":0,"master_deck":["Defend_G","Defend_G","Defend_G","Defend_G","Defend_G","Strike_G","Strike_G","Strike_G","Strike_G","Survivor","Neutralize","Flying Knee","Backstab","PiercingWail","Masterful Stab","Cloak And Dagger","After Image","Quick Slash","Deflect"],"relics":["Ring of the Snake","NeowsBlessing","Incense Burner","Mercury Hourglass","FossilizedHelix","Ninja Scroll","Happy Flower"],"potions_floor_usage":[6,12],"damage_taken":[{"damage":0,"enemies":"Cultist","floor":1,"turns":1},{"damage":0,"enemies":"2 Louse","floor":2,"turns":1},{"damage":0,"enemies":"Jaw Worm","floor":3,"turns":1},{"damage":20,"enemies":"3 Sentries","floor":6,"turns":17},{"damage":35,"enemies":"Lagavulin","floor":8,"turns":11},{"damage":0,"enemies":"Looter","floor":10,"turns":3},{"damage":9,"enemies":"Gremlin Nob","floor":12,"turns":4},{"damage":0,"enemies":"2 Fungi Beasts","floor":14,"turns":1},{"damage":29,"enemies":"Slime Boss","floor":16,"turns":7}],"seed_played":"1732545632572667409","potions_obtained":[{"floor":3,"key":"Dexterity Potion"},{"floor":10,"key":"SkillPotion"},{"floor":14,"key":"SkillPotion"}],"is_trial":false,"path_per_floor":["M","M","M","?","?","E","R","E","T","M","$","E","$","M","R","B"],"character_chosen":"THE_SILENT","items_purchased":["After Image"],"campfire_rested":2,"item_purchase_floors":[11],"current_hp_per_floor":[63,63,63,63,45,25,46,11,11,11,11,2,2,2,23,0],"gold":43,"neow_bonus":"THREE_ENEMY_KILL","is_prod":false,"is_daily":false,"chose_seed":false,"campfire_upgraded":0,"win_rate":0,"timestamp":1553078958,"path_taken":["M","?","M","?","?","E","R","E","T","M","$","E","?","M","R","BOSS"],"build_version":"2019-01-23","purchased_purges":1,"victory":false,"max_hp_per_floor":[70,70,70,70,70,70,70,70,70,70,70,70,70,70,70,70],"card_choices":[{"not_picked":["Quick Slash","Setup"],"picked":"Flying Knee","floor":1},{"not_picked":["All Out Attack","Concentrate"],"picked":"Backstab","floor":2},{"not_picked":["Riddle With Holes","Backflip"],"picked":"PiercingWail","floor":3},{"not_picked":["Riddle With Holes","Tactician","Distraction"],"picked":"SKIP","floor":6},{"not_picked":["Terror","Setup"],"picked":"Masterful Stab","floor":8},{"not_picked":["Acrobatics","Reflex"],"picked":"Cloak And Dagger","floor":10},{"not_picked":["Acrobatics","PiercingWail"],"picked":"Quick Slash","floor":12},{"not_picked":["Slice","Flechettes"],"picked":"Deflect","floor":14}],"player_experience":1024870,"relics_obtained":[{"floor":6,"key":"Mercury Hourglass"},{"floor":8,"key":"FossilizedHelix"},{"floor":9,"key":"Ninja Scroll"},{"floor":12,"key":"Happy Flower"}],"event_choices":[{"damage_healed":0,"gold_gain":0,"player_choice":"Ignored","damage_taken":0,"max_hp_gain":0,"max_hp_loss":0,"event_name":"Liars Game","floor":4,"gold_loss":0},{"damage_healed":0,"gold_gain":0,"player_choice":"Success","damage_taken":18,"relics_obtained":["Incense Burner"],"max_hp_gain":0,"max_hp_loss":0,"event_name":"Scrap Ooze","floor":5,"gold_loss":0}],"is_beta":false,"boss_relics":[],"items_purged_floors":[13],"is_endless":false,"potions_floor_spawned":[3,10,14],"killed_by":"Slime Boss","ascension_level":9}