{"gold_per_floor":[113,83,11,11,24,50,67,95,95,95,45,9,37,51,51,51],"floor_reached":16,"playtime":833,"items_purged":[],"score":236,"play_id":"4668a080-baa1-4ee0-b9fd-09fac6bab759","local_time":"20190415155451","is_ascension_mode":true,"campfire_choices":[{"data":"Spot Weakness","floor":10,"key":"SMITH"},{"data":"Warcry","floor":15,"key":"SMITH"}],"neow_cost":"NONE","seed_source_timestamp":1229786904192651,"circlet_count":0,"master_deck":["AscendersBane","Strike_R","Strike_R","Strike_R","Strike_R","Defend_R","Defend_R","Defend_R","Defend_R","Bash","Sword Boomerang","Corruption","Headbutt","Spot Weakness+1","Heavy Blade","Evolve","Wild Strike","Warcry+1"],"relics":["Burning Blood","NeowsBlessing","Kunai","Blue Candle","Orichalcum","Darkstone Periapt","Meat on the Bone"],"potions_floor_usage":[5,8,13,16],"damage_taken":[{"damage":0,"enemies":"Jaw Worm","floor":1,"turns":1},{"damage":0,"enemies":"Cultist","floor":5,"turns":1},{"damage":0,"enemies":"Lagavulin","floor":6,"turns":1},{"damage":8,"enemies":"Small Slimes","floor":7,"turns":5},{"damage":37,"enemies":"Gremlin Nob","floor":8,"turns":4},{"damage":18,"enemies":"3 Sentries","floor":13,"turns":6},{"damage":8,"enemies":"Exordium Wildlife","floor":14,"turns":3},{"damage":57,"enemies":"Hexaghost","floor":16,"turns":9}],"seed_played":"7683785733141183874","potions_obtained":[{"floor":2,"key":"Regen Potion"},{"floor":2,"key":"Fruit Juice"},{"floor":5,"key":"Ancient Potion"},{"floor":8,"key":"Fire Potion"},{"floor":13,"key":"Fire Potion"}],"is_trial":false,"path_per_floor":["M","?","$","T","M","E","M","E","T","R","?","$","E","M","R","B"],"character_chosen":"IRONCLAD","items_purchased":["Corruption","Evolve"],"campfire_rested":0,"item_purchase_floors":[3,12],"current_hp_per_floor":[78,78,78,78,85,85,83,58,58,58,58,58,46,56,56,0],"gold":51,"neow_bonus":"THREE_ENEMY_KILL","is_prod":false,"is_daily":false,"chose_seed":false,"campfire_upgraded":2,"win_rate":0,"timestamp":1555322091,"path_taken":["M","?","$","?","M","E","M","E","T","R","?","$","E","M","R","BOSS"],"build_version":"2019-01-23","purchased_purges":0,"victory":false,"max_hp_per_floor":[80,80,80,80,85,85,85,85,85,85,85,85,85,85,85,85],"card_choices":[{"not_picked":["Clash","Thunderclap"],"picked":"Sword Boomerang","floor":1},{"not_picked":["Perfected Strike","Body Slam","Reckless Charge"],"picked":"SKIP","floor":5},{"not_picked":["Flame Barrier","Feel No Pain"],"picked":"Headbutt","floor":6},{"not_picked":["Dual Wield","Reckless Charge"],"picked":"Spot Weakness","floor":7},{"not_picked":["Bloodletting","Infernal Blade"],"picked":"Heavy Blade","floor":8},{"not_picked":["Body Slam","Cleave"],"picked":"Wild Strike","floor":13},{"not_picked":["Clash","Intimidate"],"picked":"Warcry","floor":14}],"player_experience":1148426,"relics_obtained":[{"floor":4,"key":"Kunai"},{"floor":6,"key":"Blue Candle"},{"floor":8,"key":"Orichalcum"},{"floor":9,"key":"Darkstone Periapt"},{"floor":13,"key":"Meat on the Bone"}],"event_choices":[{"damage_healed":0,"gold_gain":0,"player_choice":"Bought 2 Potions","damage_taken":0,"max_hp_gain":0,"max_hp_loss":0,"event_name":"The Woman in Blue","floor":2,"gold_loss":0},{"cards_removed":["Strike_R"],"damage_healed":0,"gold_gain":0,"player_choice":"Card Removal","damage_taken":0,"max_hp_gain":0,"max_hp_loss":0,"event_name":"The Cleric","floor":11,"gold_loss":50}],"is_beta":false,"boss_relics":[],"items_purged_floors":[],"is_endless":false,"potions_floor_spawned":[5,7,8,13],"killed_by":"Hexaghost","ascension_level":13}