{"gold_per_floor":[110,122,122,52,62,62,74,133,157,189,219,11,36,36,36,136,136,147,172,172,22,22,22],"floor_reached":23,"playtime":1146,"items_purged":["Strike_G","Strike_G"],"score":289,"play_id":"7faa96be-82fb-41d2-a082-5d5f6c2cfa23","local_time":"20190313161940","is_ascension_mode":true,"campfire_choices":[{"data":"Noxious Fumes","floor":6,"key":"SMITH"},{"data":"Footwork","floor":15,"key":"SMITH"}],"neow_cost":"NONE","seed_source_timestamp":2234481152443932,"circlet_count":0,"master_deck":["Defend_G","Defend_G","Defend_G","Defend_G","Defend_G","Strike_G","Strike_G","Strike_G","Survivor","Neutralize","Dash+1","Footwork+1","Noxious Fumes+1","Deflect","All Out Attack+1","Endless Agony","Well Laid Plans","Deflect","Doppelganger","Clumsy","Writhe","PiercingWail+1","Deflect"],"relics":["Ring of the Snake","NeowsBlessing","Tiny Chest","MawBank","Oddly Smooth Stone","Whetstone","Calling Bell","PreservedInsect","Sundial","Girya","Orichalcum"],"potions_floor_usage":[13,13,13,18],"damage_taken":[{"damage":0,"enemies":"Cultist","floor":1,"turns":1},{"damage":0,"enemies":"Small Slimes","floor":2,"turns":1},{"damage":0,"enemies":"2 Louse","floor":5,"turns":1},{"damage":6,"enemies":"Blue Slaver","floor":7,"turns":4},{"damage":1,"enemies":"Lagavulin","floor":8,"turns":8},{"damage":13,"enemies":"Exordium Wildlife","floor":10,"turns":5},{"damage":4,"enemies":"Red Slaver","floor":11,"turns":5},{"damage":7,"enemies":"Gremlin Nob","floor":13,"turns":6},{"damage":19,"enemies":"Hexaghost","floor":16,"turns":12},{"damage":6,"enemies":"Spheric Guardian","floor":18,"turns":8},{"damage":53,"enemies":"Book of Stabbing","floor":23,"turns":7}],"seed_played":"-357890182976904453","potions_obtained":[{"floor":1,"key":"SpeedPotion"},{"floor":3,"key":"Block Potion"},{"floor":3,"key":"GhostInAJar"},{"floor":16,"key":"EssenceOfSteel"}],"is_trial":false,"path_per_floor":["M","M","?","$","M","R","M","E","T","M","M","$","E","$","R","B",null,"M","T","?","$","?","E"],"character_chosen":"THE_SILENT","items_purchased":["Noxious Fumes","Oddly Smooth Stone","Deflect"],"campfire_rested":0,"item_purchase_floors":[4,12,21],"current_hp_per_floor":[63,63,63,63,63,63,57,56,56,43,39,39,32,32,32,13,56,50,50,50,50,50,0],"gold":22,"neow_bonus":"THREE_ENEMY_KILL","is_prod":false,"is_daily":false,"chose_seed":false,"campfire_upgraded":2,"win_rate":0,"timestamp":1552472380,"path_taken":["M","?","?","$","M","R","?","E","T","M","M","?","E","$","R","BOSS","M","?","?","$","?","E"],"build_version":"2019-01-23","purchased_purges":2,"victory":false,"max_hp_per_floor":[70,70,70,70,70,70,70,70,70,70,70,70,70,70,70,70,70,70,70,70,70,70,70],"card_choices":[{"not_picked":["Bouncing Flask","Expertise"],"picked":"Dash","floor":1},{"not_picked":["Sucker Punch","Well Laid Plans"],"picked":"Footwork","floor":2},{"not_picked":["Deadly Poison","Setup","Slice"],"picked":"SKIP","floor":5},{"not_picked":["Tactician","Flying Knee"],"picked":"Deflect","floor":7},{"not_picked":["Flying Knee","Outmaneuver"],"picked":"All Out Attack","floor":8},{"not_picked":["Concentrate","Outmaneuver"],"picked":"Endless Agony","floor":10},{"not_picked":["Deadly Poison","Glass Knife"],"picked":"Well Laid Plans","floor":11},{"not_picked":["Setup","Heel Hook"],"picked":"Deflect","floor":13},{"not_picked":["Die Die Die","Glass Knife"],"picked":"Doppelganger","floor":16},{"not_picked":["Outmaneuver","Deflect"],"picked":"PiercingWail+1","floor":18}],"player_experience":996621,"relics_obtained":[{"floor":8,"key":"Tiny Chest"},{"floor":9,"key":"MawBank"},{"floor":13,"key":"Whetstone"},{"floor":17,"key":"PreservedInsect"},{"floor":17,"key":"Sundial"},{"floor":17,"key":"Girya"},{"floor":19,"key":"Orichalcum"}],"event_choices":[{"damage_healed":0,"gold_gain":0,"player_choice":"Got Potions","damage_taken":0,"max_hp_gain":0,"max_hp_loss":0,"event_name":"Lab","floor":3,"gold_loss":0},{"damage_healed":0,"gold_gain":0,"player_choice":"Ignored","damage_taken":0,"max_hp_gain":0,"max_hp_loss":0,"event_name":"Vampires","floor":20,"gold_loss":0},{"cards_removed":["Shame"],"damage_healed":0,"gold_gain":0,"player_choice":"Elegance","damage_taken":0,"max_hp_gain":0,"max_hp_loss":0,"event_name":"Back to Basics","floor":22,"gold_loss":0}],"is_beta":false,"boss_relics":[{"not_picked":["Runic Dome","Pandora\u0027s Box"],"picked":"Calling Bell"}],"items_purged_floors":[12,21],"is_endless":false,"potions_floor_spawned":[1,5,10,11,16],"killed_by":"Book of Stabbing","ascension_level":9}