{"gold_per_floor":[114,114,94,115,134,134,178,199,199,243,243,266,282,303,303,303],"floor_reached":16,"playtime":398,"items_purged":[],"score":171,"play_id":"213b3fe3-4850-4fd5-bf07-ab03118ef823","local_time":"20181003203904","is_ascension_mode":true,"campfire_choices":[{"data":"Cleave","floor":6.0,"key":"SMITH"},{"data":"Whirlwind","floor":11.0,"key":"SMITH"},{"floor":15.0,"key":"REST"}],"neow_cost":"NONE","seed_source_timestamp":0,"circlet_count":0,"master_deck":["Strike_R","Strike_R","Strike_R","Strike_R","Defend_R","Defend_R","Defend_R","Defend_R","Bash","AscendersBane","Power Through","Cleave+1","Heavy Blade","Disarm","Whirlwind+1","Seeing Red","Clothesline","Rupture+1","Bloodletting"],"special_seed":0,"relics":["Burning Blood","Golden Idol","Frozen Egg 2","Blue Candle","Matryoshka"],"potions_floor_usage":[],"damage_taken":[{"damage":1.0,"enemies":"Cultist","floor":1.0,"turns":4.0},{"damage":3.0,"enemies":"2 Louse","floor":4.0,"turns":3.0},{"damage":7.0,"enemies":"Jaw Worm","floor":5.0,"turns":3.0},{"damage":21.0,"enemies":"Lagavulin","floor":7.0,"turns":7.0},{"damage":6.0,"enemies":"Looter","floor":8.0,"turns":3.0},{"damage":30.0,"enemies":"Gremlin Nob","floor":10.0,"turns":5.0},{"damage":13.0,"enemies":"Red Slaver","floor":12.0,"turns":3.0},{"damage":6.0,"enemies":"Gremlin Gang","floor":13.0,"turns":5.0},{"damage":12.0,"enemies":"Exordium Wildlife","floor":14.0,"turns":3.0},{"damage":0,"enemies":"Hexaghost","floor":16,"turns":1}],"seed_played":"2027139839537025939","potions_obtained":[{"floor":3.0,"key":"Fire Potion"},{"floor":5.0,"key":"Ancient Potion"},{"floor":7.0,"key":"GamblersBrew"},{"floor":10.0,"key":"Regen Potion"},{"floor":12.0,"key":"SteroidPotion"}],"is_trial":false,"path_per_floor":["M","?","?","M","M","R","E","M","T","E","R","M","M","M","R"],"character_chosen":"IRONCLAD","items_purchased":[],"campfire_rested":1,"item_purchase_floors":[],"current_hp_per_floor":[77,57,57,60,59,59,44,44,44,20,20,22,22,16,40,40],"gold":303,"neow_bonus":"TRANSFORM_CARD","is_prod":false,"is_daily":false,"chose_seed":false,"campfire_upgraded":2,"win_rate":0,"timestamp":1538624344,"path_taken":["M","?","?","M","M","R","E","M","T","E","R","M","M","M","R","BOSS"],"build_version":"2018-10-02","purchased_purges":0,"victory":false,"max_hp_per_floor":[80,80,80,80,80,80,80,80,80,80,80,80,80,80,80,80],"card_choices":[{"not_picked":["Headbutt","Thunderclap"],"picked":"Cleave","floor":1.0},{"not_picked":["Dark Embrace","Blood for Blood"],"picked":"Heavy Blade","floor":4.0},{"not_picked":["Armaments","Thunderclap"],"picked":"Disarm","floor":5.0},{"not_picked":["Rampage","Heavy Blade"],"picked":"Whirlwind","floor":7.0},{"not_picked":["Entrench","Cleave","Rage"],"picked":"SKIP","floor":8.0},{"not_picked":["Rage","Disarm"],"picked":"Seeing Red","floor":10.0},{"not_picked":["Iron Wave","Combust+1"],"picked":"Clothesline","floor":12.0},{"not_picked":["Burning Pact","Bloodletting"],"picked":"Rupture+1","floor":13.0},{"not_picked":["Thunderclap","Flame Barrier"],"picked":"Bloodletting","floor":14.0}],"player_experience":337052,"relics_obtained":[{"floor":7.0,"key":"Frozen Egg 2"},{"floor":9.0,"key":"Blue Candle"},{"floor":10.0,"key":"Matryoshka"}],"event_choices":[{"event_name":"Golden Idol","player_choice":"Take Damage","floor":2.0,"damage_taken":0.0},{"event_name":"The Woman in Blue","player_choice":"Bought 1 Potion","floor":3.0,"damage_taken":0.0}],"is_beta":true,"boss_relics":[],"items_purged_floors":[],"is_endless":false,"potions_floor_spawned":[5,7,10,12],"killed_by":"Hexaghost","ascension_level":10}