{"gold_per_floor":[362,362,537,487,507,507,239,239,292,325,338,47,47,64,64,169,169,183,183,183,183,200,200,234,159,159,191,191,191],"floor_reached":29,"playtime":1001,"items_purged":["Defend_G","Defend_G"],"score":257,"play_id":"1f28c919-07d4-454c-a182-d815136c1726","local_time":"20190225002523","is_ascension_mode":false,"campfire_choices":[{"data":"Neutralize","floor":6,"key":"SMITH"},{"floor":8,"key":"REST"},{"floor":13,"key":"REST"},{"data":"Bouncing Flask","floor":15,"key":"SMITH"},{"floor":23,"key":"REST"},{"floor":28,"key":"DIG"}],"neow_cost":"PERCENT_DAMAGE","seed_source_timestamp":432888390567000,"circlet_count":0,"master_deck":["Defend_G","Defend_G+1","Defend_G+1","Strike_G","Strike_G","Strike_G","Survivor","Neutralize+1","Leg Sweep","Bouncing Flask+1","Poisoned Stab","Poisoned Stab","Poisoned Stab+1"],"relics":["Ring of the Snake","MealTicket","War Paint","Art of War","Membership Card","Empty Cage","Bag of Marbles","Enchiridion","Anchor","Shovel","Dream Catcher","Omamori"],"potions_floor_usage":[18,24,24],"damage_taken":[{"damage":10,"enemies":"Cultist","floor":1,"turns":4},{"damage":0,"enemies":"Small Slimes","floor":5,"turns":6},{"damage":37,"enemies":"Lagavulin","floor":10,"turns":8},{"damage":0,"enemies":"Jaw Worm","floor":11,"turns":5},{"damage":0,"enemies":"Blue Slaver","floor":14,"turns":4},{"damage":26,"enemies":"Slime Boss","floor":16,"turns":14},{"damage":0,"enemies":"3 Byrds","floor":18,"turns":4},{"damage":12,"enemies":"Colosseum Slavers","floor":21,"turns":6},{"damage":0,"enemies":"Chosen","floor":22,"turns":4},{"damage":50,"enemies":"Slavers","floor":24,"turns":11},{"damage":9,"enemies":"Book of Stabbing","floor":27,"turns":5},{"damage":0,"enemies":"3 Cultists","floor":29,"turns":2}],"seed_played":"-2118274021292713518","potions_obtained":[{"floor":10,"key":"Dexterity Potion"},{"floor":11,"key":"Regen Potion"},{"floor":14,"key":"Explosive Potion"},{"floor":24,"key":"GhostInAJar"}],"is_trial":false,"path_per_floor":["M","T","?","?","M","R","$","R","T","E","M","$","R","M","R","B",null,"M","?","?","?","M","R","E","?","T","E","R","M"],"character_chosen":"THE_SILENT","items_purchased":["MealTicket","Membership Card","Bouncing Flask"],"campfire_rested":3,"item_purchase_floors":[7,12,12],"current_hp_per_floor":[39,39,39,39,39,39,39,60,60,23,23,23,44,44,44,18,70,70,70,54,42,42,63,28,28,28,19,19,19],"gold":191,"neow_bonus":"TWO_FIFTY_GOLD","is_prod":false,"is_daily":false,"chose_seed":false,"campfire_upgraded":2,"win_rate":0,"timestamp":1551050723,"path_taken":["M","?","?","?","M","R","$","R","T","E","M","?","R","M","R","BOSS","M","?","?","?","M","R","E","?","T","E","R","M"],"build_version":"2019-02-06","purchased_purges":2,"victory":false,"max_hp_per_floor":[70,70,70,70,70,70,70,70,70,70,70,70,70,70,70,70,70,70,70,70,70,70,70,70,70,70,70,70,70],"card_choices":[{"not_picked":["Dagger Throw","Blade Dance","Outmaneuver"],"picked":"SKIP","floor":1},{"not_picked":["Slice","Deflect","Sucker Punch"],"picked":"SKIP","floor":5},{"not_picked":["Cloak And Dagger","A Thousand Cuts","Terror"],"picked":"SKIP","floor":10},{"not_picked":["Skewer","Predator"],"picked":"Leg Sweep","floor":11},{"not_picked":["Predator","Endless Agony"],"picked":"Poisoned Stab","floor":14},{"not_picked":["Acrobatics","Dodge and Roll","Cloak And Dagger"],"picked":"SKIP","floor":18},{"not_picked":["Cloak And Dagger","Expertise"],"picked":"Poisoned Stab","floor":22},{"not_picked":["Flying Knee+1","Deflect"],"picked":"Poisoned Stab+1","floor":24},{"not_picked":["Terror","Infinite Blades","Dodge and Roll"],"picked":"SKIP","floor":27}],"player_experience":1187799,"relics_obtained":[{"floor":9,"key":"War Paint"},{"floor":10,"key":"Art of War"},{"floor":20,"key":"Enchiridion"},{"floor":24,"key":"Anchor"},{"floor":26,"key":"Shovel"},{"floor":27,"key":"Dream Catcher"},{"floor":28,"key":"Omamori"}],"event_choices":[{"damage_healed":0,"gold_gain":175,"player_choice":"AGREE","damage_taken":0,"max_hp_gain":0,"max_hp_loss":0,"event_name":"Liars Game","floor":3,"gold_loss":0,"cards_obtained":["Doubt"]},{"cards_removed":["Doubt"],"damage_healed":0,"gold_gain":0,"player_choice":"Card Removal","damage_taken":0,"max_hp_gain":0,"max_hp_loss":0,"event_name":"The Cleric","floor":4,"gold_loss":50},{"damage_healed":0,"gold_gain":0,"player_choice":"Opened","damage_taken":0,"relics_obtained":["Bag of Marbles"],"max_hp_gain":0,"max_hp_loss":0,"event_name":"The Mausoleum","floor":19,"gold_loss":0,"cards_obtained":["Writhe"]},{"damage_healed":0,"gold_gain":0,"player_choice":"Obtained Book","damage_taken":16,"max_hp_gain":0,"max_hp_loss":0,"event_name":"Cursed Tome","floor":20,"gold_loss":0},{"damage_healed":0,"gold_gain":0,"player_choice":"Fight","damage_taken":0,"max_hp_gain":0,"max_hp_loss":0,"event_name":"Colosseum","floor":21,"gold_loss":0},{"damage_healed":0,"gold_gain":0,"player_choice":"Fled From Nobs","damage_taken":0,"max_hp_gain":0,"max_hp_loss":0,"event_name":"Colosseum","floor":21,"gold_loss":0},{"cards_removed":["Writhe"],"damage_healed":0,"gold_gain":0,"player_choice":"Gave Gold","damage_taken":0,"max_hp_gain":0,"max_hp_loss":0,"event_name":"Beggar","floor":25,"gold_loss":75}],"is_beta":true,"boss_relics":[{"not_picked":["WristBlade","Runic Pyramid"],"picked":"Empty Cage"}],"items_purged_floors":[7,12],"is_endless":false,"potions_floor_spawned":[10,11,14,21,24],"killed_by":"3 Cultists","ascension_level":0}