{"gold_per_floor":[117,117,132,132,149,149,174,174,174,174,198,198,238,256,256,256],"floor_reached":16,"playtime":372,"items_purged":[],"score":220,"play_id":"5c965685-36b4-440a-8c3f-f950f4ed2664","local_time":"20190409211057","is_ascension_mode":true,"campfire_choices":[{"data":"Immolate","floor":6.0,"key":"SMITH"},{"data":"Body Slam","floor":10.0,"key":"SMITH"},{"data":"Twin Strike","floor":12.0,"key":"SMITH"},{"data":"Double Tap","floor":15.0,"key":"SMITH"}],"neow_cost":"NONE","seed_source_timestamp":0,"circlet_count":0,"master_deck":["AscendersBane","Strike_R","Strike_R","Strike_R","Strike_R","Strike_R","Defend_R","Defend_R","Defend_R","Defend_R","Bash+1","Immolate+1","Body Slam+1","Twin Strike+1","Double Tap+1"],"special_seed":0,"relics":["Burning Blood","Meat on the Bone","Omamori","Golden Idol","Ancient Tea Set","Unceasing Top"],"potions_floor_usage":[16,16],"damage_taken":[{"damage":14.0,"enemies":"Jaw Worm","floor":1.0,"turns":5.0},{"damage":0.0,"enemies":"2 Louse","floor":3.0,"turns":1.0},{"damage":1.0,"enemies":"Cultist","floor":5.0,"turns":3.0},{"damage":30.0,"enemies":"Lagavulin","floor":7.0,"turns":7.0},{"damage":11.0,"enemies":"Looter","floor":11.0,"turns":3.0},{"damage":15.0,"enemies":"3 Sentries","floor":13.0,"turns":5.0},{"damage":3.0,"enemies":"3 Louse","floor":14.0,"turns":2.0},{"damage":49,"enemies":"The Guardian","floor":16,"turns":7}],"seed_played":"7090936423700877921","potions_obtained":[{"floor":1.0,"key":"AttackPotion"},{"floor":7.0,"key":"GamblersBrew"},{"floor":14.0,"key":"Block Potion"}],"is_trial":false,"path_per_floor":["M","?","M","?","M","R","E","?","T","R","M","R","E","M","R","B"],"character_chosen":"IRONCLAD","items_purchased":[],"campfire_rested":0,"item_purchase_floors":[],"current_hp_per_floor":[60,60,66,55,60,60,48,48,48,48,55,55,46,49,49,0],"gold":256,"neow_bonus":"ONE_RANDOM_RARE_CARD","is_prod":false,"is_daily":false,"chose_seed":false,"campfire_upgraded":4,"win_rate":0,"timestamp":1554837057,"path_taken":["M","?","M","?","M","R","E","?","T","R","M","R","E","M","R","BOSS"],"build_version":"2019-04-04","purchased_purges":0,"victory":false,"max_hp_per_floor":[75,75,75,75,75,75,75,75,75,75,75,75,75,75,75,75],"card_choices":[{"not_picked":["Blood for Blood","Rage","Rupture"],"picked":"SKIP","floor":1.0},{"not_picked":["Pommel Strike","Ghostly Armor"],"picked":"Body Slam","floor":3.0},{"not_picked":["Second Wind","Rupture","Body Slam"],"picked":"SKIP","floor":5.0},{"not_picked":["Clothesline","Metallicize","Thunderclap"],"picked":"SKIP","floor":7.0},{"not_picked":["Blood for Blood","Armaments"],"picked":"Twin Strike","floor":11.0},{"not_picked":["Body Slam","Anger"],"picked":"Double Tap","floor":13.0},{"not_picked":["True Grit","Ghostly Armor","Havoc"],"picked":"SKIP","floor":14.0}],"player_experience":1349433,"relics_obtained":[{"floor":7.0,"key":"Omamori"},{"floor":9.0,"key":"Ancient Tea Set"},{"floor":13.0,"key":"Unceasing Top"}],"event_choices":[{"damage_healed":0.0,"max_hp_gain":0.0,"max_hp_loss":0.0,"gold_gain":0.0,"event_name":"Living Wall","player_choice":"Grow","floor":2.0,"gold_loss":0.0,"damage_taken":0.0,"cards_upgraded":["Bash"]},{"damage_healed":0.0,"max_hp_gain":0.0,"max_hp_loss":0.0,"gold_gain":0.0,"event_name":"Scrap Ooze","player_choice":"Success","floor":4.0,"gold_loss":0.0,"damage_taken":11.0,"relics_obtained":["Meat on the Bone"]},{"damage_healed":0.0,"max_hp_gain":0.0,"max_hp_loss":0.0,"gold_gain":0.0,"event_name":"Golden Idol","player_choice":"Take Wound","floor":8.0,"gold_loss":0.0,"damage_taken":0.0,"relics_obtained":["Golden Idol"],"cards_obtained":["Injury"]}],"is_beta":true,"boss_relics":[],"items_purged_floors":[],"is_endless":false,"potions_floor_spawned":[1,7,14],"killed_by":"The Guardian","ascension_level":20}