{"gold_per_floor":[109,109,34,54,54,54,70,89,389,400,400,410,425,7,7,7],"floor_reached":16,"playtime":329,"items_purged":["Defend_R"],"score":188,"play_id":"5da1b4e8-a9f5-4edc-98f2-8cee856d34da","local_time":"20190331202312","is_ascension_mode":true,"campfire_choices":[{"data":"Bash","floor":6,"key":"SMITH"},{"data":"Uppercut","floor":15,"key":"SMITH"}],"neow_cost":"TEN_PERCENT_HP_LOSS","seed_source_timestamp":932989651444000,"circlet_count":0,"master_deck":["AscendersBane","Strike_R","Strike_R","Strike_R","Strike_R","Defend_R","Defend_R","Bash+1","Immolate+1","Heavy Blade","Uppercut+1","Shrug It Off"],"relics":["Burning Blood","Magic Flower","Incense Burner","Old Coin","Molten Egg 2"],"potions_floor_usage":[16],"damage_taken":[{"damage":6,"enemies":"Cultist","floor":1,"turns":3},{"damage":15,"enemies":"Small Slimes","floor":4,"turns":4},{"damage":11,"enemies":"Jaw Worm","floor":7,"turns":5},{"damage":0,"enemies":"Exordium Wildlife","floor":8,"turns":3},{"damage":10,"enemies":"3 Louse","floor":10,"turns":2},{"damage":12,"enemies":"Large Slime","floor":12,"turns":3},{"damage":0,"enemies":"2 Fungi Beasts","floor":13,"turns":1},{"damage":59,"enemies":"Hexaghost","floor":16,"turns":9}],"seed_played":"-1816537174987965785","potions_obtained":[{"floor":1,"key":"FearPotion"},{"floor":13,"key":"FearPotion"}],"is_trial":false,"path_per_floor":["M","?","?","M","?","R","M","M","T","M","?","M","M","$","R","B"],"character_chosen":"IRONCLAD","items_purchased":["Shrug It Off","Molten Egg 2"],"campfire_rested":0,"item_purchase_floors":[14,14],"current_hp_per_floor":[68,61,61,55,44,44,42,51,51,50,50,47,56,56,56,0],"gold":7,"neow_bonus":"ONE_RARE_RELIC","is_prod":false,"is_daily":false,"chose_seed":false,"campfire_upgraded":2,"win_rate":0,"timestamp":1554056592,"path_taken":["M","?","?","M","?","R","M","M","T","M","?","M","M","$","R","BOSS"],"build_version":"2019-03-15","purchased_purges":1,"victory":false,"max_hp_per_floor":[68,68,68,68,68,68,68,68,68,68,68,68,68,68,68,68],"card_choices":[{"not_picked":["Feel No Pain","Battle Trance","Body Slam"],"picked":"SKIP","floor":1},{"not_picked":["Havoc","Cleave","Flex"],"picked":"SKIP","floor":4},{"not_picked":["Rupture","Power Through"],"picked":"Immolate","floor":7},{"not_picked":["Thunderclap","Cleave","Infernal Blade"],"picked":"SKIP","floor":8},{"not_picked":["Hemokinesis","Rage"],"picked":"Heavy Blade","floor":10},{"not_picked":["Clothesline","Havoc","Twin Strike"],"picked":"SKIP","floor":12},{"not_picked":["Uppercut","Entrench","Clash"],"picked":"SKIP","floor":13},{"not_picked":["Entrench","Clash"],"picked":"Uppercut","floor":13}],"player_experience":1316102,"relics_obtained":[{"floor":9,"key":"Old Coin"}],"event_choices":[{"cards_removed":["Defend_R"],"damage_healed":0,"gold_gain":0,"player_choice":"Card Removal","damage_taken":7,"max_hp_gain":0,"max_hp_loss":0,"event_name":"Golden Wing","floor":2,"gold_loss":0},{"cards_removed":["Strike_R"],"damage_healed":0,"gold_gain":0,"player_choice":"Card Removal","damage_taken":0,"max_hp_gain":0,"max_hp_loss":0,"event_name":"The Cleric","floor":3,"gold_loss":75},{"damage_healed":0,"gold_gain":0,"player_choice":"Success","damage_taken":11,"relics_obtained":["Incense Burner"],"max_hp_gain":0,"max_hp_loss":0,"event_name":"Scrap Ooze","floor":5,"gold_loss":0},{"damage_healed":0,"gold_gain":0,"player_choice":"Grow","damage_taken":0,"max_hp_gain":0,"max_hp_loss":0,"event_name":"Living Wall","floor":11,"gold_loss":0,"cards_upgraded":["Immolate"]}],"is_beta":true,"boss_relics":[],"items_purged_floors":[14],"is_endless":false,"potions_floor_spawned":[1,13],"killed_by":"Hexaghost","ascension_level":20}