{"gold_per_floor":[217,230,180,199,23,23,23,23,23,41,366,382,392,402,402,402],"floor_reached":16,"playtime":701,"items_purged":[],"score":151,"play_id":"b8eb6151-405c-4306-9e7a-391233354d86","local_time":"20190401143944","is_ascension_mode":true,"campfire_choices":[{"floor":6,"key":"REST"},{"data":"Corpse Explosion","floor":8,"key":"SMITH"},{"floor":15,"key":"REST"}],"neow_cost":"NONE","seed_source_timestamp":15808298957900,"circlet_count":0,"master_deck":["Defend_G","Defend_G","Defend_G","Defend_G","Defend_G","Strike_G","Strike_G","Strike_G","Survivor","Neutralize","Poisoned Stab","Cloak And Dagger","PiercingWail","Corpse Explosion+1","Infinite Blades","Deflect","Endless Agony","Night Terror"],"relics":["Ring of the Snake","Matryoshka","Old Coin"],"potions_floor_usage":[11,16],"damage_taken":[{"damage":3,"enemies":"Small Slimes","floor":1,"turns":7},{"damage":1,"enemies":"Cultist","floor":2,"turns":4},{"damage":0,"enemies":"Jaw Worm","floor":4,"turns":4},{"damage":7,"enemies":"Blue Slaver","floor":10,"turns":4},{"damage":31,"enemies":"Gremlin Nob","floor":11,"turns":5},{"damage":2,"enemies":"3 Louse","floor":12,"turns":2},{"damage":11,"enemies":"Large Slime","floor":13,"turns":7},{"damage":13,"enemies":"Exordium Thugs","floor":14,"turns":4},{"damage":31,"enemies":"Slime Boss","floor":16,"turns":8}],"seed_played":"7341091324049901598","potions_obtained":[{"floor":2,"key":"SkillPotion"},{"floor":12,"key":"GhostInAJar"},{"floor":13,"key":"FearPotion"},{"floor":14,"key":"Dexterity Potion"}],"is_trial":false,"path_per_floor":["M","M","?","M","$","R","?","R","T","M","E","M","M","M","R","B"],"character_chosen":"THE_SILENT","items_purchased":["Corpse Explosion","Infinite Blades"],"campfire_rested":2,"item_purchase_floors":[5,5],"current_hp_per_floor":[60,59,59,59,59,70,70,70,70,63,32,30,19,6,27,0],"gold":402,"neow_bonus":"HUNDRED_GOLD","is_prod":false,"is_daily":false,"chose_seed":false,"campfire_upgraded":1,"win_rate":0,"timestamp":1554107984,"path_taken":["M","M","?","M","$","R","?","R","T","M","E","M","M","?","R","BOSS"],"build_version":"2019-01-23","purchased_purges":0,"victory":false,"max_hp_per_floor":[70,70,70,70,70,70,70,70,70,70,70,70,70,70,70,70],"card_choices":[{"not_picked":["Concentrate","Quick Slash"],"picked":"Poisoned Stab","floor":1},{"not_picked":["Flechettes","Calculated Gamble"],"picked":"Cloak And Dagger","floor":2},{"not_picked":["Deflect","Distraction"],"picked":"PiercingWail","floor":4},{"not_picked":["Blade Dance","Concentrate"],"picked":"Deflect","floor":10},{"not_picked":["Poisoned Stab","Deadly Poison"],"picked":"Endless Agony","floor":11},{"not_picked":["Flying Knee","Outmaneuver","Blade Dance"],"picked":"SKIP","floor":12},{"not_picked":["Bouncing Flask","Outmaneuver"],"picked":"Night Terror","floor":13},{"not_picked":["Flying Knee","Prepared","Dagger Spray"],"picked":"SKIP","floor":14}],"player_experience":1090271,"relics_obtained":[{"floor":9,"key":"Matryoshka"},{"floor":11,"key":"Old Coin"}],"event_choices":[{"cards_removed":["Strike_G"],"damage_healed":0,"gold_gain":0,"player_choice":"Card Removal","damage_taken":0,"max_hp_gain":0,"max_hp_loss":0,"event_name":"The Cleric","floor":3,"gold_loss":50},{"cards_removed":["Strike_G"],"damage_healed":0,"gold_gain":0,"player_choice":"Purged","damage_taken":0,"max_hp_gain":0,"max_hp_loss":0,"event_name":"Purifier","floor":7,"gold_loss":0}],"is_beta":false,"boss_relics":[],"items_purged_floors":[],"is_endless":false,"potions_floor_spawned":[2,12,13,14],"killed_by":"Slime Boss","ascension_level":9}