{"gold_per_floor":[112,187,112,33,52,52,81,81,81,98,98,115,144,156,156,156],"floor_reached":16,"playtime":612,"items_purged":[],"score":220,"play_id":"d3a7fdc0-3d34-4c3f-b7cf-e99e3073342b","local_time":"20190404222112","is_ascension_mode":true,"campfire_choices":[{"data":"Bash","floor":6,"key":"SMITH"},{"floor":8,"key":"REST"},{"data":"Inflame","floor":15,"key":"SMITH"}],"neow_cost":"TEN_PERCENT_HP_LOSS","seed_source_timestamp":1285411541011800,"circlet_count":0,"master_deck":["AscendersBane","Strike_R","Strike_R","Strike_R","Strike_R","Defend_R","Defend_R","Bash+1","Shrug It Off","Inflame+1","Shrug It Off","Feed","Flame Barrier","Sword Boomerang"],"relics":["Burning Blood","Bag of Preparation","Bag of Marbles","Blood Vial","Dream Catcher"],"potions_floor_usage":[7,13,13,16],"damage_taken":[{"damage":0,"enemies":"2 Louse","floor":1,"turns":4},{"damage":0,"enemies":"Small Slimes","floor":5,"turns":4},{"damage":37,"enemies":"3 Sentries","floor":7,"turns":11},{"damage":0,"enemies":"Cultist","floor":10,"turns":3},{"damage":4,"enemies":"3 Louse","floor":12,"turns":5},{"damage":32,"enemies":"Gremlin Nob","floor":13,"turns":4},{"damage":0,"enemies":"Red Slaver","floor":14,"turns":4},{"damage":63,"enemies":"Hexaghost","floor":16,"turns":9}],"seed_played":"1916271699174308864","potions_obtained":[{"floor":5,"key":"PowerPotion"},{"floor":7,"key":"FearPotion"},{"floor":12,"key":"SneckoOil"},{"floor":14,"key":"Swift Potion"}],"is_trial":false,"path_per_floor":["M","?","?","?","M","R","E","R","T","M","?","M","E","M","R","B"],"character_chosen":"IRONCLAD","items_purchased":[],"campfire_rested":1,"item_purchase_floors":[],"current_hp_per_floor":[68,57,57,57,63,63,32,52,52,60,68,68,45,56,56,0],"gold":156,"neow_bonus":"TRANSFORM_TWO_CARDS","is_prod":false,"is_daily":false,"chose_seed":false,"campfire_upgraded":2,"win_rate":0,"timestamp":1554409272,"path_taken":["M","?","?","?","M","R","E","R","T","?","?","M","E","?","R","BOSS"],"build_version":"2019-03-15","purchased_purges":0,"victory":false,"max_hp_per_floor":[68,68,68,68,68,68,68,68,68,68,68,68,71,74,74,74],"card_choices":[{"not_picked":["Clothesline","Combust","Body Slam"],"picked":"SKIP","floor":1},{"not_picked":["Wild Strike","True Grit","Seeing Red"],"picked":"SKIP","floor":5},{"not_picked":["Iron Wave","Clash"],"picked":"Inflame","floor":7},{"not_picked":["Body Slam","Clothesline"],"picked":"Shrug It Off","floor":10},{"not_picked":["Body Slam","Carnage"],"picked":"Feed","floor":12},{"not_picked":["Rage","Metallicize"],"picked":"Flame Barrier","floor":13},{"not_picked":["Body Slam","Infernal Blade"],"picked":"Sword Boomerang","floor":14}],"player_experience":1329237,"relics_obtained":[{"floor":7,"key":"Bag of Marbles"},{"floor":9,"key":"Blood Vial"},{"floor":13,"key":"Dream Catcher"}],"event_choices":[{"damage_healed":0,"gold_gain":75,"player_choice":"Gather Gold","damage_taken":11,"max_hp_gain":0,"max_hp_loss":0,"event_name":"World of Goop","floor":2,"gold_loss":0},{"cards_removed":["Defend_R"],"damage_healed":0,"gold_gain":0,"player_choice":"Card Removal","damage_taken":0,"max_hp_gain":0,"max_hp_loss":0,"event_name":"The Cleric","floor":3,"gold_loss":75},{"damage_healed":0,"gold_gain":0,"player_choice":"Paid Gold","damage_taken":0,"relics_obtained":["Bag of Preparation"],"max_hp_gain":0,"max_hp_loss":0,"event_name":"WeMeetAgain","floor":4,"gold_loss":79},{"cards_removed":["Power Through"],"damage_healed":8,"gold_gain":0,"player_choice":"Offered Uncommon","damage_taken":0,"max_hp_gain":0,"max_hp_loss":0,"event_name":"Bonfire Elementals","floor":11,"gold_loss":0}],"is_beta":true,"boss_relics":[],"items_purged_floors":[],"is_endless":false,"potions_floor_spawned":[5,7,12,14],"killed_by":"Hexaghost","ascension_level":20}