{"gold_per_floor":[114,114,189,114,128,128,156,185,222,234],"floor_reached":10,"playtime":227,"items_purged":["Strike_R"],"score":132,"play_id":"0fed5654-effa-4794-9889-f87f56bfad07","local_time":"20190417213808","is_ascension_mode":true,"campfire_choices":[{"data":"Bash","floor":6,"key":"SMITH"}],"neow_cost":"PERCENT_DAMAGE","seed_source_timestamp":634995312645500,"circlet_count":0,"master_deck":["AscendersBane","Strike_R","Strike_R","Strike_R","Strike_R","Defend_R","Defend_R","Defend_R","Bash+1","True Grit"],"relics":["Burning Blood","Gambling Chip","MawBank","Oddly Smooth Stone"],"potions_floor_usage":[7,7],"damage_taken":[{"damage":6,"enemies":"Cultist","floor":1,"turns":3},{"damage":1,"enemies":"2 Louse","floor":5,"turns":3},{"damage":30,"enemies":"Lagavulin","floor":7,"turns":5},{"damage":5,"enemies":"Jaw Worm","floor":8,"turns":5},{"damage":4,"enemies":"Lots of Slimes","floor":10,"turns":2}],"seed_played":"1444043753699690690","potions_obtained":[{"floor":1,"key":"Energy Potion"},{"floor":5,"key":"SteroidPotion"}],"is_trial":false,"path_per_floor":["M","?","?","$","M","R","E","M","T","M"],"character_chosen":"IRONCLAD","items_purchased":[],"campfire_rested":0,"item_purchase_floors":[],"current_hp_per_floor":[50,43,32,32,37,37,13,14,14,10],"gold":234,"neow_bonus":"ONE_RARE_RELIC","is_prod":false,"is_daily":false,"chose_seed":false,"campfire_upgraded":1,"win_rate":0,"timestamp":1555529888,"path_taken":["M","?","?","?","M","R","E","M","T","?"],"build_version":"2019-04-04","purchased_purges":1,"victory":false,"max_hp_per_floor":[75,75,75,75,75,75,75,75,75,75],"card_choices":[{"not_picked":["Combust","Dropkick","Ghostly Armor"],"picked":"SKIP","floor":1},{"not_picked":["Thunderclap","Shockwave","Infernal Blade"],"picked":"SKIP","floor":5},{"not_picked":["Armaments","Metallicize","True Grit"],"picked":"SKIP","floor":7},{"not_picked":["Armaments","Metallicize"],"picked":"True Grit","floor":7},{"not_picked":["Wild Strike","Headbutt","Heavy Blade"],"picked":"SKIP","floor":8},{"not_picked":["Wild Strike","Headbutt","Heavy Blade"],"picked":"SKIP","floor":8}],"player_experience":1393796,"relics_obtained":[{"floor":7,"key":"MawBank"},{"floor":9,"key":"Oddly Smooth Stone"}],"event_choices":[{"cards_removed":["Defend_R"],"damage_healed":0,"gold_gain":0,"player_choice":"Card Removal","damage_taken":7,"max_hp_gain":0,"max_hp_loss":0,"event_name":"Golden Wing","floor":2,"gold_loss":0},{"damage_healed":0,"gold_gain":75,"player_choice":"Gather Gold","damage_taken":11,"max_hp_gain":0,"max_hp_loss":0,"event_name":"World of Goop","floor":3,"gold_loss":0}],"is_beta":true,"boss_relics":[],"items_purged_floors":[4],"is_endless":false,"potions_floor_spawned":[1,5],"killed_by":"Lots of Slimes","ascension_level":20}