{"gold_per_floor":[117,117,15,29,29,56,56,68,68,96,112,129,146,165,165,241,241,256,27,27,47,47,47,47,47,121,135,155,155,155,165,165,165],"floor_reached":33,"playtime":1326,"items_purged":[],"score":568,"play_id":"d3181c34-55d6-4bf8-8b96-518146d061c8","local_time":"20190121203851","is_ascension_mode":true,"campfire_choices":[{"data":"Neutralize","floor":7,"key":"SMITH"},{"floor":15,"key":"REST"},{"data":"Eviscerate","floor":23,"key":"SMITH"},{"data":"Leg Sweep","floor":25,"key":"SMITH"},{"data":"Dodge and Roll","floor":29,"key":"SMITH"},{"floor":32,"key":"REST"}],"neow_cost":"NONE","seed_source_timestamp":200890559716800,"circlet_count":0,"master_deck":["AscendersBane","Defend_G","Defend_G","Defend_G","Defend_G","Defend_G","Strike_G","Strike_G","Strike_G","Strike_G","Strike_G","Survivor","Neutralize+1","Backflip","Cloak And Dagger","Backstab","Dodge and Roll+1","Sucker Punch","Heel Hook","Leg Sweep+1","Escape Plan","Blade Dance","Corpse Explosion+1","Eviscerate+1","Bouncing Flask+1","Catalyst+1"],"relics":["Ring of the Snake","NeowsBlessing","Letter Opener","Pear","Omamori","Blood Vial","Bottled Lightning","Snecko Eye","Lee\u0027s Waffle","Toxic Egg 2","Frozen Egg 2"],"potions_floor_usage":[8,10,16,16],"damage_taken":[{"damage":0,"enemies":"2 Louse","floor":1,"turns":1},{"damage":0,"enemies":"Jaw Worm","floor":4,"turns":1},{"damage":0,"enemies":"Lagavulin","floor":6,"turns":1},{"damage":0,"enemies":"Cultist","floor":8,"turns":3},{"damage":34,"enemies":"Gremlin Nob","floor":10,"turns":6},{"damage":10,"enemies":"Lots of Slimes","floor":11,"turns":7},{"damage":10,"enemies":"Large Slime","floor":12,"turns":7},{"damage":0,"enemies":"Looter","floor":13,"turns":3},{"damage":0,"enemies":"Exordium Wildlife","floor":14,"turns":5},{"damage":2,"enemies":"Slime Boss","floor":16,"turns":9},{"damage":19,"enemies":"Chosen","floor":18,"turns":5},{"damage":9,"enemies":"Shell Parasite","floor":21,"turns":8},{"damage":16,"enemies":"Cultist and Chosen","floor":27,"turns":6},{"damage":3,"enemies":"Sentry and Sphere","floor":28,"turns":5},{"damage":0,"enemies":"Snecko","floor":31,"turns":4},{"damage":89,"enemies":"Champ","floor":33,"turns":9}],"seed_played":"-3597656886018255602","potions_obtained":[{"floor":4,"key":"FearPotion"},{"floor":6,"key":"EssenceOfSteel"},{"floor":10,"key":"Fire Potion"},{"floor":11,"key":"FearPotion"},{"floor":18,"key":"Fire Potion"},{"floor":28,"key":"Ancient Potion"}],"is_trial":false,"path_per_floor":["?","?","M","M","?","M","?"],"character_chosen":"THE_SILENT","items_purchased":["Lee\u0027s Waffle"],"campfire_rested":2,"item_purchase_floors":[19],"current_hp_per_floor":[59,41,51,51,51,51,51,51,51,19,11,3,5,7,29,29,64,47,83,83,74,74,74,74,74,74,60,59,59,59,61,83,0],"gold":165,"neow_bonus":"THREE_ENEMY_KILL","is_prod":false,"is_daily":false,"chose_seed":false,"campfire_upgraded":4,"win_rate":0,"timestamp":1548099531,"path_taken":["M","?","?","M","$","E","R","?","T","E","M","M","M","?","R","BOSS","M","$","?","M","$","R","$","R","T","?","M","R","?","M","R","BOSS"],"build_version":"2019-01-20","purchased_purges":0,"victory":false,"max_hp_per_floor":[66,66,76,76,76,76,76,76,76,76,76,76,76,76,76,76,76,76,83,83,83,83,83,83,83,83,83,83,83,83,83,83,83],"card_choices":[{"not_picked":["Cloak And Dagger","Bane"],"picked":"Backflip","floor":1},{"not_picked":["Quick Slash","Choke"],"picked":"Cloak And Dagger","floor":4},{"not_picked":["Night Terror","Dagger Throw"],"picked":"Backstab","floor":6},{"not_picked":["Bouncing Flask","PiercingWail"],"picked":"Dodge and Roll","floor":8},{"not_picked":["Terror","Malaise"],"picked":"Sucker Punch","floor":10},{"not_picked":["Deflect","PiercingWail"],"picked":"Heel Hook","floor":11},{"not_picked":["Choke","Dagger Spray"],"picked":"Leg Sweep","floor":12},{"not_picked":["Infinite Blades","Acrobatics"],"picked":"Escape Plan","floor":13},{"not_picked":["Underhanded Strike","Finisher"],"picked":"Blade Dance","floor":14},{"not_picked":["Wraith Form v2","Doppelganger"],"picked":"Corpse Explosion","floor":16},{"not_picked":["Prepared","Flying Knee","Backflip+1"],"picked":"SKIP","floor":18},{"not_picked":["Flying Knee","Cloak And Dagger"],"picked":"Eviscerate","floor":21},{"not_picked":["Catalyst+1","Bane"],"picked":"Bouncing Flask+1","floor":27},{"not_picked":["Dagger Spray","Reflex+1","Storm of Steel+1"],"picked":"SKIP","floor":28},{"not_picked":["Dagger Throw","Cloak And Dagger+1"],"picked":"Catalyst+1","floor":31}],"player_experience":1067383,"relics_obtained":[{"floor":6,"key":"Omamori"},{"floor":9,"key":"Blood Vial"},{"floor":10,"key":"Bottled Lightning"},{"floor":26,"key":"Toxic Egg 2"}],"event_choices":[{"damage_healed":0,"gold_gain":0,"player_choice":"Success","damage_taken":18,"relics_obtained":["Letter Opener"],"max_hp_gain":0,"max_hp_loss":0,"event_name":"Scrap Ooze","floor":2,"gold_loss":0},{"damage_healed":0,"gold_gain":0,"player_choice":"Paid Gold","damage_taken":0,"relics_obtained":["Pear"],"max_hp_gain":0,"max_hp_loss":0,"event_name":"WeMeetAgain","floor":3,"gold_loss":102},{"damage_healed":0,"gold_gain":0,"player_choice":"Upgraded","damage_taken":0,"max_hp_gain":0,"max_hp_loss":0,"event_name":"Upgrade Shrine","floor":20,"gold_loss":0,"cards_upgraded":["Corpse Explosion"]},{"damage_healed":0,"gold_gain":0,"player_choice":"Opened","damage_taken":0,"relics_obtained":["Frozen Egg 2"],"max_hp_gain":0,"max_hp_loss":0,"event_name":"The Mausoleum","floor":30,"gold_loss":0,"cards_obtained":["Writhe"]}],"is_beta":true,"boss_relics":[{"not_picked":["Cursed Key","Ectoplasm"],"picked":"Snecko Eye"}],"items_purged_floors":[],"is_endless":false,"potions_floor_spawned":[4,6,10,11,18,28],"killed_by":"Champ","ascension_level":20}