{"gold_per_floor":[118,78,78,3,3,3,3,41,41,55,14,14,53,68,68,161,161,177,196,81,117,131,131,145,145,145,168,186,207,132,132,132,225,225,240,18,41,99,99,99,142,142,168,168,11,11,11,11,11,11],"floor_reached":50,"playtime":1453,"items_purged":["Regret","Pain"],"score":1023,"play_id":"99329834-0694-4657-a0d7-1e32283903f4","local_time":"20190201192641","is_ascension_mode":true,"campfire_choices":[{"data":"Neutralize","floor":6.0,"key":"SMITH"},{"floor":15.0,"key":"REST"},{"floor":23.0,"key":"REST"},{"data":"Noxious Fumes","floor":25.0,"key":"SMITH"},{"floor":32.0,"key":"REST"},{"data":"Corpse Explosion","floor":40.0,"key":"SMITH"},{"floor":42,"key":"REST"},{"data":"Noxious Fumes","floor":44,"key":"SMITH"},{"data":"Poisoned Stab","floor":46,"key":"SMITH"},{"data":"Deadly Poison","floor":49,"key":"SMITH"}],"neow_cost":"NONE","seed_source_timestamp":0,"circlet_count":0,"master_deck":["AscendersBane","Defend_G+1","Defend_G+1","Defend_G+1","Defend_G+1","Strike_G+1","Strike_G+1","Strike_G+1","Strike_G+1","Survivor","Neutralize+1","Noxious Fumes+1","Noxious Fumes+1","Corpse Explosion+1","Deadly Poison+1","Leg Sweep","Backstab+1","Poisoned Stab+1"],"special_seed":0,"relics":["Ring of the Snake","NeowsBlessing","Golden Idol","Snake Skull","Matryoshka","Mummified Hand","Singing Bowl","Pen Nib","Cursed Key","Red Mask","Molten Egg 2","Pantograph","Eternal Feather","TwistedFunnel","Ginger","Strawberry","Juzu Bracelet"],"potions_floor_usage":[41,41],"damage_taken":[{"damage":0.0,"enemies":"2 Louse","floor":1.0,"turns":1.0},{"damage":0.0,"enemies":"Gremlin Nob","floor":8.0,"turns":1.0},{"damage":6.0,"enemies":"Small Slimes","floor":10.0,"turns":2.0},{"damage":22.0,"enemies":"Lagavulin","floor":13.0,"turns":6.0},{"damage":4.0,"enemies":"Jaw Worm","floor":14.0,"turns":5.0},{"damage":19.0,"enemies":"Hexaghost","floor":16.0,"turns":9.0},{"damage":5.0,"enemies":"3 Byrds","floor":18.0,"turns":2.0},{"damage":16.0,"enemies":"Spheric Guardian","floor":19.0,"turns":4.0},{"damage":8.0,"enemies":"Masked Bandits","floor":21.0,"turns":2.0},{"damage":4.0,"enemies":"Centurion and Healer","floor":22.0,"turns":7.0},{"damage":5.0,"enemies":"3 Cultists","floor":24.0,"turns":4.0},{"damage":22.0,"enemies":"Snake Plant","floor":27.0,"turns":4.0},{"damage":9.0,"enemies":"Snecko","floor":28.0,"turns":5.0},{"damage":1.0,"enemies":"3 Cultists","floor":29.0,"turns":2.0},{"damage":35.0,"enemies":"Automaton","floor":33.0,"turns":8.0},{"damage":1.0,"enemies":"3 Darklings","floor":35.0,"turns":4.0},{"damage":2.0,"enemies":"Orb Walker","floor":37.0,"turns":3.0},{"damage":35.0,"enemies":"2 Orb Walkers","floor":38.0,"turns":3.0},{"damage":43,"enemies":"Reptomancer","floor":41,"turns":5},{"damage":104,"enemies":"Time Eater","floor":50,"turns":9}],"seed_played":"-148427135610917963","potions_obtained":[{"floor":8.0,"key":"Fire Potion"},{"floor":12.0,"key":"SmokeBomb"},{"floor":13.0,"key":"SteroidPotion"},{"floor":14.0,"key":"Swift Potion"},{"floor":19.0,"key":"PowerPotion"},{"floor":21.0,"key":"SneckoOil"},{"floor":28.0,"key":"SneckoOil"},{"floor":33.0,"key":"Dexterity Potion"},{"floor":37.0,"key":"Regen Potion"},{"floor":41,"key":"Explosive Potion"}],"is_trial":false,"path_per_floor":["M","$","?","?","?","R","?","E","T","M","$","?","E","M","R","B",null,"M","M","$","?","M","R","M","R","T","M","M","M","?","?","R","B",null,"M","$","M","?","?","R","E","R","T","R","$","R","$","?","R","B"],"character_chosen":"THE_SILENT","items_purchased":["Noxious Fumes","Crippling Poison","Leg Sweep","TwistedFunnel","Energy Potion"],"campfire_rested":4,"item_purchase_floors":[2,11,20,36,45],"current_hp_per_floor":[59,59,59,59,52,52,52,52,52,48,48,48,28,24,43,24,54,49,35,35,27,23,42,39,39,39,19,12,13,13,13,35,27,64,65,65,65,32,32,41,22,57,57,69,69,78,78,78,87,0],"gold":11,"neow_bonus":"THREE_ENEMY_KILL","is_prod":false,"is_daily":false,"chose_seed":false,"campfire_upgraded":6,"win_rate":0,"timestamp":1549045601,"path_taken":["M","$","?","?","?","R","?","E","T","?","$","?","E","M","R","BOSS","M","M","$","?","M","R","M","R","T","M","M","M","?","?","R","BOSS","M","$","M","?","?","R","E","R","T","R","$","R","?","?","R","BOSS"],"build_version":"2019-01-23","purchased_purges":2,"victory":false,"max_hp_per_floor":[66,66,60,60,60,60,60,60,60,62,62,62,64,64,64,64,64,64,66,66,66,66,66,68,68,68,70,72,74,74,74,74,76,76,78,78,80,82,78,78,87,87,87,87,87,87,87,87,87,87],"card_choices":[{"not_picked":["Acrobatics","Quick Slash","Underhanded Strike"],"picked":"SKIP","floor":1.0},{"not_picked":["Dodge and Roll","Bane","Reflex"],"picked":"SKIP","floor":8.0},{"not_picked":["Expertise","Deflect","Outmaneuver"],"picked":"Singing Bowl","floor":10.0},{"not_picked":["Crippling Poison","Concentrate","Acrobatics"],"picked":"Singing Bowl","floor":13.0},{"not_picked":["PiercingWail","Slice"],"picked":"Noxious Fumes","floor":14.0},{"not_picked":["Malaise","Bullet Time"],"picked":"Corpse Explosion","floor":16.0},{"not_picked":["Underhanded Strike","Dagger Spray"],"picked":"Deadly Poison","floor":18.0},{"not_picked":["PiercingWail","Infinite Blades","Prepared"],"picked":"Singing Bowl","floor":19.0},{"not_picked":["Dagger Spray","Finisher"],"picked":"Backstab+1","floor":21.0},{"not_picked":["Sucker Punch","Prepared"],"picked":"Poisoned Stab","floor":22.0},{"not_picked":["Flying Knee","Dagger Throw","Glass Knife"],"picked":"Singing Bowl","floor":24.0},{"not_picked":["Dodge and Roll","Poisoned Stab+1","Quick Slash+1"],"picked":"Singing Bowl","floor":27.0},{"not_picked":["Slice+1","Blur","Blade Dance"],"picked":"Singing Bowl","floor":28.0},{"not_picked":["Noxious Fumes","Acrobatics","Deadly Poison+1"],"picked":"Singing Bowl","floor":29.0},{"not_picked":["Doppelganger","Night Terror","Unload+1"],"picked":"Singing Bowl","floor":33.0},{"not_picked":["Accuracy","Blade Dance","Bane+1"],"picked":"Singing Bowl","floor":35.0},{"not_picked":["Deflect+1","Poisoned Stab+1","Dagger Throw+1"],"picked":"Singing Bowl","floor":37.0},{"not_picked":["Blur","Accuracy","Distraction"],"picked":"Singing Bowl","floor":38.0},{"not_picked":["Finisher+1","Tactician","Flying Knee+1"],"picked":"Singing Bowl","floor":41}],"player_experience":1111403,"relics_obtained":[{"floor":8.0,"key":"Matryoshka"},{"floor":9.0,"key":"Mummified Hand"},{"floor":9.0,"key":"Singing Bowl"},{"floor":13.0,"key":"Pen Nib"},{"floor":21.0,"key":"Red Mask"},{"floor":26.0,"key":"Molten Egg 2"},{"floor":26.0,"key":"Pantograph"},{"floor":38.0,"key":"Ginger"},{"floor":41,"key":"Strawberry"},{"floor":43,"key":"Juzu Bracelet"}],"event_choices":[{"damage_healed":0.0,"max_hp_gain":0.0,"max_hp_loss":6.0,"gold_gain":0.0,"event_name":"Golden Idol","player_choice":"Lose Max HP","floor":3.0,"gold_loss":0.0,"damage_taken":0.0,"relics_obtained":["Golden Idol"]},{"cards_removed":["Defend_G"],"damage_healed":0.0,"max_hp_gain":0.0,"max_hp_loss":0.0,"gold_gain":0.0,"event_name":"The Cleric","player_choice":"Card Removal","floor":4.0,"gold_loss":75.0,"damage_taken":0.0},{"cards_removed":["Strike_G"],"damage_healed":0.0,"max_hp_gain":0.0,"max_hp_loss":0.0,"gold_gain":0.0,"event_name":"Golden Wing","player_choice":"Card Removal","floor":5.0,"gold_loss":0.0,"damage_taken":7.0},{"damage_healed":0.0,"max_hp_gain":0.0,"max_hp_loss":0.0,"gold_gain":0.0,"event_name":"Big Fish","player_choice":"Box","floor":7.0,"gold_loss":0.0,"damage_taken":0.0,"relics_obtained":["Snake Skull"],"cards_obtained":["Regret"]},{"damage_healed":0.0,"max_hp_gain":0.0,"max_hp_loss":0.0,"gold_gain":0.0,"event_name":"Lab","player_choice":"Got Potions","floor":12.0,"gold_loss":0.0,"damage_taken":0.0},{"damage_healed":0.0,"max_hp_gain":0.0,"max_hp_loss":0.0,"gold_gain":0.0,"event_name":"Masked Bandits","player_choice":"Fought Bandits","floor":21.0,"gold_loss":0.0,"damage_taken":0.0},{"cards_removed":["Pain"],"damage_healed":0.0,"max_hp_gain":0.0,"max_hp_loss":0.0,"gold_gain":0.0,"event_name":"Beggar","player_choice":"Gave Gold","floor":30.0,"gold_loss":75.0,"damage_taken":0.0},{"damage_healed":0.0,"max_hp_gain":0.0,"max_hp_loss":0.0,"gold_gain":0.0,"event_name":"Back to Basics","player_choice":"Simplicity","floor":31.0,"gold_loss":0.0,"damage_taken":0.0,"cards_upgraded":["Defend_G","Defend_G","Defend_G","Defend_G","Strike_G","Strike_G","Strike_G","Strike_G"]},{"damage_healed":0.0,"max_hp_gain":0.0,"max_hp_loss":0.0,"gold_gain":0.0,"event_name":"Mysterious Sphere","player_choice":"Fight","floor":38.0,"gold_loss":0.0,"damage_taken":0.0},{"damage_healed":0.0,"max_hp_gain":0.0,"max_hp_loss":4.0,"gold_gain":0.0,"event_name":"Winding Halls","player_choice":"Max HP","floor":39.0,"gold_loss":0.0,"damage_taken":0.0},{"cards_removed":["Crippling Poison"],"damage_healed":0,"gold_gain":0,"player_choice":"Removed Skill","damage_taken":0,"max_hp_gain":0,"max_hp_loss":0,"event_name":"Falling","floor":48,"gold_loss":0}],"is_beta":true,"boss_relics":[{"not_picked":["Velvet Choker","Empty Cage"],"picked":"Cursed Key"},{"not_picked":["Orrery","HoveringKite"],"picked":"Eternal Feather"}],"items_purged_floors":[20,45],"is_endless":false,"potions_floor_spawned":[8,13,14,19,21,28,29,33,37,41],"killed_by":"Time Eater","ascension_level":20}