{"gold_per_floor":[115,167,63,338,358,358,384,384,431,431,448,478,491,502,502,578,578,597,614,641,326,344,344,344,394,394,411,441,459,459,559,589,589],"floor_reached":33,"playtime":986,"items_purged":["Defend_R","Defend_R"],"score":625,"play_id":"e2313791-722a-4b5a-90b3-3a3ddf2528ed","local_time":"20190412011450","is_ascension_mode":true,"campfire_choices":[{"data":"Bash","floor":6,"key":"SMITH"},{"data":"Inflame","floor":8,"key":"SMITH"},{"data":"Heavy Blade","floor":15,"key":"SMITH"},{"floor":23,"key":"REST"},{"floor":30,"key":"REST"},{"floor":32,"key":"DIG"}],"neow_cost":"NONE","seed_source_timestamp":128818051962300,"circlet_count":0,"master_deck":["AscendersBane","Strike_R","Strike_R","Strike_R","Strike_R","Strike_R","Defend_R","Defend_R","Bash+1","Inflame+1","Shrug It Off","Heavy Blade+1","Flame Barrier","Sword Boomerang","Impervious","Shrug It Off","Inflame+1","Shrug It Off+1","Writhe","Shrug It Off"],"relics":["Burning Blood","NeowsBlessing","Blood Vial","FossilizedHelix","Lantern","Mercury Hourglass","Cursed Key","Red Mask","DollysMirror","Enchiridion","Matryoshka","Boot","Shovel","Frozen Egg 2","Tiny Chest"],"potions_floor_usage":[16,20,29,31],"damage_taken":[{"damage":0,"enemies":"Cultist","floor":1,"turns":1},{"damage":0,"enemies":"Small Slimes","floor":5,"turns":1},{"damage":0,"enemies":"3 Sentries","floor":7,"turns":2},{"damage":0,"enemies":"2 Louse","floor":11,"turns":4},{"damage":14,"enemies":"Lagavulin","floor":12,"turns":5},{"damage":5,"enemies":"Lots of Slimes","floor":13,"turns":3},{"damage":0,"enemies":"Looter","floor":14,"turns":3},{"damage":38,"enemies":"The Guardian","floor":16,"turns":10},{"damage":22,"enemies":"Spheric Guardian","floor":18,"turns":4},{"damage":10,"enemies":"Chosen","floor":19,"turns":5},{"damage":41,"enemies":"Masked Bandits","floor":20,"turns":6},{"damage":16,"enemies":"Snake Plant","floor":22,"turns":3},{"damage":18,"enemies":"Chosen and Byrds","floor":27,"turns":5},{"damage":8,"enemies":"Gremlin Leader","floor":28,"turns":6},{"damage":5,"enemies":"Shelled Parasite and Fungi","floor":29,"turns":4},{"damage":0,"enemies":"Colosseum Slavers","floor":31,"turns":4},{"damage":17,"enemies":"Colosseum Nobs","floor":31,"turns":4},{"damage":78,"enemies":"Collector","floor":33,"turns":8}],"seed_played":"-4653133625301348417","potions_obtained":[{"floor":11,"key":"Regen Potion"},{"floor":12,"key":"BloodPotion"},{"floor":19,"key":"FairyPotion"},{"floor":22,"key":"FairyPotion"},{"floor":28,"key":"Energy Potion"},{"floor":29,"key":"FearPotion"}],"is_trial":false,"path_per_floor":["M","T","$","?","M","R","E","R","T","?","M","E","M","M","R","B",null,"M","M","?","$","M","R","?","?","T","M","E","M","R","?","R","B"],"character_chosen":"IRONCLAD","items_purchased":["Shrug It Off","DollysMirror"],"campfire_rested":2,"item_purchase_floors":[3,21],"current_hp_per_floor":[74,74,74,74,75,75,75,75,75,75,75,67,70,75,75,50,69,55,53,35,35,27,49,28,28,28,18,18,21,43,42,42,0],"gold":589,"neow_bonus":"THREE_ENEMY_KILL","is_prod":false,"is_daily":false,"chose_seed":false,"campfire_upgraded":3,"win_rate":0,"timestamp":1555024490,"path_taken":["M","?","$","?","?","R","E","R","T","?","?","E","M","M","R","BOSS","M","M","?","$","M","R","?","?","T","M","E","?","R","?","R","BOSS"],"build_version":"2019-04-04","purchased_purges":2,"victory":false,"max_hp_per_floor":[75,75,75,75,75,75,75,75,75,75,75,75,75,75,75,75,75,75,75,75,75,75,75,75,75,75,75,75,75,75,75,75,75],"card_choices":[{"not_picked":["Anger","Havoc"],"picked":"Inflame","floor":1},{"not_picked":["Headbutt","Anger","Rage"],"picked":"SKIP","floor":5},{"not_picked":["Warcry","Anger"],"picked":"Heavy Blade","floor":7},{"not_picked":["Exhume","Havoc","Armaments"],"picked":"SKIP","floor":11},{"not_picked":["Exhume","Havoc","Armaments"],"picked":"SKIP","floor":11},{"not_picked":["Fire Breathing","Infernal Blade"],"picked":"Flame Barrier","floor":12},{"not_picked":["Feel No Pain","Searing Blow","Sever Soul"],"picked":"SKIP","floor":13},{"not_picked":["Heavy Blade","Anger"],"picked":"Sword Boomerang","floor":14},{"not_picked":["Brutality","Exhume"],"picked":"Impervious","floor":16},{"not_picked":["Clash","Uppercut+1","Clothesline"],"picked":"SKIP","floor":18},{"not_picked":["Havoc","Rampage"],"picked":"Shrug It Off","floor":19},{"not_picked":["Cleave","Havoc"],"picked":"Shrug It Off+1","floor":22},{"not_picked":["Headbutt","Wild Strike"],"picked":"Shrug It Off","floor":27},{"not_picked":["Intimidate","Perfected Strike","Combust"],"picked":"SKIP","floor":28},{"not_picked":["Cleave","Shrug It Off","Wild Strike"],"picked":"SKIP","floor":29}],"player_experience":1364599,"relics_obtained":[{"floor":2,"key":"Blood Vial"},{"floor":7,"key":"FossilizedHelix"},{"floor":9,"key":"Lantern"},{"floor":12,"key":"Mercury Hourglass"},{"floor":20,"key":"Red Mask"},{"floor":24,"key":"Enchiridion"},{"floor":26,"key":"Matryoshka"},{"floor":28,"key":"Boot"},{"floor":31,"key":"Shovel"},{"floor":31,"key":"Frozen Egg 2"},{"floor":32,"key":"Tiny Chest"}],"event_choices":[{"damage_healed":0,"gold_gain":275,"player_choice":"Desecrate","damage_taken":0,"max_hp_gain":0,"max_hp_loss":0,"event_name":"Golden Shrine","floor":4,"gold_loss":0,"cards_obtained":["Regret"]},{"cards_removed":["Regret"],"damage_healed":0,"gold_gain":0,"player_choice":"Purged","damage_taken":0,"max_hp_gain":0,"max_hp_loss":0,"event_name":"Purifier","floor":10,"gold_loss":0},{"damage_healed":0,"gold_gain":0,"player_choice":"Fought Bandits","damage_taken":0,"max_hp_gain":0,"max_hp_loss":0,"event_name":"Masked Bandits","floor":20,"gold_loss":0},{"damage_healed":0,"gold_gain":0,"player_choice":"Obtained Book","damage_taken":21,"max_hp_gain":0,"max_hp_loss":0,"event_name":"Cursed Tome","floor":24,"gold_loss":0},{"damage_healed":0,"gold_gain":50,"player_choice":"Pray","damage_taken":0,"max_hp_gain":0,"max_hp_loss":0,"event_name":"Golden Shrine","floor":25,"gold_loss":0},{"damage_healed":0,"gold_gain":0,"player_choice":"Fight","damage_taken":0,"max_hp_gain":0,"max_hp_loss":0,"event_name":"Colosseum","floor":31,"gold_loss":0},{"damage_healed":0,"gold_gain":0,"player_choice":"Fought Nobs","damage_taken":0,"max_hp_gain":0,"max_hp_loss":0,"event_name":"Colosseum","floor":31,"gold_loss":0}],"is_beta":true,"boss_relics":[{"not_picked":["Fusion Hammer","Ectoplasm"],"picked":"Cursed Key"}],"items_purged_floors":[3,21],"is_endless":false,"potions_floor_spawned":[11,12,13,19,22,28,29,31],"killed_by":"Collector","ascension_level":20}