{"gold_per_floor":[119,131,131,281,67,95,95,114,114,114,114,134,154,119,119,119],"floor_reached":16,"playtime":571,"items_purged":["Doubt"],"score":200,"play_id":"5b462cb9-6698-4656-94e2-3804813caf52","local_time":"20190124204649","is_ascension_mode":true,"campfire_choices":[{"floor":7,"key":"REST"},{"data":"Dagger Spray","floor":10,"key":"SMITH"},{"data":"Footwork","floor":15,"key":"SMITH"}],"neow_cost":"NONE","seed_source_timestamp":461335493043900,"circlet_count":0,"master_deck":["AscendersBane","Defend_G","Defend_G","Defend_G","Defend_G","Strike_G","Strike_G","Strike_G","Strike_G","Survivor","Neutralize","Malaise","Poisoned Stab","Dagger Spray+1","Footwork+1","Backflip","Leg Sweep","Tools of the Trade+1"],"relics":["Ring of the Snake","Pocketwatch","Frozen Egg 2"],"potions_floor_usage":[16],"damage_taken":[{"damage":3,"enemies":"Jaw Worm","floor":1,"turns":7},{"damage":0,"enemies":"2 Louse","floor":2,"turns":4},{"damage":44,"enemies":"Gremlin Nob","floor":6,"turns":6},{"damage":0,"enemies":"Cultist","floor":8,"turns":4},{"damage":5,"enemies":"3 Louse","floor":12,"turns":4},{"damage":0,"enemies":"Exordium Wildlife","floor":13,"turns":4},{"damage":6,"enemies":"Hexaghost","floor":16,"turns":8}],"seed_played":"-6083635112836397421","potions_obtained":[{"floor":2,"key":"Dexterity Potion"}],"is_trial":false,"path_per_floor":["M","M","?","?","$","E","R","M","T","R","?","M","M","?","R","B"],"character_chosen":"THE_SILENT","items_purchased":["Footwork","Backflip"],"campfire_rested":1,"item_purchase_floors":[5,5],"current_hp_per_floor":[56,56,49,49,49,5,24,24,24,24,24,19,19,35,35,29],"gold":119,"neow_bonus":"ONE_RANDOM_RARE_CARD","is_prod":false,"is_daily":false,"chose_seed":false,"campfire_upgraded":2,"win_rate":0,"timestamp":1548359209,"path_taken":["M","M","?","?","$","E","R","M","T","R","?","?","M","?","R","BOSS"],"build_version":"2019-01-23","purchased_purges":1,"victory":false,"max_hp_per_floor":[66,66,66,66,66,66,66,66,66,66,66,66,66,66,66,66],"card_choices":[{"not_picked":["Endless Agony","Reflex"],"picked":"Poisoned Stab","floor":1},{"not_picked":["Quick Slash","Acrobatics"],"picked":"Dagger Spray","floor":2},{"not_picked":["Backflip","Outmaneuver","Blade Dance"],"picked":"SKIP","floor":6},{"not_picked":["Expertise","Dagger Throw","Accuracy"],"picked":"SKIP","floor":8},{"not_picked":["Blade Dance","Concentrate"],"picked":"Leg Sweep","floor":12},{"not_picked":["Prepared","PiercingWail"],"picked":"Tools of the Trade+1","floor":13}],"player_experience":1073400,"relics_obtained":[{"floor":6,"key":"Pocketwatch"},{"floor":9,"key":"Frozen Egg 2"}],"event_choices":[{"cards_removed":["Defend_G"],"damage_healed":0,"gold_gain":0,"player_choice":"Card Removal","damage_taken":7,"max_hp_gain":0,"max_hp_loss":0,"event_name":"Golden Wing","floor":3,"gold_loss":0},{"damage_healed":0,"gold_gain":150,"player_choice":"AGREE","damage_taken":0,"max_hp_gain":0,"max_hp_loss":0,"event_name":"Liars Game","floor":4,"gold_loss":0,"cards_obtained":["Doubt"]},{"cards_removed":["Strike_G"],"damage_healed":0,"gold_gain":0,"player_choice":"Purged","damage_taken":0,"max_hp_gain":0,"max_hp_loss":0,"event_name":"Purifier","floor":11,"gold_loss":0},{"damage_healed":16,"gold_gain":0,"player_choice":"Healed","damage_taken":0,"max_hp_gain":0,"max_hp_loss":0,"event_name":"The Cleric","floor":14,"gold_loss":35}],"is_beta":true,"boss_relics":[],"items_purged_floors":[5],"is_endless":false,"potions_floor_spawned":[2],"killed_by":"Hexaghost","ascension_level":20}