{"gold_per_floor":[119,119,4,4,14,14,40,50,75,87,98,98,98,108,108,187,187,203,203,220,220,145,145,145,145,145,145,159,178,52,32,32,32],"floor_reached":33,"playtime":755,"items_purged":[],"score":540,"play_id":"08b8fb12-6d21-4a95-b667-55056d27b583","local_time":"20190131233137","is_ascension_mode":true,"campfire_choices":[{"data":"Caltrops","floor":6,"key":"SMITH"},{"floor":12,"key":"DIG"},{"floor":15,"key":"DIG"},{"floor":23,"key":"DIG"},{"floor":25,"key":"DIG"},{"floor":27,"key":"DIG"},{"floor":32,"key":"REST"}],"neow_cost":"NONE","seed_source_timestamp":1075868938702100,"circlet_count":0,"master_deck":["AscendersBane","Defend_G+1","Defend_G+1","Defend_G+1","Defend_G+1","Defend_G+1","Strike_G+1","Strike_G+1","Strike_G+1","Strike_G+1","Strike_G+1","Neutralize+1","Deadly Poison","Caltrops+1","Deadly Poison","Footwork","Dagger Spray","Footwork","Adrenaline","Flying Knee"],"relics":["Ring of the Snake","NeowsBlessing","Omamori","Shovel","War Paint","Ancient Tea Set","Centennial Puzzle","Sozu","Pear","Bag of Preparation","Pocketwatch","The Courier","Tingsha","Oddly Smooth Stone"],"potions_floor_usage":[16,16],"damage_taken":[{"damage":0,"enemies":"2 Louse","floor":1,"turns":1},{"damage":0,"enemies":"Cultist","floor":5,"turns":1},{"damage":0,"enemies":"Gremlin Nob","floor":7,"turns":1},{"damage":4,"enemies":"Jaw Worm","floor":8,"turns":4},{"damage":7,"enemies":"3 Louse","floor":10,"turns":4},{"damage":3,"enemies":"2 Fungi Beasts","floor":11,"turns":4},{"damage":4,"enemies":"Large Slime","floor":14,"turns":5},{"damage":8,"enemies":"Hexaghost","floor":16,"turns":9},{"damage":8,"enemies":"3 Byrds","floor":18,"turns":5},{"damage":1,"enemies":"Spheric Guardian","floor":20,"turns":5},{"damage":25,"enemies":"Cultist and Chosen","floor":28,"turns":6},{"damage":18,"enemies":"Snake Plant","floor":29,"turns":3},{"damage":42,"enemies":"Collector","floor":33,"turns":6}],"seed_played":"-1722599844445825825","potions_obtained":[{"floor":5,"key":"LiquidBronze"},{"floor":10,"key":"AttackPotion"}],"is_trial":false,"path_per_floor":["M","?","$","?","M","R","E","M","T","M","M","R","?","M","R","B",null,"M","?","M","?","?","R","?","R","T","R","M","M","$","?","R","B"],"character_chosen":"THE_SILENT","items_purchased":["Deadly Poison","Caltrops","Oddly Smooth Stone"],"campfire_rested":1,"item_purchase_floors":[3,3,30],"current_hp_per_floor":[59,59,59,59,59,59,59,55,55,48,45,45,45,41,41,33,58,50,50,49,49,49,59,59,59,59,59,34,16,16,16,38,0],"gold":32,"neow_bonus":"THREE_ENEMY_KILL","is_prod":false,"is_daily":false,"chose_seed":false,"campfire_upgraded":1,"win_rate":0,"timestamp":1548973897,"path_taken":["M","?","?","?","M","R","E","M","T","M","M","R","?","M","R","BOSS","M","?","M","?","?","R","?","R","T","R","M","?","$","?","R","BOSS"],"build_version":"2019-01-23","purchased_purges":0,"victory":false,"max_hp_per_floor":[66,66,66,66,66,66,66,66,66,66,66,66,66,66,66,66,66,66,66,66,66,66,76,76,76,76,76,76,76,76,76,76,76],"card_choices":[{"not_picked":["Skewer","Calculated Gamble"],"picked":"Blade Dance","floor":1},{"not_picked":["Acrobatics","Bane","Skewer"],"picked":"SKIP","floor":5},{"not_picked":["Calculated Gamble","Acrobatics"],"picked":"Deadly Poison","floor":7},{"not_picked":["Quick Slash","Sucker Punch","Eviscerate"],"picked":"SKIP","floor":8},{"not_picked":["Caltrops","Well Laid Plans"],"picked":"Footwork","floor":10},{"not_picked":["Blade Dance","Underhanded Strike"],"picked":"Dagger Spray","floor":11},{"not_picked":["Bane","Blade Dance"],"picked":"Footwork","floor":14},{"not_picked":["Wraith Form v2","Phantasmal Killer"],"picked":"Adrenaline","floor":16},{"not_picked":["PiercingWail+1","Skewer+1","Dagger Throw"],"picked":"SKIP","floor":18},{"not_picked":["Quick Slash","Deadly Poison","Dagger Spray+1"],"picked":"SKIP","floor":20},{"not_picked":["Slice+1","Flechettes","Quick Slash"],"picked":"SKIP","floor":28},{"not_picked":["Outmaneuver","Predator"],"picked":"Flying Knee","floor":29}],"player_experience":1110325,"relics_obtained":[{"floor":7,"key":"Shovel"},{"floor":9,"key":"War Paint"},{"floor":12,"key":"Ancient Tea Set"},{"floor":15,"key":"Centennial Puzzle"},{"floor":23,"key":"Pear"},{"floor":25,"key":"Pocketwatch"},{"floor":26,"key":"The Courier"},{"floor":27,"key":"Tingsha"}],"event_choices":[{"cards_removed":["Blade Dance"],"damage_healed":0,"gold_gain":0,"player_choice":"Gave Card","damage_taken":0,"relics_obtained":["Omamori"],"max_hp_gain":0,"max_hp_loss":0,"event_name":"WeMeetAgain","floor":2,"gold_loss":0},{"damage_healed":0,"gold_gain":0,"player_choice":"Leave","damage_taken":0,"max_hp_gain":0,"max_hp_loss":0,"event_name":"The Cleric","floor":4,"gold_loss":0},{"damage_healed":0,"gold_gain":0,"player_choice":"Grow","damage_taken":0,"max_hp_gain":0,"max_hp_loss":0,"event_name":"Living Wall","floor":13,"gold_loss":0,"cards_upgraded":["Neutralize"]},{"damage_healed":0,"gold_gain":0,"player_choice":"Simplicity","damage_taken":0,"max_hp_gain":0,"max_hp_loss":0,"event_name":"Back to Basics","floor":19,"gold_loss":0,"cards_upgraded":["Defend_G","Defend_G","Defend_G","Strike_G","Strike_G","Strike_G","Strike_G","Strike_G"]},{"damage_healed":0,"gold_gain":0,"player_choice":"Ignored","damage_taken":0,"max_hp_gain":0,"max_hp_loss":0,"event_name":"Vampires","floor":21,"gold_loss":0},{"cards_removed":["Survivor"],"damage_healed":0,"gold_gain":0,"player_choice":"Gave Gold","damage_taken":0,"max_hp_gain":0,"max_hp_loss":0,"event_name":"Beggar","floor":22,"gold_loss":75},{"damage_healed":0,"gold_gain":0,"player_choice":"Opened","damage_taken":0,"relics_obtained":["Bag of Preparation"],"max_hp_gain":0,"max_hp_loss":0,"event_name":"The Mausoleum","floor":24,"gold_loss":0,"cards_obtained":["Writhe"]},{"damage_healed":0,"gold_gain":0,"player_choice":"Bought 1 Potion","damage_taken":0,"max_hp_gain":0,"max_hp_loss":0,"event_name":"The Woman in Blue","floor":31,"gold_loss":0}],"is_beta":true,"boss_relics":[{"not_picked":["Philosopher\u0027s Stone","Tiny House"],"picked":"Sozu"}],"items_purged_floors":[],"is_endless":false,"potions_floor_spawned":[5,10,18,28],"killed_by":"Collector","ascension_level":20}