{"gold_per_floor":[115,129,146,146,159,159,175,191,191,36,64,29,29,104,104,208,208,223,240,240,240,340,369,369,309,390,425,440,43,57,57,57,57],"floor_reached":33,"playtime":1282,"items_purged":["Strike_R"],"score":428,"play_id":"f30c6d1a-81ba-47a8-afe5-a29fb51a235e","local_time":"20181123002503","is_ascension_mode":true,"campfire_choices":[{"floor":6,"key":"RECALL"},{"data":"Armaments","floor":13,"key":"SMITH"},{"data":"Inflame","floor":15,"key":"SMITH"},{"data":"Offering","floor":24,"key":"SMITH"},{"data":"Rampage","floor":32,"key":"SMITH"}],"neow_cost":"CURSE","seed_source_timestamp":38197719070900,"circlet_count":0,"master_deck":["AscendersBane","Strike_R","Strike_R","Defend_R","Defend_R","Defend_R","Defend_R","Bash","Shockwave","Metallicize","Armaments+1","Inflame+1","Shrug It Off","Iron Wave","Body Slam","Offering+1","Heavy Blade","Feed","Sentinel","Flex","Rampage+1"],"relics":["Burning Blood","Thread and Needle","Unceasing Top","Busted Crown","Pocketwatch","Gremlin Horn","Magic Flower","Singing Bowl","Letter Opener","TheAbacus","Mummified Hand"],"potions_floor_usage":[8,11,22,22,27],"damage_taken":[{"damage":4,"enemies":"Cultist","floor":1,"turns":5},{"damage":15,"enemies":"Small Slimes","floor":2,"turns":4},{"damage":13,"enemies":"Jaw Worm","floor":3,"turns":4},{"damage":5,"enemies":"Large Slime","floor":5,"turns":10},{"damage":9,"enemies":"2 Fungi Beasts","floor":7,"turns":5},{"damage":5,"enemies":"Gremlin Gang","floor":8,"turns":6},{"damage":23,"enemies":"Gremlin Nob","floor":11,"turns":5},{"damage":19,"enemies":"The Guardian","floor":16,"turns":14},{"damage":13,"enemies":"Spheric Guardian","floor":18,"turns":7},{"damage":6,"enemies":"Chosen","floor":19,"turns":4},{"damage":0,"enemies":"Colosseum Slavers","floor":22,"turns":5},{"damage":20,"enemies":"Colosseum Nobs","floor":22,"turns":4},{"damage":26,"enemies":"Gremlin Leader","floor":23,"turns":6},{"damage":8,"enemies":"Book of Stabbing","floor":27,"turns":5},{"damage":6,"enemies":"Centurion and Healer","floor":28,"turns":5},{"damage":2,"enemies":"Snecko","floor":30,"turns":5},{"damage":57,"enemies":"Collector","floor":33,"turns":6}],"seed_played":"-5451585063293086160","potions_obtained":[{"floor":3,"key":"Swift Potion"},{"floor":7,"key":"Fire Potion"},{"floor":11,"key":"FearPotion"},{"floor":16,"key":"PowerPotion"},{"floor":18,"key":"Fire Potion"},{"floor":23,"key":"FearPotion"},{"floor":28,"key":"Swift Potion"}],"is_trial":false,"path_per_floor":["M","M","M","?","M","R","M","M","T","$","E","?","R","?","R","B",null,"M","M","?","?","?","E","R","?","T","E","M","$","M","T","R","B"],"character_chosen":"IRONCLAD","items_purchased":["Inflame","Shrug It Off","Iron Wave","Flex","Rampage","TheAbacus"],"campfire_rested":0,"item_purchase_floors":[10,10,10,29,29,29],"current_hp_per_floor":[74,65,58,51,52,52,49,50,50,50,33,53,53,42,42,29,67,60,60,60,60,52,32,32,32,32,35,45,45,54,54,54,0],"gold":57,"neow_bonus":"ONE_RARE_RELIC","is_prod":false,"is_daily":false,"chose_seed":false,"campfire_upgraded":4,"win_rate":0,"timestamp":1542961503,"path_taken":["M","M","?","?","M","R","M","M","T","$","E","?","R","?","R","BOSS","M","M","?","?","?","E","R","?","T","E","?","$","M","?","R","BOSS"],"build_version":"2018-11-15","purchased_purges":1,"victory":false,"max_hp_per_floor":[80,80,80,80,80,80,80,80,80,80,80,80,80,80,80,80,80,80,80,80,80,80,80,80,80,80,82,87,87,89,89,89,89],"card_choices":[{"not_picked":["Warcry","Headbutt"],"picked":"Shockwave","floor":1},{"not_picked":["Headbutt","True Grit","Clothesline"],"picked":"SKIP","floor":2},{"not_picked":["Clash","Havoc","Fire Breathing"],"picked":"SKIP","floor":3},{"not_picked":["Limit Break","Havoc","Reckless Charge"],"picked":"SKIP","floor":5},{"not_picked":["Shockwave","Headbutt"],"picked":"Metallicize","floor":7},{"not_picked":["Iron Wave","Seeing Red"],"picked":"Armaments","floor":8},{"not_picked":["Clash","Feel No Pain"],"picked":"Body Slam","floor":11},{"not_picked":["Juggernaut","Dark Embrace"],"picked":"Offering","floor":16},{"not_picked":[],"picked":"Heavy Blade","floor":18},{"not_picked":["Havoc"],"picked":"SKIP","floor":19},{"not_picked":["Warcry"],"picked":"SKIP","floor":23},{"not_picked":["Wild Strike"],"picked":"Singing Bowl","floor":27},{"not_picked":["Havoc"],"picked":"Singing Bowl","floor":28},{"not_picked":["Iron Wave"],"picked":"Singing Bowl","floor":30}],"player_experience":414832,"relics_obtained":[{"floor":11,"key":"Unceasing Top"},{"floor":22,"key":"Pocketwatch"},{"floor":22,"key":"Gremlin Horn"},{"floor":23,"key":"Magic Flower"},{"floor":26,"key":"Singing Bowl"},{"floor":27,"key":"Letter Opener"},{"floor":31,"key":"Mummified Hand"}],"event_choices":[{"cards_removed":["Shame"],"damage_healed":0,"gold_gain":0,"player_choice":"Card Removal","damage_taken":7,"max_hp_gain":0,"max_hp_loss":0,"event_name":"Golden Wing","floor":4,"gold_loss":0},{"damage_healed":20,"gold_gain":0,"player_choice":"Healed","damage_taken":0,"max_hp_gain":0,"max_hp_loss":0,"event_name":"The Cleric","floor":12,"gold_loss":35},{"damage_healed":0,"gold_gain":75,"player_choice":"Gather Gold","damage_taken":11,"max_hp_gain":0,"max_hp_loss":0,"event_name":"World of Goop","floor":14,"gold_loss":0},{"damage_healed":0,"gold_gain":0,"player_choice":"Ignored","damage_taken":0,"max_hp_gain":0,"max_hp_loss":0,"event_name":"Ghosts","floor":20,"gold_loss":0},{"damage_healed":0,"gold_gain":0,"player_choice":"Ignored","damage_taken":0,"max_hp_gain":0,"max_hp_loss":0,"event_name":"Vampires","floor":21,"gold_loss":0},{"damage_healed":0,"gold_gain":0,"player_choice":"Fight","damage_taken":0,"max_hp_gain":0,"max_hp_loss":0,"event_name":"Colosseum","floor":22,"gold_loss":0},{"damage_healed":0,"gold_gain":0,"player_choice":"Fought Nobs","damage_taken":0,"max_hp_gain":0,"max_hp_loss":0,"event_name":"Colosseum","floor":22,"gold_loss":0},{"damage_healed":0,"gold_gain":0,"cards_transformed":["Strike_R","Strike_R"],"player_choice":"Transformed Cards","damage_taken":0,"max_hp_gain":0,"max_hp_loss":0,"event_name":"Designer","floor":25,"gold_loss":60,"cards_obtained":["Feed","Sentinel"]}],"is_beta":true,"boss_relics":[{"not_picked":["Runic Cube","Empty Cage"],"picked":"Busted Crown"}],"items_purged_floors":[29],"is_endless":false,"potions_floor_spawned":[3,7,11,16,18,23,28],"killed_by":"Collector","ascension_level":10}