{"gold_per_floor":[114,134,151,170,185,216,216,232,232,258,258,258,285,304,304,404,404,419,419,191,191,209,241,241,265,265,165,115,115,147,174,186,198],"floor_reached":33,"playtime":865,"items_purged":["Defend_R","Defend_R+1"],"score":330,"play_id":"7d5d1edf-f674-4f45-8c52-db84a11a5b5d","local_time":"20190303210649","is_ascension_mode":false,"campfire_choices":[{"data":"Bludgeon","floor":7,"key":"SMITH"},{"data":"Immolate","floor":12,"key":"SMITH"},{"floor":15,"key":"RECALL"},{"data":"Thunderclap","floor":24,"key":"SMITH"},{"data":"Shrug It Off","floor":29,"key":"SMITH"},{"floor":32,"key":"REST"}],"neow_cost":"NONE","seed_source_timestamp":111013730116600,"circlet_count":0,"master_deck":["Strike_R+1","Strike_R+1","Strike_R+1","Strike_R+1","Strike_R+1","Defend_R+1","Defend_R+1","Bash+1","Bludgeon+1","Immolate+1","Shrug It Off","Shrug It Off","Thunderclap+1","Shrug It Off+1"],"relics":["Burning Blood","Mercury Hourglass","Pear","Potion Belt","Champion Belt","Orrery","MutagenicStrength","Oddly Smooth Stone","Bottled Flame","MawBank"],"potions_floor_usage":[10,16,23,33],"damage_taken":[{"damage":1,"enemies":"Jaw Worm","floor":1,"turns":3},{"damage":3,"enemies":"Small Slimes","floor":2,"turns":3},{"damage":1,"enemies":"Cultist","floor":3,"turns":4},{"damage":11,"enemies":"Blue Slaver","floor":4,"turns":6},{"damage":7,"enemies":"3 Louse","floor":5,"turns":6},{"damage":27,"enemies":"Gremlin Nob","floor":6,"turns":4},{"damage":1,"enemies":"Exordium Thugs","floor":8,"turns":4},{"damage":9,"enemies":"3 Sentries","floor":10,"turns":3},{"damage":0,"enemies":"Gremlin Nob","floor":13,"turns":2},{"damage":0,"enemies":"Large Slime","floor":14,"turns":3},{"damage":43,"enemies":"Hexaghost","floor":16,"turns":6},{"damage":2,"enemies":"Chosen","floor":18,"turns":3},{"damage":7,"enemies":"Shell Parasite","floor":22,"turns":5},{"damage":34,"enemies":"Book of Stabbing","floor":23,"turns":4},{"damage":12,"enemies":"Gremlin Leader","floor":30,"turns":5},{"damage":7,"enemies":"Centurion and Healer","floor":31,"turns":4},{"damage":82,"enemies":"Champ","floor":33,"turns":15}],"seed_played":"-4838188329655769357","potions_obtained":[{"floor":2,"key":"LiquidBronze"},{"floor":3,"key":"Swift Potion"},{"floor":5,"key":"SkillPotion"},{"floor":8,"key":"Fire Potion"},{"floor":14,"key":"EssenceOfSteel"},{"floor":18,"key":"Explosive Potion"},{"floor":22,"key":"EssenceOfSteel"}],"is_trial":false,"path_per_floor":["M","M","M","M","M","E","R","M","T","E","?","R","E","M","R","B",null,"M","?","$","?","M","E","R","T","T","$","?","R","E","M","R","B"],"character_chosen":"IRONCLAD","items_purchased":["Oddly Smooth Stone"],"campfire_rested":1,"item_purchase_floors":[20],"current_hp_per_floor":[80,80,80,75,74,53,53,58,68,65,65,65,71,77,77,40,90,90,90,90,90,89,61,61,61,61,61,61,61,55,54,81,0],"gold":198,"neow_bonus":"ONE_RANDOM_RARE_CARD","is_prod":false,"is_daily":false,"chose_seed":false,"campfire_upgraded":4,"win_rate":0,"timestamp":1551643609,"path_taken":["M","M","M","M","M","E","R","M","T","E","?","R","E","M","R","BOSS","M","?","$","?","M","E","R","?","T","?","?","R","E","M","R","BOSS"],"build_version":"2019-02-06","purchased_purges":2,"victory":false,"max_hp_per_floor":[80,80,80,80,80,80,80,80,90,90,90,90,90,90,90,90,90,90,90,90,90,90,90,90,90,90,90,90,90,90,90,90,90],"card_choices":[{"not_picked":["Pommel Strike","Warcry","Reckless Charge"],"picked":"SKIP","floor":1},{"not_picked":["Battle Trance","Disarm","True Grit"],"picked":"SKIP","floor":2},{"not_picked":["Second Wind","Dual Wield","Rupture"],"picked":"SKIP","floor":3},{"not_picked":["Clothesline","Havoc","Anger"],"picked":"SKIP","floor":4},{"not_picked":["Whirlwind","Shockwave","Thunderclap"],"picked":"SKIP","floor":5},{"not_picked":["Perfected Strike","Sword Boomerang","Clothesline"],"picked":"SKIP","floor":6},{"not_picked":["Body Slam","Headbutt"],"picked":"Immolate","floor":8},{"not_picked":["Seeing Red","Cleave","Headbutt"],"picked":"SKIP","floor":10},{"not_picked":["Wild Strike","Evolve","Anger"],"picked":"SKIP","floor":13},{"not_picked":["Rage","Heavy Blade"],"picked":"Shrug It Off","floor":14},{"not_picked":["Power Through","Rampage"],"picked":"Shrug It Off","floor":17},{"not_picked":["Havoc","Bloodletting"],"picked":"Thunderclap","floor":17},{"not_picked":["Dual Wield+1","Burning Pact","Spot Weakness"],"picked":"SKIP","floor":18},{"not_picked":["Second Wind+1","Thunderclap"],"picked":"Shrug It Off","floor":22},{"not_picked":["Thunderclap","Iron Wave","Second Wind"],"picked":"SKIP","floor":23},{"not_picked":["Armaments","Fiend Fire","Carnage"],"picked":"SKIP","floor":30},{"not_picked":["Shrug It Off","Fire Breathing+1","Iron Wave"],"picked":"SKIP","floor":31}],"player_experience":1212962,"relics_obtained":[{"floor":6,"key":"Mercury Hourglass"},{"floor":9,"key":"Pear"},{"floor":10,"key":"Potion Belt"},{"floor":13,"key":"Champion Belt"},{"floor":23,"key":"Bottled Flame"},{"floor":30,"key":"MawBank"}],"event_choices":[{"damage_healed":0,"gold_gain":0,"player_choice":"Grow","damage_taken":0,"max_hp_gain":0,"max_hp_loss":0,"event_name":"Living Wall","floor":11,"gold_loss":0,"cards_upgraded":["Bash"]},{"damage_healed":0,"gold_gain":0,"player_choice":"Inject Mutagens","damage_taken":0,"relics_obtained":["MutagenicStrength"],"max_hp_gain":0,"max_hp_loss":0,"event_name":"Drug Dealer","floor":19,"gold_loss":0},{"damage_healed":0,"gold_gain":0,"player_choice":"Simplicity","damage_taken":0,"max_hp_gain":0,"max_hp_loss":0,"event_name":"Back to Basics","floor":21,"gold_loss":0,"cards_upgraded":["Strike_R","Strike_R","Strike_R","Strike_R","Strike_R","Defend_R","Defend_R","Defend_R"]},{"damage_healed":0,"gold_gain":0,"player_choice":"Bet on Murderer","damage_taken":0,"max_hp_gain":0,"max_hp_loss":0,"event_name":"The Joust","floor":28,"gold_loss":50}],"is_beta":true,"boss_relics":[{"not_picked":["Runic Cube","Runic Pyramid"],"picked":"Orrery"}],"items_purged_floors":[20,27],"is_endless":false,"potions_floor_spawned":[2,3,5,8,14,18,22],"killed_by":"Champ","ascension_level":0}