{"gold_per_floor":[359,509,509,509,528,528,546,546,627,627,639,67,67,81,81,160,160,178,188,201,201,201,220,220,246,246,27,27,27,27,42,42,115,115,132,148,163,43,43,43,59,59,59,75,75,91,91],"floor_reached":47,"playtime":2302,"items_purged":["Doubt","Decay"],"score":949,"play_id":"babe1c12-7dc9-4872-bd03-737a61b1f555","local_time":"20190128222743","is_ascension_mode":true,"campfire_choices":[{"floor":6,"key":"REST"},{"data":"Dagger Spray","floor":10,"key":"SMITH"},{"data":"Neutralize","floor":15,"key":"SMITH"},{"floor":24,"key":"REST"},{"floor":29,"key":"REST"},{"floor":32,"key":"REST"},{"floor":40,"key":"REST"},{"floor":45,"key":"REST"}],"neow_cost":"TEN_PERCENT_HP_LOSS","seed_source_timestamp":811277712016500,"circlet_count":0,"master_deck":["AscendersBane","Survivor","Neutralize+1","Dagger Spray+1","Poisoned Stab","Blur","Tools of the Trade","Deadly Poison","Adrenaline","Backflip","Adrenaline","Leg Sweep","Malaise","Concentrate","Slice","Masterful Stab","Adrenaline","Adrenaline","Sucker Punch","Storm of Steel","Storm of Steel","All Out Attack","Setup","Backflip","Backflip+1","Pain","Catalyst"],"relics":["Ring of the Snake","Turnip","Paper Crane","Ninja Scroll","Singing Bowl","TwistedFunnel","FossilizedHelix","Lizard Tail","Art of War","The Courier","ClockworkSouvenir","Pandora\u0027s Box","WarpedTongs","Pear"],"potions_floor_usage":[16,19,25,33,33],"damage_taken":[{"damage":0,"enemies":"2 Louse","floor":1,"turns":2},{"damage":11,"enemies":"Jaw Worm","floor":5,"turns":7},{"damage":7,"enemies":"Small Slimes","floor":7,"turns":3},{"damage":0,"enemies":"Red Slaver","floor":11,"turns":4},{"damage":0,"enemies":"Lots of Slimes","floor":14,"turns":3},{"damage":27,"enemies":"The Guardian","floor":16,"turns":18},{"damage":10,"enemies":"Chosen","floor":18,"turns":5},{"damage":4,"enemies":"Spheric Guardian","floor":19,"turns":9},{"damage":10,"enemies":"Snake Plant","floor":20,"turns":6},{"damage":0,"enemies":"Centurion and Healer","floor":23,"turns":5},{"damage":37,"enemies":"Book of Stabbing","floor":25,"turns":7},{"damage":0,"enemies":"Snecko","floor":31,"turns":5},{"damage":23,"enemies":"Collector","floor":33,"turns":9},{"damage":37,"enemies":"3 Darklings","floor":35,"turns":9},{"damage":0,"enemies":"Orb Walker","floor":36,"turns":3},{"damage":30,"enemies":"4 Shapes","floor":37,"turns":5},{"damage":32,"enemies":"Writhing Mass","floor":41,"turns":7},{"damage":19,"enemies":"Maw","floor":44,"turns":9},{"damage":12,"enemies":"4 Shapes","floor":46,"turns":12},{"damage":34,"enemies":"Reptomancer","floor":47,"turns":3}],"seed_played":"-1120998876149326951","potions_obtained":[{"floor":7,"key":"Fire Potion"},{"floor":11,"key":"Ancient Potion"},{"floor":14,"key":"SpeedPotion"},{"floor":16,"key":"Ancient Potion"},{"floor":23,"key":"SpeedPotion"},{"floor":25,"key":"SteroidPotion"},{"floor":44,"key":"FearPotion"}],"is_trial":false,"path_per_floor":["M","?","?","T","M","R","M","?","T","R","M","$","T","M","R","B",null,"M","M","M","?","?","M","R","E","T","$","?","R","?","M","R","B",null,"M","M","M","$","$","R","M","?","T","M","R","M","E"],"character_chosen":"THE_SILENT","items_purchased":["Singing Bowl","TwistedFunnel","ClockworkSouvenir","Backflip","Backflip"],"campfire_rested":6,"item_purchase_floors":[12,12,27,27,38],"current_hp_per_floor":[59,59,33,33,22,40,33,33,33,33,33,33,33,35,35,8,49,41,37,29,29,29,31,51,14,14,14,14,34,34,34,54,31,59,24,26,38,38,38,60,28,28,38,21,46,34,0],"gold":91,"neow_bonus":"TWO_FIFTY_GOLD","is_prod":false,"is_daily":false,"chose_seed":false,"campfire_upgraded":2,"win_rate":0,"timestamp":1548710863,"path_taken":["M","?","?","?","M","R","M","?","T","R","?","$","?","M","R","BOSS","M","?","M","?","?","M","R","E","T","$","?","R","?","M","R","BOSS","M","?","M","?","$","R","M","?","T","M","R","?","E"],"build_version":"2019-01-23","purchased_purges":2,"victory":false,"max_hp_per_floor":[60,60,60,60,60,60,60,60,60,60,60,60,60,62,62,62,62,64,64,66,66,66,68,68,68,68,68,68,68,68,68,68,68,68,70,72,74,74,74,74,74,74,84,86,86,86,86],"card_choices":[{"not_picked":["Deflect","Calculated Gamble"],"picked":"Dagger Spray","floor":1},{"not_picked":["Deflect","Cloak And Dagger"],"picked":"Poisoned Stab","floor":5},{"not_picked":["Flying Knee","Caltrops","Acrobatics"],"picked":"SKIP","floor":7},{"not_picked":["Dagger Spray","Poisoned Stab"],"picked":"Blur","floor":11},{"not_picked":["Blur","Outmaneuver","Flying Knee"],"picked":"Singing Bowl","floor":14},{"not_picked":["Venomology","Glass Knife"],"picked":"Tools of the Trade","floor":16},{"not_picked":["Slice","Deadly Poison","PiercingWail"],"picked":"Singing Bowl","floor":18},{"not_picked":["Eviscerate+1","Finisher"],"picked":"Deadly Poison","floor":19},{"not_picked":["Riddle With Holes","Blade Dance","Predator"],"picked":"Singing Bowl","floor":20},{"not_picked":["Sucker Punch","Deflect","Dodge and Roll"],"picked":"Singing Bowl","floor":23},{"not_picked":["Bane","Prepared"],"picked":"Adrenaline","floor":25},{"not_picked":["Backflip","Backstab"],"picked":"Leg Sweep","floor":31},{"not_picked":["Wraith Form v2","After Image"],"picked":"Malaise","floor":33},{"not_picked":["Backflip","Dagger Spray","Bane"],"picked":"Singing Bowl","floor":35},{"not_picked":["Blade Dance","Dagger Throw","Caltrops"],"picked":"Singing Bowl","floor":36},{"not_picked":["Bane+1","Dagger Spray+1","Dodge and Roll"],"picked":"Singing Bowl","floor":37},{"not_picked":["Escape Plan","All Out Attack"],"picked":"Backflip+1","floor":41},{"not_picked":["Acrobatics+1","Setup","Poisoned Stab+1"],"picked":"Singing Bowl","floor":44},{"not_picked":["Heel Hook","Dagger Throw"],"picked":"Catalyst","floor":46}],"player_experience":1102678,"relics_obtained":[{"floor":4,"key":"Paper Crane"},{"floor":9,"key":"Ninja Scroll"},{"floor":13,"key":"FossilizedHelix"},{"floor":25,"key":"Art of War"},{"floor":26,"key":"The Courier"},{"floor":43,"key":"Pear"}],"event_choices":[{"damage_healed":0,"gold_gain":150,"player_choice":"AGREE","damage_taken":0,"max_hp_gain":0,"max_hp_loss":0,"event_name":"Liars Game","floor":2,"gold_loss":0,"cards_obtained":["Doubt"]},{"damage_healed":0,"gold_gain":0,"player_choice":"Success","damage_taken":26,"relics_obtained":["Turnip"],"max_hp_gain":0,"max_hp_loss":0,"event_name":"Scrap Ooze","floor":3,"gold_loss":0},{"damage_healed":0,"gold_gain":0,"player_choice":"0 cards matched","damage_taken":0,"max_hp_gain":0,"max_hp_loss":0,"event_name":"Match and Keep!","floor":8,"gold_loss":0,"cards_obtained":[]},{"damage_healed":0,"gold_gain":0,"player_choice":"Ignored","damage_taken":0,"max_hp_gain":0,"max_hp_loss":0,"event_name":"Cursed Tome","floor":21,"gold_loss":0},{"damage_healed":0,"gold_gain":0,"player_choice":"Simplicity","damage_taken":0,"max_hp_gain":0,"max_hp_loss":0,"event_name":"Back to Basics","floor":22,"gold_loss":0,"cards_upgraded":["Defend_G","Defend_G","Defend_G","Defend_G","Defend_G","Strike_G","Strike_G","Strike_G","Strike_G","Strike_G"]},{"damage_healed":0,"gold_gain":0,"player_choice":"Smashed Altar","damage_taken":0,"max_hp_gain":0,"max_hp_loss":0,"event_name":"Forgotten Altar","floor":28,"gold_loss":0,"cards_obtained":["Decay"]},{"damage_healed":0,"gold_gain":0,"player_choice":"Copied","damage_taken":0,"max_hp_gain":0,"max_hp_loss":0,"event_name":"Duplicator","floor":30,"gold_loss":0,"cards_obtained":["Adrenaline"]},{"damage_healed":0,"gold_gain":0,"player_choice":"Rummage","damage_taken":0,"relics_obtained":["WarpedTongs"],"max_hp_gain":0,"max_hp_loss":0,"event_name":"Accursed Blacksmith","floor":42,"gold_loss":0,"cards_obtained":["Pain"]}],"is_beta":true,"boss_relics":[{"not_picked":["Calling Bell","Eternal Feather"],"picked":"Lizard Tail"},{"not_picked":["Coffee Dripper","Runic Dome"],"picked":"Pandora\u0027s Box"}],"items_purged_floors":[12,38],"is_endless":false,"potions_floor_spawned":[7,11,14,16,18,23,25,44],"killed_by":"Reptomancer","ascension_level":20}