{"gold_per_floor":[209,226,226,226,243,278,57,57,80,117,129,141,228,258,270,377,389,411,437,399,120,136,162,162,114,114,146,245,245,245,262,262,358,358,377,377,252,252,278,311,323,173,197,197,197,211,36,0,0,0],"floor_reached":50,"playtime":1329,"items_purged":["Defend_R","Regret","Pain","Shame","Parasite"],"score":537,"play_id":"7fbb5c9c-19a9-4c62-bff4-c315d97aa968","local_time":"20190310231538","is_ascension_mode":false,"campfire_choices":[{"data":"Inflame","floor":8,"key":"SMITH"},{"floor":15,"key":"REST"},{"data":"Double Tap","floor":24,"key":"SMITH"},{"data":"Sword Boomerang","floor":29,"key":"SMITH"},{"data":"Pummel","floor":32,"key":"SMITH"},{"floor":44,"key":"RECALL"},{"data":"Shrug It Off","floor":49,"key":"SMITH"}],"neow_cost":"NONE","seed_source_timestamp":723105131384000,"circlet_count":0,"master_deck":["Strike_R","Strike_R","Strike_R","Strike_R","Strike_R","Defend_R","Defend_R","Bash","Uppercut+1","Sword Boomerang+1","Inflame+1","Double Tap+1","Reaper","Pummel+1","Shrug It Off+1","Immolate"],"relics":["Burning Blood","Juzu Bracelet","MawBank","PreservedInsect","Matryoshka","Regal Pillow","Cursed Key","Sling","Art of War","Oddly Smooth Stone","Sundial","Bag of Preparation","MutagenicStrength","Philosopher\u0027s Stone","Meat on the Bone","Orichalcum","Red Skull","Red Mask"],"potions_floor_usage":[16,16,27,33,50],"damage_taken":[{"damage":8,"enemies":"Jaw Worm","floor":1,"turns":4},{"damage":0,"enemies":"Small Slimes","floor":2,"turns":4},{"damage":0,"enemies":"Cultist","floor":5,"turns":2},{"damage":30,"enemies":"Lagavulin","floor":6,"turns":5},{"damage":26,"enemies":"3 Sentries","floor":10,"turns":6},{"damage":7,"enemies":"Blue Slaver","floor":14,"turns":2},{"damage":13,"enemies":"Slime Boss","floor":16,"turns":4},{"damage":6,"enemies":"Spheric Guardian","floor":18,"turns":3},{"damage":6,"enemies":"Chosen","floor":19,"turns":3},{"damage":20,"enemies":"Centurion and Healer","floor":22,"turns":5},{"damage":6,"enemies":"Gremlin Leader","floor":23,"turns":4},{"damage":21,"enemies":"Slavers","floor":27,"turns":3},{"damage":19,"enemies":"Shelled Parasite and Fungi","floor":31,"turns":4},{"damage":92,"enemies":"Collector","floor":33,"turns":8},{"damage":5,"enemies":"Orb Walker","floor":35,"turns":1},{"damage":0,"enemies":"Reptomancer","floor":40,"turns":2},{"damage":42,"enemies":"3 Shapes","floor":41,"turns":8},{"damage":0,"enemies":"Transient","floor":46,"turns":5},{"damage":86,"enemies":"Awakened One","floor":50,"turns":8}],"seed_played":"4951052289600820782","potions_obtained":[{"floor":1,"key":"SteroidPotion"},{"floor":5,"key":"Poison Potion"},{"floor":10,"key":"FearPotion"},{"floor":16,"key":"Weak Potion"},{"floor":22,"key":"Weak Potion"},{"floor":27,"key":"Weak Potion"},{"floor":31,"key":"Explosive Potion"},{"floor":40,"key":"Ancient Potion"},{"floor":46,"key":"Block Potion"}],"is_trial":false,"path_per_floor":["M","M","?","?","M","E","$","R","T","E","?","?","?","M","R","B",null,"M","M","?","$","M","E","R","$","T","E","?","R","?","M","R","B",null,"M","?","$","?","T","E","M","$","T","R","?","M","$","?","R","B"],"character_chosen":"IRONCLAD","items_purchased":["Double Tap","Sling","Shrug It Off"],"campfire_rested":1,"item_purchase_floors":[7,21,25],"current_hp_per_floor":[78,80,80,80,80,56,56,56,56,36,36,29,18,17,56,49,80,80,80,80,80,80,80,80,80,80,65,65,65,65,64,64,26,80,80,80,80,76,76,76,57,57,57,57,57,70,70,70,70,0],"gold":0,"neow_bonus":"HUNDRED_GOLD","is_prod":false,"is_daily":false,"chose_seed":false,"campfire_upgraded":5,"win_rate":0,"timestamp":1552256138,"path_taken":["M","M","?","?","M","E","$","R","T","E","?","?","?","M","R","BOSS","M","M","?","$","M","E","R","$","T","E","?","R","?","M","R","BOSS","M","?","$","?","?","E","M","$","T","R","?","M","$","?","R","BOSS"],"build_version":"2019-02-06","purchased_purges":5,"victory":false,"max_hp_per_floor":[80,80,80,80,80,80,80,80,80,80,80,80,80,80,80,80,80,80,80,80,80,80,80,80,80,80,80,80,80,80,80,80,80,80,80,80,80,76,76,76,76,76,76,76,76,76,73,73,73,73],"card_choices":[{"not_picked":["Feel No Pain","Evolve"],"picked":"Uppercut","floor":1},{"not_picked":["Cleave","Body Slam","Fire Breathing"],"picked":"SKIP","floor":2},{"not_picked":["Rampage","Reckless Charge","Hemokinesis"],"picked":"SKIP","floor":5},{"not_picked":["Havoc","Sword Boomerang"],"picked":"Inflame","floor":6},{"not_picked":["Flex","Sentinel","Exhume"],"picked":"SKIP","floor":10},{"not_picked":["Iron Wave","True Grit","Cleave"],"picked":"SKIP","floor":14},{"not_picked":["Impervious","Double Tap"],"picked":"Reaper","floor":16},{"not_picked":["Twin Strike+1","Wild Strike","Pommel Strike"],"picked":"SKIP","floor":18},{"not_picked":["Flex","Disarm","Wild Strike"],"picked":"SKIP","floor":19},{"not_picked":["Shockwave","Iron Wave"],"picked":"Pummel","floor":22},{"not_picked":["Feel No Pain","Blood for Blood","Body Slam"],"picked":"SKIP","floor":23},{"not_picked":["Clothesline","Evolve+1","Corruption+1"],"picked":"SKIP","floor":27},{"not_picked":["Reckless Charge","Sever Soul+1","Rampage"],"picked":"SKIP","floor":31},{"not_picked":["Juggernaut","Brutality"],"picked":"Immolate","floor":33},{"not_picked":["Fire Breathing+1","Iron Wave","Cleave"],"picked":"SKIP","floor":35},{"not_picked":["Corruption+1","Twin Strike","Rampage+1"],"picked":"SKIP","floor":40},{"not_picked":["Bloodletting+1","Thunderclap+1","True Grit+1"],"picked":"SKIP","floor":41},{"not_picked":["Iron Wave+1","Entrench+1","Body Slam"],"picked":"SKIP","floor":46}],"player_experience":1243431,"relics_obtained":[{"floor":6,"key":"Juzu Bracelet"},{"floor":9,"key":"MawBank"},{"floor":10,"key":"PreservedInsect"},{"floor":23,"key":"Art of War"},{"floor":26,"key":"Oddly Smooth Stone"},{"floor":26,"key":"Sundial"},{"floor":27,"key":"Bag of Preparation"},{"floor":39,"key":"Meat on the Bone"},{"floor":40,"key":"Orichalcum"},{"floor":43,"key":"Red Skull"}],"event_choices":[{"damage_healed":0,"gold_gain":0,"player_choice":"Grow","damage_taken":0,"max_hp_gain":0,"max_hp_loss":0,"event_name":"Living Wall","floor":3,"gold_loss":0,"cards_upgraded":["Uppercut"]},{"damage_healed":0,"gold_gain":0,"cards_transformed":["Defend_R"],"player_choice":"Transformed","damage_taken":0,"max_hp_gain":0,"max_hp_loss":0,"event_name":"Transmorgrifier","floor":4,"gold_loss":0,"cards_obtained":["Sword Boomerang"]},{"damage_healed":0,"gold_gain":0,"player_choice":"Box","damage_taken":0,"relics_obtained":["Matryoshka"],"max_hp_gain":0,"max_hp_loss":0,"event_name":"Big Fish","floor":11,"gold_loss":0,"cards_obtained":["Regret"]},{"damage_healed":0,"gold_gain":0,"player_choice":"Success","damage_taken":7,"relics_obtained":["Regal Pillow"],"max_hp_gain":0,"max_hp_loss":0,"event_name":"Scrap Ooze","floor":12,"gold_loss":0},{"damage_healed":0,"gold_gain":75,"player_choice":"Gather Gold","damage_taken":11,"max_hp_gain":0,"max_hp_loss":0,"event_name":"World of Goop","floor":13,"gold_loss":0},{"damage_healed":0,"gold_gain":0,"player_choice":"Bet on Murderer","damage_taken":0,"max_hp_gain":0,"max_hp_loss":0,"event_name":"The Joust","floor":20,"gold_loss":50},{"damage_healed":0,"gold_gain":99,"player_choice":"Stole From Cult","damage_taken":0,"max_hp_gain":0,"max_hp_loss":0,"event_name":"Nest","floor":28,"gold_loss":0},{"damage_healed":0,"gold_gain":0,"player_choice":"Inject Mutagens","damage_taken":0,"relics_obtained":["MutagenicStrength"],"max_hp_gain":0,"max_hp_loss":0,"event_name":"Drug Dealer","floor":30,"gold_loss":0},{"damage_healed":0,"gold_gain":0,"player_choice":"Memory 1","damage_taken":0,"max_hp_gain":0,"max_hp_loss":0,"event_name":"SensoryStone","floor":36,"gold_loss":0},{"damage_healed":0,"gold_gain":0,"player_choice":"Max HP","damage_taken":0,"max_hp_gain":0,"max_hp_loss":4,"event_name":"Winding Halls","floor":38,"gold_loss":0},{"damage_healed":0,"gold_gain":0,"player_choice":"Ignored","damage_taken":0,"max_hp_gain":0,"max_hp_loss":0,"event_name":"Mysterious Sphere","floor":45,"gold_loss":0},{"damage_healed":0,"gold_gain":0,"player_choice":"Paid","damage_taken":0,"relics_obtained":["Red Mask"],"max_hp_gain":0,"max_hp_loss":0,"event_name":"Tomb of Lord Red Mask","floor":48,"gold_loss":36}],"is_beta":true,"boss_relics":[{"not_picked":["Empty Cage","Coffee Dripper"],"picked":"Cursed Key"},{"not_picked":["Mark of Pain","Busted Crown"],"picked":"Philosopher\u0027s Stone"}],"items_purged_floors":[7,21,37,42,47],"is_endless":false,"potions_floor_spawned":[1,5,10,16,22,27,31,40,46],"killed_by":"Awakened One","ascension_level":0}