{"gold_per_floor":[109,127,144,37,50,50,50,50,50,82,82,101,112,123,123,194,194,211,136,136,151,151,151,179,197,197,197],"floor_reached":27,"playtime":767,"items_purged":[],"score":470,"play_id":"0d6144d1-91b5-43ac-af84-b095d0f62ffa","local_time":"20190401234236","is_ascension_mode":true,"campfire_choices":[{"data":"Inflame","floor":6,"key":"SMITH"},{"data":"Bash","floor":8,"key":"SMITH"},{"data":"Heavy Blade","floor":11,"key":"SMITH"},{"data":"Sword Boomerang","floor":15,"key":"SMITH"},{"floor":23,"key":"REST"}],"neow_cost":"NONE","seed_source_timestamp":1030917957780100,"circlet_count":0,"master_deck":["AscendersBane","Strike_R+1","Strike_R+1","Strike_R+1","Strike_R+1","Strike_R+1","Defend_R+1","Defend_R+1","Defend_R+1","Bash+1","Heavy Blade+1","Shrug It Off","Inflame+1","Shrug It Off","Sword Boomerang+1","Double Tap+1"],"relics":["Burning Blood","Bag of Marbles","StoneCalendar","Toxic Egg 2","Boot","Mark of Pain","Gremlin Horn","Ginger","Lantern"],"potions_floor_usage":[16,16],"damage_taken":[{"damage":6,"enemies":"Cultist","floor":1,"turns":4},{"damage":2,"enemies":"Jaw Worm","floor":2,"turns":3},{"damage":7,"enemies":"2 Louse","floor":3,"turns":3},{"damage":8,"enemies":"Blue Slaver","floor":5,"turns":5},{"damage":29,"enemies":"3 Sentries","floor":10,"turns":7},{"damage":9,"enemies":"Red Slaver","floor":12,"turns":5},{"damage":22,"enemies":"Lots of Slimes","floor":13,"turns":6},{"damage":7,"enemies":"Large Slime","floor":14,"turns":5},{"damage":23,"enemies":"Slime Boss","floor":16,"turns":8},{"damage":11,"enemies":"Spheric Guardian","floor":18,"turns":3},{"damage":12,"enemies":"Chosen","floor":21,"turns":3},{"damage":48,"enemies":"Slavers","floor":24,"turns":6},{"damage":12,"enemies":"Snecko","floor":25,"turns":4},{"damage":29,"enemies":"Sentry and Sphere","floor":27,"turns":5}],"seed_played":"-6047554262860187529","potions_obtained":[{"floor":2,"key":"BloodPotion"},{"floor":13,"key":"PowerPotion"},{"floor":14,"key":"Weak Potion"}],"is_trial":false,"path_per_floor":["M","M","M","$","M","R","?","R","T","E","R","M","M","M","R","B",null,"M","?","?","M","T","R","E","M","T","M"],"character_chosen":"IRONCLAD","items_purchased":["Inflame","Shrug It Off"],"campfire_rested":1,"item_purchase_floors":[4,4],"current_hp_per_floor":[68,72,71,71,69,69,69,69,69,46,46,43,27,26,26,9,59,54,54,54,48,48,70,28,22,22,0],"gold":197,"neow_bonus":"RANDOM_COMMON_RELIC","is_prod":false,"is_daily":false,"chose_seed":false,"campfire_upgraded":4,"win_rate":0,"timestamp":1554154956,"path_taken":["M","M","?","?","M","R","?","R","T","E","R","M","?","M","R","BOSS","M","?","?","M","?","R","E","?","T","M"],"build_version":"2019-03-15","purchased_purges":0,"victory":false,"max_hp_per_floor":[75,75,75,75,75,75,75,75,75,75,75,75,75,75,75,75,75,75,75,75,75,75,75,75,75,75,75],"card_choices":[{"not_picked":["Cleave","Anger","Blood for Blood"],"picked":"SKIP","floor":1},{"not_picked":["Searing Blow","Anger"],"picked":"Heavy Blade","floor":2},{"not_picked":["Entrench","Corruption"],"picked":"Shrug It Off","floor":3},{"not_picked":["Body Slam","Reckless Charge"],"picked":"Sword Boomerang","floor":5},{"not_picked":["Warcry+1","Evolve","Flex+1"],"picked":"SKIP","floor":10},{"not_picked":["Flex+1","Entrench+1","Reaper"],"picked":"SKIP","floor":12},{"not_picked":["Metallicize","Perfected Strike","Infernal Blade+1"],"picked":"SKIP","floor":13},{"not_picked":["Dual Wield+1","Clash","Body Slam"],"picked":"SKIP","floor":14},{"not_picked":["Barricade","Juggernaut"],"picked":"Double Tap+1","floor":16},{"not_picked":["Perfected Strike","Second Wind+1","Twin Strike"],"picked":"SKIP","floor":18},{"not_picked":["Flex+1","Rage+1","Combust"],"picked":"SKIP","floor":21},{"not_picked":["Heavy Blade+1","Clash","Reckless Charge"],"picked":"SKIP","floor":24},{"not_picked":["Sentinel+1","Heavy Blade","Carnage"],"picked":"SKIP","floor":25}],"player_experience":1320284,"relics_obtained":[{"floor":9,"key":"Toxic Egg 2"},{"floor":10,"key":"Boot"},{"floor":22,"key":"Gremlin Horn"},{"floor":24,"key":"Ginger"},{"floor":26,"key":"Lantern"}],"event_choices":[{"damage_healed":0,"gold_gain":0,"player_choice":"Gave Potion","damage_taken":0,"relics_obtained":["StoneCalendar"],"max_hp_gain":0,"max_hp_loss":0,"event_name":"WeMeetAgain","floor":7,"gold_loss":0},{"cards_removed":["Defend_R"],"damage_healed":0,"gold_gain":0,"player_choice":"Gave Gold","damage_taken":0,"max_hp_gain":0,"max_hp_loss":0,"event_name":"Beggar","floor":19,"gold_loss":75},{"damage_healed":0,"gold_gain":0,"player_choice":"Simplicity","damage_taken":0,"max_hp_gain":0,"max_hp_loss":0,"event_name":"Back to Basics","floor":20,"gold_loss":0,"cards_upgraded":["Strike_R","Strike_R","Strike_R","Strike_R","Strike_R","Defend_R","Defend_R","Defend_R"]}],"is_beta":true,"boss_relics":[{"not_picked":["Orrery","Coffee Dripper"],"picked":"Mark of Pain"}],"items_purged_floors":[],"is_endless":false,"potions_floor_spawned":[2,13,14],"killed_by":"Sentry and Sphere","ascension_level":20}