{"gold_per_floor":[110,410,258,258,258,258,283,296,350,350,410,429,441,458,458,536,536,552,572,101,115,128,128,139,119,119,134,134,147,157,171,171,171],"floor_reached":33,"playtime":787,"items_purged":["Defend_R","Strike_R"],"score":676,"play_id":"e6c60a28-b701-41d2-93c3-dbe5dbc2b8da","local_time":"20190406232441","is_ascension_mode":true,"campfire_choices":[{"data":"Inflame","floor":6,"key":"SMITH"},{"data":"Twin Strike","floor":10,"key":"SMITH"},{"data":"Heavy Blade","floor":15,"key":"SMITH"},{"floor":23,"key":"REST"},{"floor":32,"key":"REST"}],"neow_cost":"NONE","seed_source_timestamp":105548000349200,"circlet_count":0,"master_deck":["AscendersBane","Strike_R","Strike_R","Strike_R","Strike_R","Defend_R","Defend_R","Defend_R","Bash+1","Twin Strike+1","Inflame+1","Sword Boomerang","Pummel","Sword Boomerang","Heavy Blade+1","Limit Break","Inflame","Ghostly Armor"],"relics":["Burning Blood","NeowsBlessing","Old Coin","Mercury Hourglass","Tiny Chest","Busted Crown","Molten Egg 2","Incense Burner"],"potions_floor_usage":[16,16,18,18,19,29,33],"damage_taken":[{"damage":0,"enemies":"Cultist","floor":1,"turns":1},{"damage":0,"enemies":"3 Sentries","floor":7,"turns":2},{"damage":0,"enemies":"2 Louse","floor":8,"turns":1},{"damage":20,"enemies":"Lagavulin","floor":11,"turns":5},{"damage":0,"enemies":"Small Slimes","floor":12,"turns":2},{"damage":6,"enemies":"Looter","floor":13,"turns":2},{"damage":9,"enemies":"Red Slaver","floor":14,"turns":2},{"damage":6,"enemies":"Slime Boss","floor":16,"turns":4},{"damage":6,"enemies":"Spheric Guardian","floor":18,"turns":3},{"damage":32,"enemies":"Shell Parasite","floor":19,"turns":3},{"damage":26,"enemies":"Snecko","floor":21,"turns":4},{"damage":8,"enemies":"Cultist and Chosen","floor":22,"turns":4},{"damage":28,"enemies":"Snake Plant","floor":24,"turns":3},{"damage":0,"enemies":"Snecko","floor":27,"turns":2},{"damage":24,"enemies":"Cultist and Chosen","floor":29,"turns":5},{"damage":23,"enemies":"Snake Plant","floor":30,"turns":3},{"damage":1,"enemies":"Sentry and Sphere","floor":31,"turns":3},{"damage":36,"enemies":"Automaton","floor":33,"turns":4}],"seed_played":"-1798020879609818520","potions_obtained":[{"floor":8,"key":"Ancient Potion"},{"floor":11,"key":"SteroidPotion"},{"floor":12,"key":"SkillPotion"},{"floor":16,"key":"EntropicBrew"},{"floor":18,"key":"Poison Potion"},{"floor":25,"key":"SmokeBomb"},{"floor":27,"key":"Regen Potion"},{"floor":29,"key":"Energy Potion"},{"floor":30,"key":"Dexterity Potion"}],"is_trial":false,"path_per_floor":["M","T","$","?","?","R","E","M","T","R","E","M","M","M","R","B",null,"M","M","$","M","M","R","M","?","T","M","$","M","M","M","R","B"],"character_chosen":"IRONCLAD","items_purchased":["Inflame","Molten Egg 2","Inflame"],"campfire_rested":2,"item_purchase_floors":[3,20,20],"current_hp_per_floor":[74,74,74,74,74,74,75,75,75,75,61,67,67,64,64,64,72,72,46,46,26,24,46,24,24,24,30,30,26,9,14,36,0],"gold":171,"neow_bonus":"THREE_ENEMY_KILL","is_prod":false,"is_daily":false,"chose_seed":false,"campfire_upgraded":3,"win_rate":0,"timestamp":1554585881,"path_taken":["M","?","$","?","?","R","E","M","T","R","E","M","M","M","R","BOSS","M","M","$","M","M","R","M","?","T","M","$","M","M","M","R","BOSS"],"build_version":"2019-04-04","purchased_purges":2,"victory":false,"max_hp_per_floor":[75,75,75,75,75,75,75,75,75,75,75,75,75,75,75,75,75,75,75,75,75,75,75,75,75,75,75,75,75,75,75,75,75],"card_choices":[{"not_picked":["Flex","Perfected Strike"],"picked":"Twin Strike","floor":1},{"not_picked":["Armaments","Intimidate"],"picked":"Sword Boomerang","floor":7},{"not_picked":["Havoc","Thunderclap"],"picked":"Pummel","floor":8},{"not_picked":["Searing Blow","Reaper","Fire Breathing"],"picked":"SKIP","floor":11},{"not_picked":["Havoc","Carnage","Ghostly Armor"],"picked":"SKIP","floor":12},{"not_picked":["Wild Strike","Infernal Blade"],"picked":"Sword Boomerang","floor":13},{"not_picked":["Anger","Perfected Strike"],"picked":"Heavy Blade","floor":14},{"not_picked":["Barricade","Immolate"],"picked":"Limit Break","floor":16},{"not_picked":["Second Wind"],"picked":"SKIP","floor":18},{"not_picked":["Iron Wave"],"picked":"SKIP","floor":19},{"not_picked":[],"picked":"Ghostly Armor","floor":21},{"not_picked":["Wild Strike+1"],"picked":"SKIP","floor":22},{"not_picked":["Iron Wave+1"],"picked":"SKIP","floor":24},{"not_picked":["Battle Trance+1"],"picked":"SKIP","floor":27},{"not_picked":["Wild Strike+1"],"picked":"SKIP","floor":29},{"not_picked":["Clash+1"],"picked":"SKIP","floor":30},{"not_picked":["Evolve+1"],"picked":"SKIP","floor":31}],"player_experience":1338016,"relics_obtained":[{"floor":2,"key":"Old Coin"},{"floor":7,"key":"Mercury Hourglass"},{"floor":11,"key":"Tiny Chest"},{"floor":26,"key":"Incense Burner"}],"event_choices":[{"damage_healed":0,"gold_gain":0,"player_choice":"Grow","damage_taken":0,"max_hp_gain":0,"max_hp_loss":0,"event_name":"Living Wall","floor":4,"gold_loss":0,"cards_upgraded":["Bash"]},{"damage_healed":0,"gold_gain":0,"player_choice":"Ignored","damage_taken":0,"max_hp_gain":0,"max_hp_loss":0,"event_name":"Shining Light","floor":5,"gold_loss":0},{"damage_healed":0,"gold_gain":0,"player_choice":"Bought 1 Potion","damage_taken":0,"max_hp_gain":0,"max_hp_loss":0,"event_name":"The Woman in Blue","floor":25,"gold_loss":0}],"is_beta":true,"boss_relics":[{"not_picked":["White Beast Statue","Snecko Eye"],"picked":"Busted Crown"}],"items_purged_floors":[3,20],"is_endless":false,"potions_floor_spawned":[8,11,12,13,16,18,27,29,30],"killed_by":"Automaton","ascension_level":20}