{"path_per_floor":["M","?","?","M","M","E","M","R","T","M","M","M","?","E","R","B",null,"M","$","?","?","M","E","R","M","T","$","R","$","M","?","R","B",null,"M","?","$","M","?","R","$","R","T","M","?","?","R","M","R","B"],"character_chosen":"DEFECT","items_purchased":["Symbiotic Virus","Defragment","Consume"],"gold_per_floor":[114,114,79,94,109,139,154,154,179,194,209,224,224,254,254,354,354,369,45,75,75,90,120,120,135,135,75,75,18,33,33,33,133,133,148,148,68,83,83,83,83,83,83,98,98,98,98,113,113,113],"floor_reached":51,"campfire_rested":1,"playtime":2055,"item_purchase_floors":[19,19,29],"current_hp_per_floor":[73,55,71,69,69,53,53,53,53,53,48,48,48,46,46,25,57,56,55,54,53,52,47,47,47,47,47,46,45,44,43,42,41,40,39,38,37,23,23,23,23,23,23,8,8,8,22,21,20,13],"items_purged":["Defend_B","Defend_B"],"gold":113,"score":700,"play_id":"89475dcb-b580-4db9-9a81-4b7d3aa92107","local_time":"20180615001505","daily_mods":["Diverse","Night Terrors","Terminal"],"is_prod":false,"is_daily":true,"chose_seed":false,"is_ascension_mode":false,"campfire_upgraded":8,"win_rate":0,"timestamp":1529014505,"campfire_choices":[{"data":"Infernal Blade","floor":8,"key":"SMITH"},{"data":"Coolheaded","floor":15,"key":"SMITH"},{"data":"Defragment","floor":24,"key":"SMITH"},{"data":"Defragment","floor":28,"key":"SMITH"},{"data":"Consume","floor":32,"key":"SMITH"},{"data":"Echo Form","floor":40,"key":"SMITH"},{"data":"Echo Form","floor":42,"key":"SMITH"},{"floor":47,"key":"REST"},{"data":"Glacier","floor":49,"key":"SMITH"}],"path_taken":["M","?","?","?","M","E","M","R","T","M","M","M","?","E","R","BOSS","M","$","?","?","M","E","R","M","T","?","R","$","?","?","R","BOSS","M","?","?","?","?","R","?","R","T","M","?","?","R","M","R","BOSS"],"build_version":"2018-06-14","seed_source_timestamp":99527042859074,"purchased_purges":2,"victory":true,"master_deck":["Strike_B","Strike_B+1","Strike_B","Defend_B","Zap","Dualcast","Glacier+1","Cold Snap+1","Infernal Blade+1","Blizzard+1","Coolheaded+1","After Image","Coolheaded+1","Defragment+1","Defragment+1","Consume+1","Echo Form+1","Echo Form+1","Redo+1"],"max_hp_per_floor":[73,72,71,70,69,68,67,66,65,64,63,62,61,60,59,58,57,56,55,54,53,52,51,50,49,48,47,46,45,44,43,42,41,40,39,38,37,36,35,34,33,32,31,30,29,28,22,21,20,19],"special_seed":17696,"relics":["Cracked Core","Molten Egg 2","Anchor","Orichalcum","Whetstone","Inserter","Symbiotic Virus","Tiny Chest","DataDisk","The Courier","White Beast Statue","Bottled Flame"],"card_choices":[{"not_picked":["Uppercut","Clash","Deflect"],"picked":"SKIP","floor":1},{"not_picked":["Sword Boomerang+1","Chaos"],"picked":"Glacier","floor":4},{"not_picked":["Perfected Strike+1","Armaments"],"picked":"Cold Snap+1","floor":5},{"not_picked":["Dropkick+1","Combust"],"picked":"Infernal Blade","floor":6},{"not_picked":["Barrage+1","Quick Slash+1","Multi-Cast"],"picked":"SKIP","floor":7},{"not_picked":["Thunderclap+1","Rebound+1","Heel Hook+1"],"picked":"SKIP","floor":10},{"not_picked":["Reflex","Clash+1","Shrug It Off"],"picked":"SKIP","floor":11},{"not_picked":["Feel No Pain","Flex"],"picked":"Blizzard+1","floor":12},{"not_picked":["Sword Boomerang+1","Turbo"],"picked":"Coolheaded","floor":14},{"not_picked":["Doppelganger","Corpse Explosion+1"],"picked":"After Image","floor":16},{"not_picked":["Crippling Poison","Feel No Pain","Coolheaded"],"picked":"SKIP","floor":18},{"not_picked":["Crippling Poison","Feel No Pain"],"picked":"Coolheaded","floor":18},{"not_picked":["Havoc","Consume"],"picked":"Defragment","floor":22},{"not_picked":["Sweeping Beam+1","Dropkick+1","Metallicize"],"picked":"SKIP","floor":23},{"not_picked":["Entrench","Metallicize","PiercingWail"],"picked":"SKIP","floor":25},{"not_picked":["Outmaneuver","Blizzard+1","Dual Wield+1"],"picked":"SKIP","floor":30},{"not_picked":["Reboot","Envenom"],"picked":"Echo Form","floor":33},{"not_picked":["Undo","PiercingWail","Eviscerate+1"],"picked":"SKIP","floor":35},{"not_picked":["Body Slam+1","Headbutt+1","Cold Snap+1"],"picked":"SKIP","floor":38},{"not_picked":["Glacier","Disarm"],"picked":"Redo+1","floor":44},{"not_picked":["Hologram","Sweeping Beam+1","Stack+1"],"picked":"SKIP","floor":48}],"player_experience":526584,"potions_floor_usage":[18,33,50],"damage_taken":[{"damage":0,"enemies":"2 Louse","floor":1,"turns":3},{"damage":2,"enemies":"Small Slimes","floor":4,"turns":3},{"damage":0,"enemies":"Jaw Worm","floor":5,"turns":3},{"damage":16,"enemies":"Lagavulin","floor":6,"turns":9},{"damage":0,"enemies":"Exordium Wildlife","floor":7,"turns":5},{"damage":0,"enemies":"Blue Slaver","floor":10,"turns":2},{"damage":5,"enemies":"Exordium Thugs","floor":11,"turns":6},{"damage":0,"enemies":"2 Fungi Beasts","floor":12,"turns":2},{"damage":2,"enemies":"3 Sentries","floor":14,"turns":5},{"damage":21,"enemies":"Slime Boss","floor":16,"turns":12},{"damage":0,"enemies":"Chosen","floor":18,"turns":7},{"damage":0,"enemies":"3 Byrds","floor":22,"turns":5},{"damage":5,"enemies":"Gremlin Leader","floor":23,"turns":11},{"damage":0,"enemies":"Centurion and Healer","floor":25,"turns":8},{"damage":0,"enemies":"Chosen and Byrds","floor":30,"turns":6},{"damage":1,"enemies":"Collector","floor":33,"turns":13},{"damage":0,"enemies":"Flame Bruiser 1 Orb","floor":35,"turns":8},{"damage":14,"enemies":"Orb Walker","floor":38,"turns":5},{"damage":15,"enemies":"3 Darklings","floor":44,"turns":6},{"damage":0,"enemies":"Maw","floor":48,"turns":10},{"damage":7,"enemies":"Donu and Deca","floor":50,"turns":13}],"relics_obtained":[{"floor":6,"key":"Anchor"},{"floor":9,"key":"Orichalcum"},{"floor":14,"key":"Whetstone"},{"floor":23,"key":"DataDisk"},{"floor":26,"key":"The Courier"},{"floor":43,"key":"Bottled Flame"}],"event_choices":[{"event_name":"Scrap Ooze","player_choice":"success","floor":2,"damage_taken":18},{"event_name":"The Cleric","player_choice":"Healed","floor":3,"damage_taken":0},{"event_name":"The Lab","player_choice":"Got Potions","floor":13,"damage_taken":0},{"event_name":"The Mausoleum","player_choice":"Yes","floor":20,"damage_taken":0},{"event_name":"Vampires","player_choice":"Ignored","floor":21,"damage_taken":0},{"event_name":"Purifier","player_choice":"One Purge","floor":31,"damage_taken":0},{"event_name":"Duplicator","player_choice":"One dupe","floor":36,"damage_taken":0},{"event_name":"Upgrade Shrine","player_choice":"Upgraded","floor":39,"damage_taken":0},{"event_name":"The Moai Head","player_choice":"Ignored","floor":45,"damage_taken":0},{"event_name":"Falling","player_choice":"Removed Attack","floor":46,"damage_taken":0}],"boss_relics":[{"not_picked":["Sozu","Astrolabe"],"picked":"Inserter"},{"not_picked":["Pandora\u0027s Box","Runic Dome"],"picked":"White Beast Statue"}],"items_purged_floors":[27,37],"is_endless":false,"potions_floor_spawned":[1,7,10,12,22,30,35,38,44,48],"seed_played":"-3577076227804411564","ascension_level":0,"potions_obtained":[{"floor":1,"key":"Swift Potion"},{"floor":7,"key":"Weak Potion"},{"floor":10,"key":"FairyPotion"},{"floor":12,"key":"SteroidPotion"},{"floor":13,"key":"EssenceOfSteel"},{"floor":13,"key":"Block Potion"},{"floor":22,"key":"SkillPotion"},{"floor":35,"key":"SteroidPotion"}],"is_trial":false}