{"path_per_floor":["M","?","$","M","?","R","M","E","T","E","R","E","$","M","R","B",null,"M","M","$","?","M","E","M","M","T","?","R"],"character_chosen":"IRONCLAD","items_purchased":["Inflame","Armaments","Pommel Strike","Metallicize","Inflame"],"gold_per_floor":[113,188,52,69,69,69,80,111,111,137,137,171,14,27,27,123,123,140,153,75,0,14,39,51,68,68,68,68,68],"floor_reached":29,"campfire_rested":0,"playtime":1047,"item_purchase_floors":[],"current_hp_per_floor":[67,56,56,55,55,55,55,25,25,17,17,9,9,24,24,12,80,80,80,80,80,80,49,34,28,28,28,28,0],"items_purged":["Strike_R"],"gold":68,"score":289,"play_id":"dc1b923a-2b09-410d-ad89-5a927607536a","local_time":"20180618195911","is_prod":false,"is_daily":false,"chose_seed":false,"is_ascension_mode":true,"campfire_upgraded":4,"win_rate":0,"timestamp":1529377151,"campfire_choices":[{"data":"Limit Break","floor":6.0,"key":"SMITH"},{"data":"Armaments","floor":11,"key":"SMITH"},{"data":"Metallicize","floor":15,"key":"SMITH"},{"data":"Inflame","floor":28,"key":"SMITH"}],"path_taken":["M","?","$","M","?","R","?","E","T","E","R","E","$","M","R","BOSS","M","M","$","?","M","E","M","M","T","?","R","E"],"build_version":"2018-06-11","seed_source_timestamp":0,"purchased_purges":1,"victory":false,"master_deck":["Strike_R","Strike_R","Strike_R+1","Defend_R","Defend_R","Defend_R","Defend_R","Bash","Limit Break+1","Whirlwind","Inflame","Armaments+1","Pommel Strike+1","Flex","Flame Barrier","Metallicize+1","Battle Trance","Dark Embrace","Body Slam","Havoc","Inflame+1","Pommel Strike+1","Whirlwind"],"max_hp_per_floor":[80,80,80,80,80,80,80,80,80,80,80,80,80,80,80,80,80,80,80,80,80,80,80,80,80,80,80,80,80],"special_seed":0,"relics":["Burning Blood","Art of War","Mercury Hourglass","Whetstone","Magic Flower","Sozu","Bottled Tornado","Bag of Marbles"],"card_choices":[{"not_picked":["Dark Embrace","Immolate"],"picked":"Limit Break","floor":0.0},{"not_picked":["Sword Boomerang","True Grit"],"picked":"Whirlwind","floor":1.0},{"not_picked":["Pommel Strike","Iron Wave","Searing Blow"],"picked":"SKIP","floor":4.0},{"not_picked":["Iron Wave","Bloodletting","Rage"],"picked":"SKIP","floor":7.0},{"not_picked":["Blood for Blood","Intimidate"],"picked":"Flex","floor":8},{"not_picked":["Ghostly Armor","Evolve"],"picked":"Flame Barrier","floor":10},{"not_picked":["Twin Strike","Cleave","Pommel Strike"],"picked":"SKIP","floor":12},{"not_picked":["Fiend Fire","Clash"],"picked":"Battle Trance","floor":14},{"not_picked":["Berserk","Brutality"],"picked":"Dark Embrace","floor":16},{"not_picked":["Clash","Reckless Charge+1"],"picked":"Body Slam","floor":18},{"not_picked":["Combust","Shrug It Off"],"picked":"Havoc","floor":19},{"not_picked":["True Grit+1","Entrench+1"],"picked":"Pommel Strike+1","floor":22},{"not_picked":["Demon Form","Fire Breathing"],"picked":"Whirlwind","floor":23},{"not_picked":["Dropkick+1","Clash+1","Evolve"],"picked":"SKIP","floor":24},{"not_picked":["Carnage","Twin Strike","Entrench"],"picked":"SKIP","floor":25}],"player_experience":144563,"potions_floor_usage":[14,16,24,24],"damage_taken":[{"damage":19.0,"enemies":"2 Louse","floor":1.0,"turns":4.0},{"damage":7.0,"enemies":"Jaw Worm","floor":4.0,"turns":4.0},{"damage":6.0,"enemies":"Cultist","floor":7.0,"turns":4.0},{"damage":36,"enemies":"Lagavulin","floor":8,"turns":6},{"damage":14,"enemies":"3 Sentries","floor":10,"turns":5},{"damage":14,"enemies":"Lagavulin","floor":12,"turns":5},{"damage":6,"enemies":"Gremlin Gang","floor":14,"turns":4},{"damage":21,"enemies":"Hexaghost","floor":16,"turns":8},{"damage":8,"enemies":"Shell Parasite","floor":18,"turns":7},{"damage":5,"enemies":"Spheric Guardian","floor":19,"turns":4},{"damage":8,"enemies":"Cultist and Chosen","floor":22,"turns":5},{"damage":40,"enemies":"Book of Stabbing","floor":23,"turns":5},{"damage":24,"enemies":"Chosen and Byrds","floor":24,"turns":4},{"damage":15,"enemies":"Snake Plant","floor":25,"turns":3},{"damage":32,"enemies":"Slavers","floor":29,"turns":2}],"relics_obtained":[{"floor":8,"key":"Art of War"},{"floor":9,"key":"Mercury Hourglass"},{"floor":10,"key":"Whetstone"},{"floor":12,"key":"Magic Flower"},{"floor":23,"key":"Bottled Tornado"},{"floor":26,"key":"Bag of Marbles"}],"event_choices":[{"event_name":"World of Goop","player_choice":"Gather Gold","floor":2.0,"damage_taken":0.0},{"event_name":"Fountain of Cleansing","player_choice":"Removed Curse","floor":5.0,"damage_taken":0.0},{"event_name":"Beggar","player_choice":"Gave Gold","floor":21,"damage_taken":0},{"event_name":"Addict","player_choice":"Ignored","floor":27,"damage_taken":0}],"boss_relics":[{"not_picked":["Black Blood","Cursed Key"],"picked":"Sozu"}],"items_purged_floors":[13],"potions_floor_spawned":[1,10,12,14,16,19,22],"seed_played":"371169581255352229","killed_by":"Slavers","ascension_level":2,"potions_obtained":[{"floor":1.0,"key":"Poison Potion"},{"floor":10,"key":"Swift Potion"},{"floor":12,"key":"BloodPotion"},{"floor":14,"key":"Dexterity Potion"},{"floor":16,"key":"Fire Potion"}],"is_trial":false}