{"gold_per_floor":[117,132,207,224,224,224,240,240,240,252,282,298,298,328,328,431,431,441,441,441,452,478,511,530,530,530,530,549,474,507,507,507,611,611,629,648,648,280,291,355,369,369,393,426,444,444,444,464,464,464],"floor_reached":51,"playtime":2323,"items_purged":["Strike_R+1"],"score":807,"play_id":"3d52ce89-bfd8-4304-8ca0-33b248ce7633","local_time":"20181109232038","is_ascension_mode":false,"campfire_choices":[{"data":"Body Slam","floor":6,"key":"SMITH"},{"data":"Uppercut","floor":8,"key":"SMITH"},{"data":"Demon Form","floor":13,"key":"SMITH"},{"data":"Shockwave","floor":15,"key":"SMITH"},{"data":"RitualDagger","floor":25,"key":"SMITH"},{"data":"Armaments","floor":27,"key":"SMITH"},{"data":"Warcry","floor":32,"key":"SMITH"},{"data":"Warcry","floor":42,"key":"SMITH"},{"data":"Offering","floor":46,"key":"SMITH"},{"data":"Madness","floor":49,"key":"SMITH"}],"neow_cost":"NONE","seed_source_timestamp":0,"circlet_count":0,"master_deck":["Strike_R+1","Strike_R+1","Strike_R+1","Defend_R+1","Defend_R+1","Defend_R+1","Bash","Body Slam+1","Uppercut+1","Entrench","Armaments+1","Twin Strike","Demon Form+1","Havoc","Shockwave+1","Reaper","Shrug It Off","RitualDagger+1","Warcry+1","Warcry+1","Barricade","Sword Boomerang+1","Heavy Blade","Sword Boomerang","Spot Weakness","Offering+1","Madness","Madness+1","Parasite"],"special_seed":0,"relics":["Burning Blood","War Paint","Shuriken","Letter Opener","Oddly Smooth Stone","Dream Catcher","Black Star","Red Mask","Bottled Tornado","Gremlin Horn","Pantograph","Vajra","Ancient Tea Set","MutagenicStrength","Philosopher\u0027s Stone","Red Skull","Bag of Preparation","Regal Pillow","Tiny Chest","Juzu Bracelet","Strawberry","Orichalcum"],"potions_floor_usage":[11,11,16,23,23,30,30,30,40,50,50,50,50,50,50],"damage_taken":[{"damage":6,"enemies":"Cultist","floor":1,"turns":3},{"damage":6,"enemies":"Jaw Worm","floor":2,"turns":4},{"damage":0,"enemies":"2 Louse","floor":4,"turns":2},{"damage":11,"enemies":"Large Slime","floor":7,"turns":8},{"damage":0,"enemies":"3 Louse","floor":10,"turns":3},{"damage":8,"enemies":"Lagavulin","floor":11,"turns":5},{"damage":9,"enemies":"Blue Slaver","floor":12,"turns":4},{"damage":7,"enemies":"Gremlin Nob","floor":14,"turns":4},{"damage":20,"enemies":"Slime Boss","floor":16,"turns":7},{"damage":17,"enemies":"3 Byrds","floor":18,"turns":6},{"damage":31,"enemies":"Spheric Guardian","floor":21,"turns":8},{"damage":35,"enemies":"Masked Bandits","floor":22,"turns":6},{"damage":17,"enemies":"Gremlin Leader","floor":23,"turns":6},{"damage":39,"enemies":"Snake Plant","floor":24,"turns":6},{"damage":42,"enemies":"Shelled Parasite and Fungi","floor":28,"turns":7},{"damage":3,"enemies":"Slavers","floor":30,"turns":5},{"damage":31,"enemies":"Champ","floor":33,"turns":8},{"damage":23,"enemies":"Orb Walker","floor":35,"turns":4},{"damage":20,"enemies":"3 Darklings","floor":36,"turns":5},{"damage":14,"enemies":"Sphere and 2 Shapes","floor":39,"turns":4},{"damage":30,"enemies":"Giant Head","floor":40,"turns":6},{"damage":18,"enemies":"Maw","floor":41,"turns":7},{"damage":0,"enemies":"Reptomancer","floor":44,"turns":3},{"damage":25,"enemies":"4 Shapes","floor":45,"turns":4},{"damage":6,"enemies":"Writhing Mass","floor":48,"turns":4},{"damage":60,"enemies":"Awakened One","floor":50,"turns":8}],"seed_played":"2322674294273990700","potions_obtained":[{"floor":2,"key":"Block Potion"},{"floor":4,"key":"SteroidPotion"},{"floor":7,"key":"AttackPotion"},{"floor":12,"key":"PowerPotion"},{"floor":16,"key":"SmokeBomb"},{"floor":18,"key":"Swift Potion"},{"floor":23,"key":"Energy Potion"},{"floor":24,"key":"EssenceOfSteel"},{"floor":28,"key":"FearPotion"},{"floor":30,"key":"PowerPotion"},{"floor":35,"key":"GamblersBrew"},{"floor":39,"key":"EntropicBrew"},{"floor":44,"key":"Strength Potion"},{"floor":45,"key":"Block Potion"}],"is_trial":false,"path_per_floor":["M","M","?","M","T","R","M","R","T","M","E","M","R","E","R","B",null,"M","?","?","M","?","E","M","R","T","R","M","?","E","?","R","B",null,"M","M","?","$","M","E","M","R","T","E","M","R","?","M","R","B",null],"character_chosen":"IRONCLAD","items_purchased":["Red Skull","Bag of Preparation"],"campfire_rested":0,"item_purchase_floors":[38,38],"current_hp_per_floor":[80,80,69,75,75,75,70,70,70,76,74,71,71,70,70,56,80,69,69,63,53,31,68,42,42,42,42,25,25,50,50,50,65,80,63,59,59,59,51,56,44,44,44,79,86,86,75,75,75,65],"gold":464,"neow_bonus":"RANDOM_COMMON_RELIC","is_prod":false,"is_daily":false,"chose_seed":false,"campfire_upgraded":10,"win_rate":0,"timestamp":1541802038,"path_taken":["M","M","?","M","?","R","M","R","T","M","E","M","R","E","R","BOSS","M","?","?","M","?","E","M","R","T","R","M","?","E","?","R","BOSS","M","M","?","$","M","E","M","R","T","E","M","R","?","M","R","BOSS"],"build_version":"2018-11-08","purchased_purges":1,"victory":true,"max_hp_per_floor":[80,80,80,80,80,80,80,80,80,80,80,80,80,80,80,80,80,80,80,80,80,80,80,80,80,80,80,80,80,80,80,80,80,80,80,80,80,80,80,80,80,80,80,87,87,87,87,87,87,87],"card_choices":[{"not_picked":["Wild Strike","Iron Wave"],"picked":"Body Slam","floor":1},{"not_picked":["Sword Boomerang","Havoc"],"picked":"Uppercut","floor":2},{"not_picked":["Heavy Blade","Inflame"],"picked":"Entrench","floor":4},{"not_picked":["Combust","Wild Strike"],"picked":"Armaments","floor":7},{"not_picked":["Rampage","Wild Strike"],"picked":"Twin Strike","floor":10},{"not_picked":["Power Through","Disarm"],"picked":"Demon Form","floor":11},{"not_picked":["Rampage","Thunderclap"],"picked":"Havoc","floor":12},{"not_picked":["Headbutt","Inflame"],"picked":"Shockwave","floor":14},{"not_picked":["Demon Form","Dark Embrace"],"picked":"Reaper","floor":16},{"not_picked":["Clothesline","Uppercut"],"picked":"Shrug It Off","floor":18},{"not_picked":["Flex+1","Headbutt"],"picked":"Warcry","floor":21},{"not_picked":["Rage","Clothesline"],"picked":"Warcry","floor":22},{"not_picked":["Shockwave","Rampage","Headbutt"],"picked":"SKIP","floor":23},{"not_picked":["Wild Strike","Clash","Shrug It Off"],"picked":"SKIP","floor":24},{"not_picked":["Blood for Blood","Anger","Armaments"],"picked":"SKIP","floor":28},{"not_picked":["Rupture+1","Fire Breathing","Uppercut"],"picked":"SKIP","floor":30},{"not_picked":["Feed","Impervious"],"picked":"Barricade","floor":33},{"not_picked":["Headbutt","Entrench+1"],"picked":"Sword Boomerang+1","floor":35},{"not_picked":["Twin Strike+1","Clothesline"],"picked":"Heavy Blade","floor":36},{"not_picked":["Seeing Red+1","Clothesline","Headbutt"],"picked":"SKIP","floor":39},{"not_picked":["Dark Embrace","Feel No Pain"],"picked":"Sword Boomerang","floor":40},{"not_picked":["Infernal Blade","Headbutt"],"picked":"Spot Weakness","floor":41},{"not_picked":["Body Slam+1","Twin Strike"],"picked":"Offering","floor":44},{"not_picked":["Shrug It Off","Thunderclap+1","Body Slam"],"picked":"SKIP","floor":45},{"not_picked":["Carnage","Twin Strike","Bludgeon"],"picked":"SKIP","floor":48}],"player_experience":878888,"relics_obtained":[{"floor":5,"key":"Shuriken"},{"floor":9,"key":"Letter Opener"},{"floor":11,"key":"Oddly Smooth Stone"},{"floor":14,"key":"Dream Catcher"},{"floor":22,"key":"Red Mask"},{"floor":23,"key":"Bottled Tornado"},{"floor":23,"key":"Gremlin Horn"},{"floor":26,"key":"Pantograph"},{"floor":30,"key":"Vajra"},{"floor":30,"key":"Ancient Tea Set"},{"floor":40,"key":"Regal Pillow"},{"floor":40,"key":"Tiny Chest"},{"floor":43,"key":"Juzu Bracelet"},{"floor":44,"key":"Strawberry"},{"floor":44,"key":"Orichalcum"}],"event_choices":[{"damage_healed":0,"gold_gain":75,"player_choice":"Gather Gold","damage_taken":11,"max_hp_gain":0,"max_hp_loss":0,"event_name":"World of Goop","floor":3,"gold_loss":0},{"damage_healed":0,"gold_gain":0,"player_choice":"Simplicity","damage_taken":0,"max_hp_gain":0,"max_hp_loss":0,"event_name":"Back to Basics","floor":19,"gold_loss":0,"cards_upgraded":["Strike_R","Strike_R","Strike_R","Strike_R","Strike_R","Defend_R","Defend_R"]},{"damage_healed":0,"gold_gain":0,"player_choice":"Joined the Cult","damage_taken":6,"max_hp_gain":0,"max_hp_loss":0,"event_name":"Nest","floor":20,"gold_loss":0,"cards_obtained":["RitualDagger"]},{"damage_healed":0,"gold_gain":0,"player_choice":"Fought Bandits","damage_taken":0,"max_hp_gain":0,"max_hp_loss":0,"event_name":"Masked Bandits","floor":22,"gold_loss":0},{"cards_removed":["Defend_R"],"damage_healed":0,"gold_gain":0,"player_choice":"Gave Gold","damage_taken":0,"max_hp_gain":0,"max_hp_loss":0,"event_name":"Beggar","floor":29,"gold_loss":75},{"damage_healed":0,"gold_gain":0,"player_choice":"Inject Mutagens","damage_taken":0,"relics_obtained":["MutagenicStrength"],"max_hp_gain":0,"max_hp_loss":0,"event_name":"Drug Dealer","floor":31,"gold_loss":0},{"cards_removed":["Strike_R"],"damage_healed":0,"gold_gain":0,"player_choice":"Removed Attack","damage_taken":0,"max_hp_gain":0,"max_hp_loss":0,"event_name":"Falling","floor":37,"gold_loss":0},{"damage_healed":0,"gold_gain":0,"player_choice":"Embrace Madness","damage_taken":11,"max_hp_gain":0,"max_hp_loss":0,"event_name":"Winding Halls","floor":47,"gold_loss":0,"cards_obtained":["Madness","Madness"]}],"is_beta":true,"boss_relics":[{"not_picked":["Mark of Pain","Astrolabe"],"picked":"Black Star"},{"not_picked":["Pandora\u0027s Box","Runic Dome"],"picked":"Philosopher\u0027s Stone"}],"items_purged_floors":[38],"is_endless":false,"potions_floor_spawned":[2,4,7,12,16,18,23,24,28,30,35,39,44,45],"ascension_level":0}