{"gold_per_floor":[118,136,136,136,157,157,192,192,217,240,274,295,295,335,335,335],"floor_reached":16,"playtime":346,"items_purged":[],"score":138,"play_id":"ca1a4d57-9e19-4edc-8b85-a4a689950fed","local_time":"20180810211135","is_ascension_mode":true,"campfire_choices":[{"data":"Uppercut","floor":6,"key":"SMITH"},{"data":"Twin Strike","floor":8,"key":"SMITH"},{"floor":13,"key":"REST"},{"data":"Combust","floor":15,"key":"SMITH"}],"neow_cost":"","seed_source_timestamp":676299936128700,"circlet_count":0,"master_deck":["Strike_R","Strike_R","Strike_R","Strike_R","Strike_R","Defend_R","Defend_R","Defend_R","Defend_R","Bash","Armaments+1","Flex","Uppercut+1","Twin Strike+1","Combust+1","Disarm","Pommel Strike","Blood for Blood"],"relics":["Burning Blood","Golden Idol","Art of War","Blood Vial","Odd Mushroom","Centennial Puzzle"],"potions_floor_usage":[7,11,14],"damage_taken":[{"damage":9,"enemies":"Jaw Worm","floor":1,"turns":4},{"damage":10,"enemies":"Small Slimes","floor":2,"turns":3},{"damage":3,"enemies":"2 Louse","floor":5,"turns":3},{"damage":17,"enemies":"Gremlin Nob","floor":7,"turns":4},{"damage":0,"enemies":"Looter","floor":10,"turns":2},{"damage":36,"floor":11,"turns":4},{"damage":18,"enemies":"3 Louse","floor":12,"turns":2},{"damage":23,"enemies":"Lagavulin","floor":14,"turns":4},{"damage":38,"enemies":"Slime Boss","floor":16,"turns":3}],"seed_played":"-309448686715275443","potions_obtained":[{"floor":2,"key":"AttackPotion"},{"floor":7,"key":"Weak Potion"},{"floor":10,"key":"SmokeBomb"},{"floor":12,"key":"Energy Potion"}],"is_trial":false,"path_per_floor":["M","M","?","?","M","R","E","R","T","M","?","M","R","E","R"],"character_chosen":"IRONCLAD","items_purchased":[],"campfire_rested":1,"item_purchase_floors":[],"current_hp_per_floor":[77,73,53,53,56,56,45,45,45,53,25,15,39,24,24,0],"gold":335,"neow_bonus":"","is_prod":false,"is_daily":false,"chose_seed":false,"campfire_upgraded":3,"win_rate":0,"timestamp":1533960695,"path_taken":["M","M","?","?","M","R","E","R","T","M","?","?","R","E","R","BOSS"],"build_version":"2018-08-08","purchased_purges":0,"victory":false,"max_hp_per_floor":[80,80,80,80,80,80,80,80,80,80,80,80,80,80,80,80],"card_choices":[{"not_picked":["Warcry","Searing Blow"],"picked":"Armaments","floor":1},{"not_picked":["Perfected Strike","Sword Boomerang"],"picked":"Flex","floor":2},{"not_picked":["Clothesline","Disarm"],"picked":"Uppercut","floor":5},{"not_picked":["Dual Wield","Headbutt"],"picked":"Twin Strike","floor":7},{"not_picked":["Rupture","Intimidate"],"picked":"Combust","floor":10},{"not_picked":["Warcry","Pommel Strike"],"picked":"Disarm","floor":11},{"not_picked":["Body Slam","Clash"],"picked":"Pommel Strike","floor":12},{"not_picked":["Perfected Strike","Rampage"],"picked":"Blood for Blood","floor":14}],"player_experience":221340,"relics_obtained":[{"floor":7,"key":"Art of War"},{"floor":9,"key":"Blood Vial"},{"floor":11,"key":"Odd Mushroom"},{"floor":14,"key":"Centennial Puzzle"}],"event_choices":[{"event_name":"Golden Idol","player_choice":"Take Damage","floor":3,"damage_taken":0},{"event_name":"Living Wall","player_choice":"Grow","floor":4,"damage_taken":0},{"event_name":"Mushrooms","player_choice":"Fought Mushrooms","floor":11,"damage_taken":0}],"is_beta":true,"boss_relics":[],"items_purged_floors":[],"is_endless":false,"potions_floor_spawned":[2,7,10,12],"killed_by":"Slime Boss","ascension_level":5}