{"gold_per_floor":[112,128,128,141,161,193,193,220,257,279,301,313,625,368,368,368],"floor_reached":16,"playtime":504,"items_purged":["Defend_R"],"score":112,"play_id":"9ec0da74-c9e8-45b8-b7fd-ebf6866c7843","local_time":"20190210003933","is_ascension_mode":false,"campfire_choices":[{"floor":7.0,"key":"REST"},{"floor":15.0,"key":"REST"}],"neow_cost":"NONE","seed_source_timestamp":0,"circlet_count":0,"master_deck":["Strike_R","Strike_R","Strike_R","Strike_R","Strike_R","Defend_R","Defend_R","Bash+1","Clash"],"special_seed":0,"relics":["Burning Blood","Happy Flower","MawBank","Omamori","Old Coin","Frozen Eye"],"potions_floor_usage":[],"damage_taken":[{"damage":8.0,"enemies":"Small Slimes","floor":1.0,"turns":3.0},{"damage":6.0,"enemies":"Cultist","floor":2.0,"turns":4.0},{"damage":1.0,"enemies":"Jaw Worm","floor":4.0,"turns":3.0},{"damage":16.0,"enemies":"Exordium Wildlife","floor":5.0,"turns":9.0},{"damage":39.0,"enemies":"3 Sentries","floor":6.0,"turns":12.0},{"damage":36.0,"enemies":"Gremlin Nob","floor":8.0,"turns":5.0},{"damage":3.0,"enemies":"Red Slaver","floor":10.0,"turns":5.0},{"damage":0.0,"enemies":"3 Louse","floor":11.0,"turns":6.0},{"damage":67,"enemies":"The Guardian","floor":16,"turns":13}],"seed_played":"-8844798532520917403","potions_obtained":[{"floor":2.0,"key":"FearPotion"},{"floor":5.0,"key":"Explosive Potion"}],"is_trial":false,"path_per_floor":["M","M","?","M","M","E","R","E","T","M","M","?","T","$","R","B"],"character_chosen":"IRONCLAD","items_purchased":["Frozen Eye"],"campfire_rested":2,"item_purchase_floors":[14],"current_hp_per_floor":[78,78,78,80,70,37,61,31,31,34,40,40,40,40,64,0],"gold":368,"neow_bonus":"UPGRADE_CARD","is_prod":false,"is_daily":false,"chose_seed":false,"campfire_upgraded":0,"win_rate":0,"timestamp":1549755573,"path_taken":["M","M","?","?","M","E","R","E","T","M","M","?","?","$","R","BOSS"],"build_version":"2019-02-06","purchased_purges":1,"victory":false,"max_hp_per_floor":[80,80,80,80,80,80,80,80,80,80,80,80,80,80,80,80],"card_choices":[{"not_picked":["Anger","Rampage","Iron Wave"],"picked":"SKIP","floor":1.0},{"not_picked":["Body Slam","Anger","Disarm"],"picked":"SKIP","floor":2.0},{"not_picked":["Burning Pact","Iron Wave","Cleave"],"picked":"SKIP","floor":4.0},{"not_picked":["Pommel Strike","Sword Boomerang","Barricade"],"picked":"SKIP","floor":5.0},{"not_picked":["Burning Pact","Twin Strike","Pommel Strike"],"picked":"SKIP","floor":6.0},{"not_picked":["Bloodletting","Havoc","Headbutt"],"picked":"SKIP","floor":8.0},{"not_picked":["Cleave","Pommel Strike","Twin Strike"],"picked":"SKIP","floor":10.0},{"not_picked":["Body Slam","True Grit"],"picked":"Clash","floor":11.0}],"player_experience":1141478,"relics_obtained":[{"floor":6.0,"key":"Happy Flower"},{"floor":8.0,"key":"MawBank"},{"floor":9.0,"key":"Omamori"},{"floor":13.0,"key":"Old Coin"}],"event_choices":[{"damage_healed":0.0,"max_hp_gain":0.0,"max_hp_loss":0.0,"gold_gain":0.0,"event_name":"NoteForYourself","player_choice":"Ignored","floor":3.0,"gold_loss":0.0,"damage_taken":0.0},{"cards_removed":["Defend_R"],"damage_healed":0.0,"max_hp_gain":0.0,"max_hp_loss":0.0,"gold_gain":0.0,"event_name":"Living Wall","player_choice":"Forget","floor":12.0,"gold_loss":0.0,"damage_taken":0.0}],"is_beta":true,"boss_relics":[],"items_purged_floors":[14],"is_endless":false,"potions_floor_spawned":[2,5],"killed_by":"The Guardian","ascension_level":0}