{"gold_per_floor":[112,187,187,197,177,210,66,82,82,102,102,160,173,185,185,285,285,297,297,310,320,26,58,77,77,77,77,105,105,5,20,20,121,121,137,17,35,35,46,46,0,0,0,0,19,19,54,54,54,54,54,54,26,51,51],"floor_reached":55,"playtime":2834,"items_purged":["Defend_G","Eviscerate","Underhanded Strike","Normality"],"score":765,"play_id":"3d94a81e-90ca-4765-b84e-aff6b753bd89","local_time":"20181122221938","is_ascension_mode":false,"campfire_choices":[{"data":"Noxious Fumes","floor":11.0,"key":"SMITH"},{"floor":15.0,"key":"RECALL"},{"floor":25,"key":"REST"},{"data":"Cloak And Dagger","floor":29,"key":"SMITH"},{"floor":32,"key":"REST"},{"data":"Footwork","floor":40,"key":"SMITH"},{"data":"Prepared","floor":42,"key":"SMITH"},{"floor":44,"key":"REST"},{"floor":46,"key":"REST"},{"floor":49,"key":"REST"},{"data":"Cloak And Dagger","floor":52,"key":"SMITH"}],"neow_cost":"TEN_PERCENT_HP_LOSS","seed_source_timestamp":0,"circlet_count":0,"master_deck":["Survivor","Neutralize+1","Dash","Cloak And Dagger+1","Blade Dance","Noxious Fumes+1","Cloak And Dagger+1","Backstab","Accuracy","Heel Hook","After Image","Burst","Flechettes","Noxious Fumes","Acrobatics","Blade Dance","Poisoned Stab","Backflip+1","Cloak And Dagger+1","Footwork+1","Bandage Up","After Image","Regret","Normality","Prepared+1","Parasite","Cloak And Dagger+1","Caltrops+1","Well Laid Plans"],"special_seed":0,"relics":["Ring of the Snake","Matryoshka","Juzu Bracelet","Question Card","Pandora\u0027s Box","Sling","Snake Skull","Art of War","Mercury Hourglass","The Courier","Calling Bell","Happy Flower","Letter Opener","Gambling Chip","Red Mask","Shuriken","Centennial Puzzle","Oddly Smooth Stone"],"potions_floor_usage":[20,23,23,39,50,55],"damage_taken":[{"damage":0.0,"enemies":"Cultist","floor":1.0,"turns":3.0},{"damage":0.0,"enemies":"2 Louse","floor":4.0,"turns":2.0},{"damage":12.0,"enemies":"3 Sentries","floor":6.0,"turns":8.0},{"damage":0.0,"enemies":"Small Slimes","floor":8.0,"turns":3.0},{"damage":0.0,"enemies":"Gremlin Gang","floor":10.0,"turns":4.0},{"damage":13.0,"enemies":"Gremlin Nob","floor":12.0,"turns":4.0},{"damage":0.0,"enemies":"Looter","floor":13.0,"turns":3.0},{"damage":0.0,"enemies":"2 Fungi Beasts","floor":14.0,"turns":3.0},{"damage":13.0,"enemies":"The Guardian","floor":16.0,"turns":10.0},{"damage":11.0,"enemies":"Spheric Guardian","floor":18.0,"turns":5.0},{"damage":2,"enemies":"2 Thieves","floor":20,"turns":4},{"damage":10,"enemies":"3 Cultists","floor":21,"turns":6},{"damage":13,"enemies":"Book of Stabbing","floor":23,"turns":4},{"damage":14,"enemies":"Shelled Parasite and Fungi","floor":24,"turns":5},{"damage":0,"enemies":"Gremlin Leader","floor":28,"turns":6},{"damage":10,"enemies":"Cultist and Chosen","floor":31,"turns":6},{"damage":21,"enemies":"Collector","floor":33,"turns":9},{"damage":26,"enemies":"Orb Walker","floor":35,"turns":5},{"damage":1,"enemies":"3 Shapes","floor":37,"turns":5},{"damage":25,"enemies":"3 Darklings","floor":39,"turns":5},{"damage":33,"enemies":"Writhing Mass","floor":45,"turns":6},{"damage":29,"enemies":"Giant Head","floor":47,"turns":7},{"damage":39,"enemies":"Awakened One","floor":50,"turns":14},{"damage":52,"enemies":"Shield and Spear","floor":54,"turns":7},{"damage":85,"enemies":"The Heart","floor":55,"turns":5}],"seed_played":"4333401054427903042","potions_obtained":[{"floor":1.0,"key":"SpeedPotion"},{"floor":4.0,"key":"SpeedPotion"},{"floor":5.0,"key":"PowerPotion"},{"floor":6.0,"key":"Strength Potion"},{"floor":13.0,"key":"Energy Potion"},{"floor":19.0,"key":"FairyPotion"},{"floor":19.0,"key":"Strength Potion"},{"floor":21,"key":"GamblersBrew"},{"floor":24,"key":"Energy Potion"},{"floor":31,"key":"Block Potion"},{"floor":39,"key":"Fruit Juice"},{"floor":45,"key":"SpeedPotion"},{"floor":47,"key":"AttackPotion"}],"is_trial":false,"path_per_floor":["M","?","?","M","?","E","$","M","T","M","R","?","M","M","R","B",null,"M","?","M","M","$","E","M","R","T","?","E","R","$","M","R","B",null,"M","$","M","$","M","R","?","R","T","R","M","R","E","?","R","B",null,"R","$","E","B"],"character_chosen":"THE_SILENT","items_purchased":["Backstab","Sling","Well Laid Plans"],"campfire_rested":5,"item_purchase_floors":[7,22,53],"current_hp_per_floor":[63,52,52,52,52,40,40,40,40,40,40,27,27,27,27,14,63,52,52,50,40,40,27,13,31,31,31,35,35,35,29,47,30,63,41,41,44,44,28,28,28,28,28,48,19,39,18,18,38,3,68,68,68,20,0],"gold":51,"neow_bonus":"TRANSFORM_TWO_CARDS","is_prod":false,"is_daily":false,"chose_seed":false,"campfire_upgraded":5,"win_rate":0,"timestamp":1542921578,"path_taken":["M","?","?","M","?","E","$","?","T","M","R","?","M","M","R","BOSS","M","?","M","M","$","E","M","R","T","?","E","R","$","M","R","BOSS","M","?","M","$","M","R","?","R","T","R","M","R","E","?","R","BOSS","R","$","E","BOSS"],"build_version":"2018-11-15","purchased_purges":4,"victory":false,"max_hp_per_floor":[63,63,63,63,63,63,63,63,63,63,63,63,63,63,63,63,63,63,63,63,63,63,63,63,63,63,63,63,63,63,63,63,63,63,63,63,63,63,68,68,68,68,68,68,68,68,68,68,68,68,68,68,68,68,68],"card_choices":[{"not_picked":["Bane","Masterful Stab"],"picked":"Blade Dance","floor":1.0},{"not_picked":["Tactician","Catalyst"],"picked":"Noxious Fumes","floor":4.0},{"not_picked":["Setup","Reflex"],"picked":"Cloak And Dagger","floor":6.0},{"not_picked":["Deflect","Finisher","Flying Knee"],"picked":"SKIP","floor":8.0},{"not_picked":["Flechettes","Prepared","Deadly Poison"],"picked":"SKIP","floor":10.0},{"not_picked":["Noxious Fumes","Escape Plan"],"picked":"Accuracy","floor":12.0},{"not_picked":["Poisoned Stab","Eviscerate","Flying Knee"],"picked":"Heel Hook","floor":13.0},{"not_picked":["Underhanded Strike","Flechettes","Deflect"],"picked":"After Image","floor":14.0},{"not_picked":["Glass Knife","Storm of Steel","Unload"],"picked":"Burst","floor":16.0},{"not_picked":["Flying Knee+1","Quick Slash","Slice"],"picked":"Backflip+1","floor":18.0},{"not_picked":["Outmaneuver","Noxious Fumes+1","Dagger Spray"],"picked":"Cloak And Dagger+1","floor":20},{"not_picked":["Poisoned Stab","Dagger Throw","Endless Agony","Flying Knee+1"],"picked":"SKIP","floor":21},{"not_picked":["Dagger Throw","Bouncing Flask","Skewer","Flying Knee+1"],"picked":"SKIP","floor":23},{"not_picked":["Cloak And Dagger","Poisoned Stab","Deflect"],"picked":"Footwork","floor":24},{"not_picked":["Cloak And Dagger","Outmaneuver","Burst","Glass Knife"],"picked":"SKIP","floor":28},{"not_picked":["Choke","Blade Dance","Backflip+1","Quick Slash"],"picked":"SKIP","floor":31},{"not_picked":["Bullet Time","Corpse Explosion","Adrenaline"],"picked":"After Image","floor":33},{"not_picked":["Masterful Stab","Calculated Gamble","Acrobatics+1","Tactician+1"],"picked":"SKIP","floor":35},{"not_picked":["Finisher+1","Poisoned Stab+1","All Out Attack","Blade Dance"],"picked":"SKIP","floor":37},{"not_picked":["Bane","Concentrate+1","Dagger Spray"],"picked":"Prepared","floor":39},{"not_picked":["Masterful Stab+1","Eviscerate","Slice+1"],"picked":"Cloak And Dagger+1","floor":45},{"not_picked":["Masterful Stab+1","Eviscerate+1","Deflect+1"],"picked":"Caltrops+1","floor":47},{"not_picked":["Escape Plan","Flying Knee+1","Eviscerate","Poisoned Stab+1"],"picked":"SKIP","floor":54}],"player_experience":908983,"relics_obtained":[{"floor":6.0,"key":"Matryoshka"},{"floor":9.0,"key":"Juzu Bracelet"},{"floor":12.0,"key":"Question Card"},{"floor":23,"key":"Snake Skull"},{"floor":26,"key":"Art of War"},{"floor":26,"key":"Mercury Hourglass"},{"floor":28,"key":"The Courier"},{"floor":34,"key":"Happy Flower"},{"floor":34,"key":"Letter Opener"},{"floor":34,"key":"Gambling Chip"},{"floor":43,"key":"Shuriken"},{"floor":47,"key":"Centennial Puzzle"},{"floor":54,"key":"Oddly Smooth Stone"}],"event_choices":[{"damage_healed":0.0,"max_hp_gain":0.0,"max_hp_loss":0.0,"gold_gain":75.0,"event_name":"World of Goop","player_choice":"Gather Gold","floor":2.0,"gold_loss":0.0,"damage_taken":11.0},{"damage_healed":0.0,"max_hp_gain":0.0,"max_hp_loss":0.0,"gold_gain":0.0,"event_name":"Living Wall","player_choice":"Grow","floor":3.0,"gold_loss":0.0,"damage_taken":0.0,"cards_upgraded":["Neutralize"]},{"damage_healed":0.0,"max_hp_gain":0.0,"max_hp_loss":0.0,"gold_gain":0.0,"event_name":"The Woman in Blue","player_choice":"Bought 1 Potion","floor":5.0,"gold_loss":0.0,"damage_taken":0.0},{"damage_healed":0.0,"max_hp_gain":0.0,"max_hp_loss":0.0,"gold_gain":0.0,"event_name":"Dead Adventurer","player_choice":"Searched \u00272\u0027 times","floor":12.0,"gold_loss":0.0,"damage_taken":0.0},{"damage_healed":0.0,"max_hp_gain":0.0,"max_hp_loss":0.0,"gold_gain":0.0,"event_name":"Lab","player_choice":"Got Potions","floor":19.0,"gold_loss":0.0,"damage_taken":0.0},{"damage_healed":0,"gold_gain":0,"player_choice":"1 cards matched","damage_taken":0,"max_hp_gain":0,"max_hp_loss":0,"event_name":"Match and Keep!","floor":27,"gold_loss":0,"cards_obtained":["Bandage Up"]},{"damage_healed":0,"gold_gain":0,"player_choice":"Paid","damage_taken":0,"relics_obtained":["Red Mask"],"max_hp_gain":0,"max_hp_loss":0,"event_name":"Tomb of Lord Red Mask","floor":41,"gold_loss":46},{"damage_healed":0,"gold_gain":0,"player_choice":"Memory 1","damage_taken":0,"max_hp_gain":0,"max_hp_loss":0,"event_name":"SensoryStone","floor":48,"gold_loss":0}],"is_beta":true,"boss_relics":[{"not_picked":["Sozu","Busted Crown"],"picked":"Pandora\u0027s Box"},{"not_picked":["Empty Cage","Coffee Dripper"],"picked":"Calling Bell"}],"items_purged_floors":[7,22,30,36],"is_endless":false,"potions_floor_spawned":[1,4,6,13,21,24,31,39,45,47],"killed_by":"The Heart","ascension_level":0}