{"gold_per_floor":[114,114,114,114,134,167,167,167],"floor_reached":8,"playtime":127,"items_purged":[],"score":158,"play_id":"8971a5f2-9cbf-4fbd-a925-732358a4d40f","local_time":"20190408235034","is_ascension_mode":true,"campfire_choices":[{"data":"Bash","floor":7,"key":"SMITH"}],"neow_cost":"NONE","seed_source_timestamp":118611986134300,"circlet_count":0,"master_deck":["AscendersBane","Strike_R","Strike_R","Strike_R","Strike_R","Strike_R","Defend_R","Defend_R","Defend_R","Defend_R","Bash+1","Shrug It Off"],"relics":["Burning Blood","NeowsBlessing","Golden Idol","Question Card","Bag of Marbles"],"potions_floor_usage":[8],"damage_taken":[{"damage":0,"enemies":"Jaw Worm","floor":1,"turns":1},{"damage":0,"enemies":"Small Slimes","floor":5,"turns":1},{"damage":0,"enemies":"Lagavulin","floor":6,"turns":2},{"damage":62,"enemies":"3 Sentries","floor":8,"turns":7}],"seed_played":"-3322128675928011839","potions_obtained":[{"floor":5,"key":"BloodPotion"}],"is_trial":false,"path_per_floor":["M","?","?","?","M","E","R","E"],"character_chosen":"IRONCLAD","items_purchased":[],"campfire_rested":0,"item_purchase_floors":[],"current_hp_per_floor":[74,48,48,41,47,53,53,0],"gold":167,"neow_bonus":"THREE_ENEMY_KILL","is_prod":false,"is_daily":false,"chose_seed":false,"campfire_upgraded":1,"win_rate":0,"timestamp":1554760234,"path_taken":["M","?","?","?","M","E","R","E"],"build_version":"2019-04-04","purchased_purges":0,"victory":false,"max_hp_per_floor":[75,75,75,75,75,75,75,75],"card_choices":[{"not_picked":["Armaments","Anger","Body Slam"],"picked":"SKIP","floor":1},{"not_picked":["Cleave","Infernal Blade","Warcry"],"picked":"Shrug It Off","floor":5},{"not_picked":["Clothesline","Iron Wave","Wild Strike","Spot Weakness"],"picked":"SKIP","floor":6}],"player_experience":1348156,"relics_obtained":[{"floor":6,"key":"Bag of Marbles"}],"event_choices":[{"damage_healed":0,"gold_gain":0,"player_choice":"Take Damage","damage_taken":26,"relics_obtained":["Golden Idol"],"max_hp_gain":0,"max_hp_loss":0,"event_name":"Golden Idol","floor":2,"gold_loss":0},{"damage_healed":0,"gold_gain":0,"player_choice":"Box","damage_taken":0,"relics_obtained":["Question Card"],"max_hp_gain":0,"max_hp_loss":0,"event_name":"Big Fish","floor":3,"gold_loss":0,"cards_obtained":["Regret"]},{"cards_removed":["Regret"],"damage_healed":0,"gold_gain":0,"player_choice":"Card Removal","damage_taken":7,"max_hp_gain":0,"max_hp_loss":0,"event_name":"Golden Wing","floor":4,"gold_loss":0}],"is_beta":true,"boss_relics":[],"items_purged_floors":[],"is_endless":false,"potions_floor_spawned":[5],"killed_by":"3 Sentries","ascension_level":20}