{"gold_per_floor":[17,17,17,17,17,17,31,75,102,102,127,127,146,71,71,160,160,181,199,199,214,232,232],"floor_reached":23,"playtime":503,"items_purged":["Strike_R"],"score":382,"play_id":"a9539861-c508-4e97-b24a-013f80c710c9","local_time":"20190418010813","is_ascension_mode":true,"campfire_choices":[{"floor":6,"key":"REST"},{"data":"Twin Strike","floor":10,"key":"SMITH"},{"data":"Pummel","floor":12,"key":"SMITH"},{"floor":15,"key":"REST"}],"neow_cost":"NO_GOLD","seed_source_timestamp":647323521798100,"circlet_count":0,"master_deck":["AscendersBane","Strike_R","Strike_R","Strike_R","Strike_R","Defend_R","Defend_R","Defend_R","Defend_R+1","Bash+1","Twin Strike+1","Injury","Pummel+1","Sword Boomerang","Demon Form","Pummel+1","Flame Barrier"],"relics":["Burning Blood","Du-Vu Doll","Golden Idol","Anchor","Paper Frog","Potion Belt","Cursed Key"],"potions_floor_usage":[16,22,23],"damage_taken":[{"damage":3,"enemies":"2 Louse","floor":1,"turns":3},{"damage":1,"enemies":"Small Slimes","floor":7,"turns":3},{"damage":32,"enemies":"Gremlin Nob","floor":8,"turns":4},{"damage":0,"enemies":"Cultist","floor":11,"turns":2},{"damage":7,"enemies":"Exordium Wildlife","floor":13,"turns":4},{"damage":30,"enemies":"Hexaghost","floor":16,"turns":7},{"damage":11,"enemies":"Spheric Guardian","floor":18,"turns":3},{"damage":18,"enemies":"Shell Parasite","floor":19,"turns":4},{"damage":24,"enemies":"3 Cultists","floor":21,"turns":4},{"damage":13,"enemies":"Snake Plant","floor":22,"turns":3},{"damage":26,"enemies":"Slavers","floor":23,"turns":2}],"seed_played":"7547572242158696824","potions_obtained":[{"floor":1,"key":"Energy Potion"},{"floor":11,"key":"Weak Potion"},{"floor":16,"key":"Strength Potion"},{"floor":19,"key":"Block Potion"},{"floor":22,"key":"PowerPotion"}],"is_trial":false,"path_per_floor":["M","?","?","?","?","R","M","E","T","R","M","R","M","$","R","B",null,"M","M","?","M","M","E"],"character_chosen":"IRONCLAD","items_purchased":[],"campfire_rested":2,"item_purchase_floors":[],"current_hp_per_floor":[71,71,48,48,41,63,68,42,42,42,48,48,47,47,69,45,68,63,51,51,33,26,0],"gold":232,"neow_bonus":"ONE_RARE_RELIC","is_prod":false,"is_daily":false,"chose_seed":false,"campfire_upgraded":2,"win_rate":0,"timestamp":1555542493,"path_taken":["M","?","?","?","?","R","M","E","T","R","M","R","M","?","R","BOSS","M","M","?","M","M","E"],"build_version":"2019-04-04","purchased_purges":1,"victory":false,"max_hp_per_floor":[75,75,75,75,75,75,75,75,75,75,75,75,75,75,75,75,75,75,75,75,75,75,75],"card_choices":[{"not_picked":["Power Through","Thunderclap"],"picked":"Twin Strike","floor":1},{"not_picked":["Evolve","Sword Boomerang"],"picked":"Pummel","floor":7},{"not_picked":["Warcry","Body Slam","Flex"],"picked":"SKIP","floor":8},{"not_picked":["Infernal Blade","Brutality","Havoc"],"picked":"SKIP","floor":11},{"not_picked":["Heavy Blade","Corruption"],"picked":"Sword Boomerang","floor":13},{"not_picked":["Impervious","Reaper"],"picked":"Demon Form","floor":16},{"not_picked":["Carnage","Havoc","Cleave"],"picked":"SKIP","floor":18},{"not_picked":["Thunderclap","Rampage","Body Slam"],"picked":"SKIP","floor":19},{"not_picked":["Perfected Strike","Havoc","Pommel Strike"],"picked":"SKIP","floor":21},{"not_picked":["Seeing Red","Perfected Strike"],"picked":"Flame Barrier","floor":22}],"player_experience":1400116,"relics_obtained":[{"floor":8,"key":"Paper Frog"},{"floor":9,"key":"Potion Belt"}],"event_choices":[{"damage_healed":0,"gold_gain":0,"player_choice":"Take Wound","damage_taken":0,"relics_obtained":["Golden Idol"],"max_hp_gain":0,"max_hp_loss":0,"event_name":"Golden Idol","floor":2,"gold_loss":0,"cards_obtained":["Injury"]},{"damage_healed":0,"gold_gain":0,"player_choice":"Entered Light","damage_taken":23,"max_hp_gain":0,"max_hp_loss":0,"event_name":"Shining Light","floor":3,"gold_loss":0,"cards_upgraded":["Bash","Defend_R"]},{"damage_healed":0,"gold_gain":0,"player_choice":"Box","damage_taken":0,"relics_obtained":["Anchor"],"max_hp_gain":0,"max_hp_loss":0,"event_name":"Big Fish","floor":4,"gold_loss":0,"cards_obtained":["Regret"]},{"cards_removed":["Regret"],"damage_healed":0,"gold_gain":0,"player_choice":"Card Removal","damage_taken":7,"max_hp_gain":0,"max_hp_loss":0,"event_name":"Golden Wing","floor":5,"gold_loss":0},{"damage_healed":0,"gold_gain":0,"player_choice":"Copied","damage_taken":0,"max_hp_gain":0,"max_hp_loss":0,"event_name":"Duplicator","floor":20,"gold_loss":0,"cards_obtained":["Pummel"]}],"is_beta":true,"boss_relics":[{"not_picked":["Eternal Feather","Black Star"],"picked":"Cursed Key"}],"items_purged_floors":[14],"is_endless":false,"potions_floor_spawned":[1,11,16,19,22],"killed_by":"Slavers","ascension_level":20}