{"gold_per_floor":[114,127,77,77,91,102,130,148,148,148,73,91,106,133,133,235,235,249,259,358,358,371,406,453,453,478,229,243,243,259,275,275,380,380,397,411,411,431,448,448,448],"floor_reached":41,"playtime":1163,"items_purged":["Pain","Strike_R"],"score":479,"play_id":"df646880-ad99-43b4-904a-02d64ca3610a","local_time":"20190305230513","is_ascension_mode":false,"campfire_choices":[{"data":"Bash","floor":10.0,"key":"SMITH"},{"data":"Demon Form","floor":15.0,"key":"SMITH"},{"floor":25.0,"key":"REST"},{"floor":32.0,"key":"REST"},{"data":"Feed","floor":40.0,"key":"SMITH"}],"neow_cost":"NONE","seed_source_timestamp":0,"circlet_count":0,"master_deck":["Strike_R","Strike_R","Strike_R","Strike_R","Defend_R","Defend_R","Defend_R","Bash+1","Cleave","Inflame","Demon Form+1","Offering","Dropkick","Inflame","Double Tap","Feed+1","Uppercut"],"special_seed":0,"relics":["Burning Blood","WarpedTongs","Regal Pillow","Meat on the Bone","Lantern","Black Star","Nloth\u0027s Gift","Blue Candle","Paper Frog","Oddly Smooth Stone","MutagenicStrength","Cursed Key"],"potions_floor_usage":[41,41],"damage_taken":[{"damage":0.0,"enemies":"Cultist","floor":1.0,"turns":1.0},{"damage":0.0,"enemies":"Small Slimes","floor":2.0,"turns":1.0},{"damage":1.0,"enemies":"Jaw Worm","floor":5.0,"turns":1.0},{"damage":14.0,"enemies":"2 Fungi Beasts","floor":6.0,"turns":4.0},{"damage":29.0,"enemies":"3 Sentries","floor":7.0,"turns":6.0},{"damage":32.0,"enemies":"Lots of Slimes","floor":8.0,"turns":5.0},{"damage":12.0,"enemies":"Exordium Thugs","floor":12.0,"turns":4.0},{"damage":2.0,"enemies":"Blue Slaver","floor":13.0,"turns":2.0},{"damage":20.0,"enemies":"Lagavulin","floor":14.0,"turns":7.0},{"damage":0.0,"enemies":"Slime Boss","floor":16.0,"turns":5.0},{"damage":34.0,"enemies":"2 Thieves","floor":18.0,"turns":4.0},{"damage":11.0,"enemies":"Spheric Guardian","floor":19.0,"turns":3.0},{"damage":17.0,"enemies":"Snecko","floor":22.0,"turns":5.0},{"damage":47.0,"enemies":"Slavers","floor":23.0,"turns":6.0},{"damage":28.0,"enemies":"Sentry and Sphere","floor":28.0,"turns":4.0},{"damage":21.0,"enemies":"Snake Plant","floor":30.0,"turns":3.0},{"damage":18.0,"enemies":"3 Cultists","floor":31.0,"turns":3.0},{"damage":55.0,"enemies":"Champ","floor":33.0,"turns":7.0},{"damage":9.0,"enemies":"3 Shapes","floor":35.0,"turns":4.0},{"damage":10.0,"enemies":"Orb Walker","floor":36.0,"turns":3.0},{"damage":32.0,"enemies":"Spire Growth","floor":38.0,"turns":3.0},{"damage":16.0,"enemies":"3 Darklings","floor":39.0,"turns":5.0},{"damage":86,"enemies":"Reptomancer","floor":41,"turns":5}],"seed_played":"-7965396634119340995","potions_obtained":[{"floor":2.0,"key":"Energy Potion"},{"floor":5.0,"key":"Energy Potion"},{"floor":8.0,"key":"LiquidBronze"},{"floor":12.0,"key":"Fire Potion"},{"floor":14.0,"key":"Strength Potion"},{"floor":16.0,"key":"Weak Potion"},{"floor":23.0,"key":"Strength Potion"},{"floor":31.0,"key":"Swift Potion"},{"floor":33.0,"key":"Swift Potion"},{"floor":36.0,"key":"Dexterity Potion"}],"is_trial":false,"path_per_floor":["M","M","?","?","M","M","E","M","T","R","$","M","M","E","R","B",null,"M","M","?","?","M","E","T","R","T","$","M","?","M","M","R","B",null,"M","M","?","M","M","R","E"],"character_chosen":"IRONCLAD","items_purchased":["Dropkick","Inflame"],"campfire_rested":2,"item_purchase_floors":[27,27],"current_hp_per_floor":[80,80,80,80,80,72,49,23,23,23,23,29,45,43,43,49,80,52,47,47,47,48,19,19,58,58,58,48,48,45,45,80,43,80,80,80,80,57,59,59,0],"gold":448,"neow_bonus":"THREE_ENEMY_KILL","is_prod":false,"is_daily":false,"chose_seed":false,"campfire_upgraded":3,"win_rate":0,"timestamp":1551823513,"path_taken":["M","M","?","?","M","M","E","M","T","R","$","?","M","E","R","BOSS","M","M","?","?","?","E","?","R","T","$","?","?","M","M","R","BOSS","M","M","?","M","M","R","E"],"build_version":"2019-02-06","purchased_purges":2,"victory":false,"max_hp_per_floor":[80,80,80,80,80,80,80,80,80,80,80,80,80,80,80,80,80,80,80,80,80,80,80,80,80,80,80,80,80,80,80,80,80,80,83,87,87,90,90,90,90],"card_choices":[{"not_picked":["Wild Strike","Sword Boomerang"],"picked":"Cleave","floor":1.0},{"not_picked":["Cleave","Clothesline","Warcry"],"picked":"SKIP","floor":2.0},{"not_picked":["True Grit","Seeing Red"],"picked":"Inflame","floor":5.0},{"not_picked":["Thunderclap","Flex"],"picked":"Demon Form","floor":6.0},{"not_picked":["Shockwave","Wild Strike","Pommel Strike"],"picked":"SKIP","floor":7.0},{"not_picked":["Hemokinesis","Clothesline","Cleave"],"picked":"SKIP","floor":8.0},{"not_picked":["Ghostly Armor","Dual Wield","Clash"],"picked":"SKIP","floor":12.0},{"not_picked":["Corruption","Rage","Thunderclap"],"picked":"SKIP","floor":13.0},{"not_picked":["True Grit","Fire Breathing","Intimidate"],"picked":"SKIP","floor":14.0},{"not_picked":["Bludgeon","Demon Form"],"picked":"Offering","floor":16.0},{"not_picked":["Anger","Flex+1","Armaments"],"picked":"SKIP","floor":18.0},{"not_picked":["Disarm","Reckless Charge","Body Slam+1"],"picked":"SKIP","floor":19.0},{"not_picked":["True Grit","Clothesline","Ghostly Armor"],"picked":"SKIP","floor":22.0},{"not_picked":["Spot Weakness+1","Clash","Perfected Strike"],"picked":"SKIP","floor":23.0},{"not_picked":["Anger","Clash"],"picked":"Double Tap","floor":28.0},{"not_picked":["Rage","Bludgeon","Perfected Strike"],"picked":"SKIP","floor":30.0},{"not_picked":["Shockwave","Bloodletting+1","Thunderclap"],"picked":"SKIP","floor":31.0},{"not_picked":["Bludgeon","Reaper"],"picked":"Feed","floor":33.0},{"not_picked":["Intimidate","Anger+1","Havoc+1"],"picked":"SKIP","floor":35.0},{"not_picked":["Cleave+1","Wild Strike+1","Ghostly Armor+1"],"picked":"SKIP","floor":36.0},{"not_picked":["Exhume","Clash"],"picked":"Uppercut","floor":38.0},{"not_picked":["Perfected Strike+1","Flex","Anger+1"],"picked":"SKIP","floor":39.0}],"player_experience":1219662,"relics_obtained":[{"floor":7.0,"key":"Regal Pillow"},{"floor":9.0,"key":"Meat on the Bone"},{"floor":14.0,"key":"Lantern"},{"floor":23.0,"key":"Blue Candle"},{"floor":23.0,"key":"Paper Frog"},{"floor":24.0,"key":"Oddly Smooth Stone"}],"event_choices":[{"cards_removed":["Defend_R"],"damage_healed":0.0,"max_hp_gain":0.0,"max_hp_loss":0.0,"gold_gain":0.0,"event_name":"The Cleric","player_choice":"Card Removal","floor":3.0,"gold_loss":50.0,"damage_taken":0.0},{"damage_healed":0.0,"max_hp_gain":0.0,"max_hp_loss":0.0,"gold_gain":0.0,"event_name":"Accursed Blacksmith","player_choice":"Rummage","floor":4.0,"gold_loss":0.0,"damage_taken":0.0,"relics_obtained":["WarpedTongs"],"cards_obtained":["Pain"]},{"damage_healed":0.0,"max_hp_gain":0.0,"max_hp_loss":0.0,"gold_gain":99.0,"event_name":"Nest","player_choice":"Stole From Cult","floor":20.0,"gold_loss":0.0,"damage_taken":0.0},{"damage_healed":0.0,"max_hp_gain":0.0,"max_hp_loss":0.0,"gold_gain":0.0,"event_name":"N\u0027loth","player_choice":"Traded Relic","floor":21.0,"relics_lost":["NeowsBlessing"],"gold_loss":0.0,"damage_taken":0.0,"relics_obtained":["Nloth\u0027s Gift"]},{"damage_healed":0.0,"max_hp_gain":0.0,"max_hp_loss":0.0,"gold_gain":0.0,"event_name":"Drug Dealer","player_choice":"Inject Mutagens","floor":29.0,"gold_loss":0.0,"damage_taken":0.0,"relics_obtained":["MutagenicStrength"]},{"damage_healed":0.0,"max_hp_gain":0.0,"max_hp_loss":0.0,"gold_gain":0.0,"event_name":"Tomb of Lord Red Mask","player_choice":"Ignored","floor":37.0,"gold_loss":0.0,"damage_taken":0.0}],"is_beta":true,"boss_relics":[{"not_picked":["Coffee Dripper","Pandora\u0027s Box"],"picked":"Black Star"},{"not_picked":["Philosopher\u0027s Stone","Snecko Eye"],"picked":"Cursed Key"}],"items_purged_floors":[11,27],"is_endless":false,"potions_floor_spawned":[2,5,8,12,14,16,18,23,31,33,35,36,39],"killed_by":"Reptomancer","ascension_level":0}