{"gold_per_floor":[131,143,155,167,194,206,229,274,286,298,326,338,625,651,663,752,764,790,295,295,295,309,309,309,309,309,343,355,355,355,57,57,57],"floor_reached":33,"playtime":728,"items_purged":["Regret","Writhe"],"score":522,"play_id":"27108c1b-7770-4197-a375-370dbb464ac4","local_time":"20190426212526","is_ascension_mode":true,"campfire_choices":[{"data":"Bash","floor":6,"key":"SMITH"},{"floor":10,"key":"REST"},{"floor":12,"key":"REST"},{"data":"Limit Break","floor":15,"key":"SMITH"},{"data":"Seeing Red","floor":23,"key":"SMITH"},{"floor":25,"key":"REST"},{"floor":30,"key":"RECALL"},{"data":"Shrug It Off","floor":32,"key":"SMITH"}],"neow_cost":"NONE","seed_source_timestamp":1411392014346400,"circlet_count":0,"master_deck":["AscendersBane","Strike_R","Strike_R","Defend_R","Defend_R","Bash+1","Limit Break+1","Blood for Blood+1","Immolate+1","Limit Break+1","Armaments+1","Sentinel+1","Twin Strike+1","Shrug It Off+1","Seeing Red+1","Heavy Blade+1","Shrug It Off"],"relics":["Burning Blood","MawBank","Ice Cream","Mercury Hourglass","Astrolabe","Regal Pillow","Sling","MutagenicStrength","Bag of Marbles","Ancient Tea Set","Membership Card"],"potions_floor_usage":[8,16,28],"damage_taken":[{"damage":19,"enemies":"Small Slimes","floor":1,"turns":4},{"damage":9,"enemies":"Jaw Worm","floor":5,"turns":4},{"damage":1,"enemies":"Cultist","floor":7,"turns":3},{"damage":44,"enemies":"Lagavulin","floor":8,"turns":6},{"damage":1,"enemies":"2 Fungi Beasts","floor":11,"turns":3},{"damage":11,"enemies":"Red Slaver","floor":14,"turns":4},{"damage":32,"enemies":"The Guardian","floor":16,"turns":8},{"damage":28,"enemies":"Chosen","floor":18,"turns":5},{"damage":3,"enemies":"Spheric Guardian","floor":22,"turns":3},{"damage":18,"enemies":"Gremlin Leader","floor":27,"turns":2},{"damage":23,"enemies":"Centurion and Healer","floor":28,"turns":6},{"damage":42,"enemies":"Collector","floor":33,"turns":5}],"seed_played":"1193321495453405322","potions_obtained":[{"floor":5,"key":"FearPotion"},{"floor":7,"key":"Strength Potion"},{"floor":11,"key":"Weak Potion"},{"floor":18,"key":"Regen Potion"}],"is_trial":false,"path_per_floor":["M","?","?","$","M","R","M","E","T","R","M","R","?","M","R","B",null,"M","$","?","?","M","R","?","R","T","E","M","?","R","$","R","B"],"character_chosen":"IRONCLAD","items_purchased":["Shrug It Off","Regal Pillow","Sling","Membership Card","Shrug It Off"],"campfire_rested":3,"item_purchase_floors":[19,19,19,31,31],"current_hp_per_floor":[55,48,48,48,45,45,50,12,12,34,39,61,61,56,56,30,64,42,42,42,42,45,45,45,75,75,63,61,61,61,61,61,19],"gold":57,"neow_bonus":"RANDOM_COMMON_RELIC","is_prod":false,"is_daily":false,"chose_seed":false,"campfire_upgraded":4,"win_rate":0,"timestamp":1556306726,"path_taken":["M","?","?","$","M","R","M","E","T","R","?","R","?","?","R","BOSS","M","$","?","?","?","R","?","R","T","E","?","?","R","$","R","BOSS"],"build_version":"2019-04-23","purchased_purges":2,"victory":false,"max_hp_per_floor":[75,75,75,75,75,75,75,75,75,75,75,75,75,75,75,75,75,75,75,75,75,75,75,75,75,75,75,75,75,75,75,75,75],"card_choices":[{"not_picked":["Cleave","Reckless Charge","Power Through"],"picked":"SKIP","floor":1},{"not_picked":["Cleave","Reckless Charge","Power Through"],"picked":"SKIP","floor":1},{"not_picked":["Cleave","Sentinel","Fire Breathing"],"picked":"SKIP","floor":5},{"not_picked":["Anger","Fire Breathing","Armaments"],"picked":"SKIP","floor":7},{"not_picked":["Power Through","Pommel Strike"],"picked":"Limit Break","floor":8},{"not_picked":["Bloodletting","Evolve","Combust"],"picked":"SKIP","floor":11},{"not_picked":["Headbutt","Blood for Blood","Warcry"],"picked":"SKIP","floor":14},{"not_picked":["Headbutt","Warcry"],"picked":"Blood for Blood","floor":14},{"not_picked":["Offering","Bludgeon"],"picked":"Immolate","floor":16},{"not_picked":["Wild Strike","Sentinel"],"picked":"Twin Strike+1","floor":18},{"not_picked":["Sword Boomerang","Wild Strike"],"picked":"Seeing Red","floor":22},{"not_picked":["Disarm","Flex+1","Brutality"],"picked":"SKIP","floor":27},{"not_picked":["Dropkick","Sword Boomerang"],"picked":"Heavy Blade+1","floor":28}],"player_experience":1412179,"relics_obtained":[{"floor":8,"key":"Ice Cream"},{"floor":9,"key":"Mercury Hourglass"},{"floor":27,"key":"Bag of Marbles"}],"event_choices":[{"cards_removed":["Strike_R"],"damage_healed":0,"gold_gain":0,"player_choice":"Card Removal","damage_taken":7,"max_hp_gain":0,"max_hp_loss":0,"event_name":"Golden Wing","floor":2,"gold_loss":0},{"cards_removed":["Defend_R"],"damage_healed":0,"gold_gain":0,"player_choice":"Card Removal","damage_taken":0,"max_hp_gain":0,"max_hp_loss":0,"event_name":"Wheel of Change","floor":3,"gold_loss":0},{"damage_healed":0,"gold_gain":275,"player_choice":"Desecrate","damage_taken":0,"max_hp_gain":0,"max_hp_loss":0,"event_name":"Golden Shrine","floor":13,"gold_loss":0,"cards_obtained":["Regret"]},{"damage_healed":0,"gold_gain":0,"player_choice":"Inject Mutagens","damage_taken":0,"relics_obtained":["MutagenicStrength"],"max_hp_gain":0,"max_hp_loss":0,"event_name":"Drug Dealer","floor":20,"gold_loss":0},{"damage_healed":0,"gold_gain":0,"player_choice":"Upgraded","damage_taken":0,"max_hp_gain":0,"max_hp_loss":0,"event_name":"Upgrade Shrine","floor":21,"gold_loss":0,"cards_upgraded":["Immolate"]},{"damage_healed":0,"gold_gain":0,"player_choice":"Forge","damage_taken":0,"max_hp_gain":0,"max_hp_loss":0,"event_name":"Accursed Blacksmith","floor":24,"gold_loss":0,"cards_upgraded":["Blood for Blood"]},{"damage_healed":0,"gold_gain":0,"player_choice":"Opened","damage_taken":0,"relics_obtained":["Ancient Tea Set"],"max_hp_gain":0,"max_hp_loss":0,"event_name":"The Mausoleum","floor":29,"gold_loss":0,"cards_obtained":["Writhe"]}],"is_beta":true,"boss_relics":[{"not_picked":["Black Blood","Runic Cube"],"picked":"Astrolabe"}],"items_purged_floors":[19,31],"is_endless":false,"potions_floor_spawned":[5,7,11,18],"killed_by":"Collector","ascension_level":20}