{"gold_per_floor":[119,131,131,151,76,76,108,118,143,143,143,162,194,181,181,181],"floor_reached":16,"playtime":495,"items_purged":["Defend_R"],"score":112,"play_id":"66ca07c4-62c5-49b3-a63b-230569490dc5","local_time":"20190301001615","is_ascension_mode":false,"campfire_choices":[{"data":"Bash","floor":6,"key":"SMITH"},{"floor":10,"key":"REST"},{"floor":15,"key":"REST"}],"neow_cost":"PERCENT_DAMAGE","seed_source_timestamp":778471650436300,"circlet_count":0,"master_deck":["Strike_R","Strike_R","Strike_R","Strike_R","Strike_R","Defend_R","Defend_R","Defend_R","Bash+1","Shrug It Off","Whirlwind","Regret","Shrug It Off"],"relics":["Burning Blood","WingedGreaves","Potion Belt","Ancient Tea Set","Lantern","Unceasing Top"],"potions_floor_usage":[16,16,16],"damage_taken":[{"damage":0,"enemies":"Small Slimes","floor":1,"turns":3},{"damage":6,"enemies":"Cultist","floor":2,"turns":3},{"damage":6,"enemies":"Jaw Worm","floor":4,"turns":4},{"damage":57,"enemies":"Lagavulin","floor":7,"turns":10},{"damage":0,"enemies":"Large Slime","floor":8,"turns":5},{"damage":0,"enemies":"3 Louse","floor":12,"turns":1},{"damage":34,"enemies":"3 Sentries","floor":13,"turns":6},{"damage":13,"enemies":"Exordium Thugs","floor":14,"turns":4},{"damage":47,"enemies":"Hexaghost","floor":16,"turns":9}],"seed_played":"1639868110810059747","potions_obtained":[{"floor":1,"key":"Weak Potion"},{"floor":3,"key":"FairyPotion"},{"floor":3,"key":"FairyPotion"},{"floor":3,"key":"Dexterity Potion"},{"floor":12,"key":"Strength Potion"},{"floor":14,"key":"Fire Potion"}],"is_trial":false,"path_per_floor":["M","M","?","M","$","R","E","M","T","R","?","M","E","M","R","B"],"character_chosen":"IRONCLAD","items_purchased":[],"campfire_rested":2,"item_purchase_floors":[],"current_hp_per_floor":[62,62,62,62,62,62,11,17,17,41,41,47,19,12,36,0],"gold":181,"neow_bonus":"ONE_RARE_RELIC","is_prod":false,"is_daily":false,"chose_seed":false,"campfire_upgraded":1,"win_rate":0,"timestamp":1551395775,"path_taken":["M","M","?","M","?","R","E","M","T","R","?","M","E","M","R","BOSS"],"build_version":"2019-02-06","purchased_purges":1,"victory":false,"max_hp_per_floor":[80,80,80,80,80,80,80,80,80,80,80,80,80,80,80,80],"card_choices":[{"not_picked":["Blood for Blood","Fire Breathing"],"picked":"Shrug It Off","floor":1},{"not_picked":["Shockwave","Evolve","Clothesline"],"picked":"SKIP","floor":2},{"not_picked":["Rage","Iron Wave","Sever Soul"],"picked":"SKIP","floor":4},{"not_picked":["Blood for Blood","Seeing Red","Exhume"],"picked":"SKIP","floor":7},{"not_picked":["Armaments","Corruption"],"picked":"Whirlwind","floor":8},{"not_picked":["Shrug It Off","Clash","Anger"],"picked":"SKIP","floor":12},{"not_picked":["Clash","Anger"],"picked":"Shrug It Off","floor":12},{"not_picked":["True Grit","Entrench","Ghostly Armor"],"picked":"SKIP","floor":13},{"not_picked":["Iron Wave","Armaments","Clash"],"picked":"SKIP","floor":14}],"player_experience":1201452,"relics_obtained":[{"floor":7,"key":"Potion Belt"},{"floor":9,"key":"Ancient Tea Set"},{"floor":13,"key":"Unceasing Top"}],"event_choices":[{"damage_healed":0,"gold_gain":0,"player_choice":"Got Potions","damage_taken":0,"max_hp_gain":0,"max_hp_loss":0,"event_name":"Lab","floor":3,"gold_loss":0},{"damage_healed":0,"gold_gain":0,"player_choice":"Box","damage_taken":0,"relics_obtained":["Lantern"],"max_hp_gain":0,"max_hp_loss":0,"event_name":"Big Fish","floor":11,"gold_loss":0,"cards_obtained":["Regret"]}],"is_beta":true,"boss_relics":[],"items_purged_floors":[5],"is_endless":false,"potions_floor_spawned":[1,12,14],"killed_by":"Hexaghost","ascension_level":0}