{"gold_per_floor":[109,109,127,52,2,30,30,65,65,81,81,116,116,126,126,126],"floor_reached":16,"playtime":999,"items_purged":["Strike_B"],"score":177,"play_id":"df650fbd-bbb2-457d-8a6d-45fa85d53019","local_time":"20190501212258","is_ascension_mode":true,"campfire_choices":[{"data":"Loop","floor":7,"key":"SMITH"},{"data":"Hologram","floor":11,"key":"SMITH"},{"data":"Dualcast","floor":13,"key":"PURGE"},{"data":"Zap","floor":15,"key":"PURGE"}],"neow_cost":"NONE","seed_source_timestamp":306640733180065,"circlet_count":0,"master_deck":["AscendersBane","Defend_B","Defend_B","Defend_B","Defend_B","Ball Lightning","Cold Snap","Loop+1","Core Surge","Hologram+1","Coolheaded"],"relics":["Cracked Core","Bird Faced Urn","Girya","The Courier","Peace Pipe"],"potions_floor_usage":[16,16],"damage_taken":[{"damage":3,"enemies":"Jaw Worm","floor":1,"turns":4},{"damage":1,"enemies":"Cultist","floor":3,"turns":3},{"damage":20,"enemies":"Gremlin Nob","floor":6,"turns":4},{"damage":17,"enemies":"3 Sentries","floor":8,"turns":8},{"damage":0,"enemies":"2 Louse","floor":10,"turns":2},{"damage":20,"enemies":"Lagavulin","floor":12,"turns":5},{"damage":0,"enemies":"2 Fungi Beasts","floor":14,"turns":3},{"damage":18,"enemies":"Hexaghost","floor":16,"turns":9}],"seed_played":"1108623107218283311","potions_obtained":[{"floor":8,"key":"Strength Potion"},{"floor":12,"key":"Weak Potion"},{"floor":14,"key":"Ancient Potion"}],"is_trial":false,"path_per_floor":["M","?","M","$","?","E","R","E","T","M","R","E","R","M","R","B"],"character_chosen":"DEFECT","items_purchased":[],"campfire_rested":0,"item_purchase_floors":[],"current_hp_per_floor":[65,65,64,64,64,44,44,29,29,31,31,13,13,13,13,0],"gold":126,"neow_bonus":"REMOVE_CARD","is_prod":false,"is_daily":false,"chose_seed":false,"campfire_upgraded":2,"win_rate":0,"timestamp":1556781778,"path_taken":["M","?","?","?","?","E","R","E","T","M","R","E","R","M","R","BOSS"],"build_version":"2019-01-23","purchased_purges":1,"victory":false,"max_hp_per_floor":[75,75,75,75,75,75,75,75,75,75,75,75,75,75,75,75],"card_choices":[{"not_picked":["Steam","Scrape"],"picked":"Ball Lightning","floor":1},{"not_picked":["Go for the Eyes","Recycle"],"picked":"Cold Snap","floor":3},{"not_picked":["Stack","Leap"],"picked":"Loop","floor":6},{"not_picked":["Blizzard","Lockon"],"picked":"Core Surge","floor":8},{"not_picked":["Go for the Eyes","Rebound"],"picked":"Hologram","floor":10},{"not_picked":["Hologram","Genetic Algorithm","Skim"],"picked":"SKIP","floor":12},{"not_picked":["Leap","Lockon"],"picked":"Coolheaded","floor":14}],"player_experience":385147,"relics_obtained":[{"floor":6,"key":"Bird Faced Urn"},{"floor":8,"key":"Girya"},{"floor":9,"key":"The Courier"},{"floor":12,"key":"Peace Pipe"}],"event_choices":[{"cards_removed":["Strike_B"],"damage_healed":0,"gold_gain":0,"player_choice":"Offered Basic","damage_taken":0,"max_hp_gain":0,"max_hp_loss":0,"event_name":"Bonfire Elementals","floor":2,"gold_loss":0},{"cards_removed":["Strike_B"],"damage_healed":0,"gold_gain":0,"player_choice":"Card Removal","damage_taken":0,"max_hp_gain":0,"max_hp_loss":0,"event_name":"The Cleric","floor":5,"gold_loss":50}],"is_beta":false,"boss_relics":[],"items_purged_floors":[4],"is_endless":false,"potions_floor_spawned":[8,12,14],"killed_by":"Hexaghost","ascension_level":10}