{"gold_per_floor":[363,363,363,380,440,467,467,486,537,123,123,156,281,301,301,380,380,399,449,135,185,251,251,285,285,285,317,317,333,208,226,226,305,355,365,208,258,308,323,323,339,471,471,491,560,610,629,645,645,645],"floor_reached":50,"playtime":1566,"items_purged":["Strike_R","Defend_R","Strike_R"],"score":1009,"play_id":"1f0e1883-a540-4949-bd34-c2582fc4d00a","local_time":"20190322233149","is_ascension_mode":true,"campfire_choices":[{"floor":7,"key":"REST"},{"data":"Inflame","floor":11,"key":"SMITH"},{"data":"Heavy Blade","floor":15,"key":"SMITH"},{"floor":23,"key":"REST"},{"floor":25,"key":"REST"},{"floor":28,"key":"REST"},{"floor":32,"key":"REST"},{"floor":40,"key":"REST"},{"floor":49,"key":"RECALL"}],"neow_cost":"PERCENT_DAMAGE","seed_source_timestamp":169026502113500,"circlet_count":0,"master_deck":["AscendersBane","Strike_R","Strike_R","Defend_R","Defend_R","Defend_R","Bash+1","Heavy Blade+1","Thunderclap","Inflame+1","Sword Boomerang","Immolate","Shrug It Off","Warcry+1","Dropkick","Reaper+1","Offering","Flame Barrier","Parasite","Inflame"],"relics":["Burning Blood","SsserpentHead","Paper Frog","Red Skull","Lee\u0027s Waffle","Dream Catcher","Sozu","Anchor","Dead Branch","Bag of Marbles","Tiny House","Meat on the Bone","Smiling Mask"],"potions_floor_usage":[6,14,16],"damage_taken":[{"damage":6,"enemies":"Cultist","floor":1,"turns":3},{"damage":18,"enemies":"Small Slimes","floor":4,"turns":5},{"damage":4,"enemies":"Jaw Worm","floor":5,"turns":4},{"damage":35,"enemies":"3 Sentries","floor":6,"turns":8},{"damage":20,"enemies":"Large Slime","floor":8,"turns":9},{"damage":8,"enemies":"Gremlin Nob","floor":12,"turns":3},{"damage":4,"enemies":"Red Slaver","floor":14,"turns":3},{"damage":61,"enemies":"Hexaghost","floor":16,"turns":5},{"damage":28,"enemies":"2 Thieves","floor":18,"turns":3},{"damage":0,"enemies":"Chosen","floor":22,"turns":3},{"damage":33,"enemies":"Gremlin Leader","floor":24,"turns":5},{"damage":37,"enemies":"Book of Stabbing","floor":27,"turns":4},{"damage":0,"enemies":"Snake Plant","floor":29,"turns":2},{"damage":13,"enemies":"Centurion and Healer","floor":31,"turns":3},{"damage":24,"enemies":"Collector","floor":33,"turns":5},{"damage":67,"enemies":"3 Shapes","floor":35,"turns":7},{"damage":21,"enemies":"3 Darklings","floor":39,"turns":4},{"damage":27,"enemies":"Spire Growth","floor":41,"turns":3},{"damage":63,"enemies":"Maw","floor":44,"turns":6},{"damage":42,"enemies":"Sphere and 2 Shapes","floor":45,"turns":3},{"damage":38,"enemies":"Spire Growth","floor":47,"turns":3},{"damage":29,"enemies":"Writhing Mass","floor":48,"turns":8},{"damage":70,"enemies":"Awakened One","floor":50,"turns":6}],"seed_played":"6381997923628547030","potions_obtained":[{"floor":1,"key":"Explosive Potion"},{"floor":6,"key":"LiquidBronze"},{"floor":8,"key":"BloodPotion"}],"is_trial":false,"path_per_floor":["M","?","?","M","M","E","R","M","T","$","R","E","?","M","R","B",null,"M","?","$","?","M","R","E","R","T","E","R","M","$","M","R","B",null,"M","$","?","?","M","R","M","T","T","M","M","?","M","M","R","B"],"character_chosen":"IRONCLAD","items_purchased":["Lee\u0027s Waffle","Inflame","Sword Boomerang","Shrug It Off","Anchor","Offering"],"campfire_rested":6,"item_purchase_floors":[10,10,10,20,20,36],"current_hp_per_floor":[50,50,50,38,40,11,33,19,19,82,82,80,69,79,79,24,68,46,22,22,22,28,54,27,53,53,22,48,54,54,47,73,55,84,61,61,61,61,55,82,75,75,75,40,44,44,43,46,46,0],"gold":645,"neow_bonus":"TWO_FIFTY_GOLD","is_prod":false,"is_daily":false,"chose_seed":false,"campfire_upgraded":2,"win_rate":0,"timestamp":1553293909,"path_taken":["M","?","?","M","?","E","R","M","T","$","R","E","?","M","R","BOSS","M","?","$","?","?","R","E","R","T","E","R","M","$","M","R","BOSS","M","$","?","?","M","R","M","?","T","M","?","?","M","M","R","BOSS"],"build_version":"2019-03-15","purchased_purges":3,"victory":false,"max_hp_per_floor":[75,75,75,75,75,75,75,75,75,82,82,82,82,82,82,82,82,82,87,87,87,87,87,87,87,87,87,87,87,87,87,87,87,92,92,92,92,92,92,92,92,92,92,92,92,87,87,87,87,87],"card_choices":[{"not_picked":["Evolve","Fire Breathing","Body Slam"],"picked":"SKIP","floor":1},{"not_picked":["Cleave","Whirlwind","Armaments"],"picked":"SKIP","floor":4},{"not_picked":["True Grit","Rage"],"picked":"Heavy Blade","floor":5},{"not_picked":["Dual Wield","Dark Embrace","Heavy Blade"],"picked":"SKIP","floor":6},{"not_picked":["Perfected Strike","Fire Breathing"],"picked":"Thunderclap","floor":8},{"not_picked":["Heavy Blade","Clothesline","Dark Embrace"],"picked":"SKIP","floor":12},{"not_picked":["Sentinel","Metallicize","Heavy Blade"],"picked":"SKIP","floor":14},{"not_picked":["Reaper","Exhume"],"picked":"Immolate","floor":16},{"not_picked":["Wild Strike","Body Slam","Armaments"],"picked":"SKIP","floor":18},{"not_picked":["Bloodletting","Shockwave+1","True Grit"],"picked":"SKIP","floor":22},{"not_picked":["Feel No Pain","Brutality"],"picked":"Warcry+1","floor":23},{"not_picked":["Headbutt","Anger","Clothesline"],"picked":"SKIP","floor":24},{"not_picked":["Body Slam","Wild Strike+1"],"picked":"Dropkick","floor":25},{"not_picked":["Heavy Blade","Headbutt","Body Slam"],"picked":"SKIP","floor":27},{"not_picked":["Fire Breathing","Pommel Strike","Body Slam"],"picked":"SKIP","floor":29},{"not_picked":["Infernal Blade","Clothesline","Cleave"],"picked":"SKIP","floor":31},{"not_picked":["Fiend Fire","Immolate"],"picked":"Reaper","floor":33},{"not_picked":["Power Through","Heavy Blade+1","Entrench+1"],"picked":"SKIP","floor":35},{"not_picked":["Rage","Armaments","Battle Trance"],"picked":"SKIP","floor":39},{"not_picked":["Clash","Reckless Charge","Ghostly Armor"],"picked":"SKIP","floor":41},{"not_picked":["Flame Barrier","Twin Strike","Metallicize"],"picked":"SKIP","floor":44},{"not_picked":["Twin Strike","Metallicize"],"picked":"Flame Barrier","floor":44},{"not_picked":["Headbutt","Twin Strike","Perfected Strike"],"picked":"SKIP","floor":45},{"not_picked":["Sentinel","Flex","Armaments"],"picked":"SKIP","floor":47},{"not_picked":["Clash","Thunderclap+1"],"picked":"Inflame","floor":48}],"player_experience":1273529,"relics_obtained":[{"floor":6,"key":"Paper Frog"},{"floor":9,"key":"Red Skull"},{"floor":12,"key":"Dream Catcher"},{"floor":24,"key":"Dead Branch"},{"floor":27,"key":"Bag of Marbles"},{"floor":42,"key":"Meat on the Bone"},{"floor":43,"key":"Smiling Mask"}],"event_choices":[{"damage_healed":0,"gold_gain":0,"player_choice":"Grow","damage_taken":0,"max_hp_gain":0,"max_hp_loss":0,"event_name":"Living Wall","floor":2,"gold_loss":0,"cards_upgraded":["Bash"]},{"damage_healed":0,"gold_gain":0,"player_choice":"Trade","damage_taken":0,"relics_obtained":["SsserpentHead"],"max_hp_gain":0,"max_hp_loss":0,"event_name":"FaceTrader","floor":3,"gold_loss":0},{"damage_healed":0,"gold_gain":75,"player_choice":"Gather Gold","damage_taken":11,"max_hp_gain":0,"max_hp_loss":0,"event_name":"World of Goop","floor":13,"gold_loss":0},{"damage_healed":0,"gold_gain":0,"player_choice":"Shed Blood","damage_taken":29,"max_hp_gain":5,"max_hp_loss":0,"event_name":"Forgotten Altar","floor":19,"gold_loss":0},{"damage_healed":0,"gold_gain":0,"player_choice":"Ignored","damage_taken":0,"max_hp_gain":0,"max_hp_loss":0,"event_name":"N\u0027loth","floor":21,"gold_loss":0},{"cards_removed":["Strike_R"],"damage_healed":0,"gold_gain":0,"player_choice":"Removed Attack","damage_taken":0,"max_hp_gain":0,"max_hp_loss":0,"event_name":"Falling","floor":37,"gold_loss":0},{"damage_healed":0,"gold_gain":0,"player_choice":"Ignored","damage_taken":0,"max_hp_gain":0,"max_hp_loss":0,"event_name":"Mysterious Sphere","floor":38,"gold_loss":0},{"damage_healed":0,"gold_gain":0,"player_choice":"Max HP","damage_taken":0,"max_hp_gain":0,"max_hp_loss":5,"event_name":"Winding Halls","floor":46,"gold_loss":0}],"is_beta":true,"boss_relics":[{"not_picked":["White Beast Statue","Fusion Hammer"],"picked":"Sozu"},{"not_picked":["Runic Pyramid","Philosopher\u0027s Stone"],"picked":"Tiny House"}],"items_purged_floors":[10,20,30],"is_endless":false,"potions_floor_spawned":[1,6,8,27,33,44,45,47],"killed_by":"Awakened One","ascension_level":20}