{"gold_per_floor":[119,119,132,152,7,38,51,51,51,126,138,155,169,186,186,287,287,307,94,126,145,155,155],"floor_reached":23,"playtime":1587,"items_purged":["Strike_G"],"score":256,"play_id":"45b0c5f2-2eeb-4d99-9e07-df02a19ae22a","local_time":"20180917011837","is_ascension_mode":true,"campfire_choices":[{"data":"Blur","floor":8,"key":"SMITH"},{"floor":15,"key":"REST"}],"neow_cost":"","seed_source_timestamp":9638025432000,"circlet_count":0,"master_deck":["Defend_G","Defend_G","Defend_G","Defend_G","Defend_G","Strike_G","Strike_G","Strike_G","Strike_G","Survivor","Neutralize","Blur+1","Dagger Throw","Cloak And Dagger","Backflip","Dash","Venomology+1","Cloak And Dagger+1","PiercingWail+1","Malaise+1","Accuracy","Swift Strike","Escape Plan+1","Cloak And Dagger+1"],"relics":["Ring of the Snake","Happy Flower","Pen Nib","Torii","Toxic Egg 2","WristBlade","Red Mask"],"potions_floor_usage":[6,11,14,16,16,20,20,22,23,23],"damage_taken":[{"damage":1,"enemies":"Jaw Worm","floor":1,"turns":4},{"damage":2,"enemies":"Small Slimes","floor":3,"turns":4},{"damage":1,"enemies":"Cultist","floor":4,"turns":5},{"damage":31,"enemies":"Lagavulin","floor":6,"turns":7},{"damage":0,"enemies":"Blue Slaver","floor":7,"turns":5},{"damage":0,"enemies":"Large Slime","floor":11,"turns":6},{"damage":14,"enemies":"Exordium Thugs","floor":12,"turns":5},{"damage":0,"enemies":"Red Slaver","floor":13,"turns":4},{"damage":0,"enemies":"Large Slime","floor":14,"turns":7},{"damage":17,"enemies":"Slime Boss","floor":16,"turns":15},{"damage":7,"enemies":"Shell Parasite","floor":18,"turns":6},{"damage":7,"enemies":"Masked Bandits","floor":20,"turns":7},{"damage":1,"enemies":"3 Byrds","floor":21,"turns":7},{"damage":18,"enemies":"Snecko","floor":22,"turns":8},{"damage":23,"enemies":"Slavers","floor":23,"turns":5}],"seed_played":"-3892270023122588827","potions_obtained":[{"floor":1,"key":"Poison Potion"},{"floor":7,"key":"Regen Potion"},{"floor":12,"key":"Energy Potion"},{"floor":13,"key":"GamblersBrew"},{"floor":14,"key":"GhostInAJar"},{"floor":20,"key":"Ancient Potion"}],"is_trial":false,"path_per_floor":["M","?","M","M","$","E","M","R","T","?","M","M","M","M","R","B",null,"M","$","?","M","M"],"character_chosen":"THE_SILENT","items_purchased":["Pen Nib","Accuracy","Swift Strike"],"campfire_rested":1,"item_purchase_floors":[5,19,19],"current_hp_per_floor":[62,55,53,52,52,21,21,21,21,10,25,11,11,11,32,15,56,49,49,42,41,23,0],"gold":155,"neow_bonus":"","is_prod":false,"is_daily":false,"chose_seed":false,"campfire_upgraded":1,"win_rate":0,"timestamp":1537172317,"path_taken":["M","?","M","M","?","E","M","R","T","?","M","M","M","M","R","BOSS","M","$","?","?","M","E"],"build_version":"2018-09-12","purchased_purges":1,"victory":false,"max_hp_per_floor":[70,70,70,70,70,70,70,70,70,70,70,70,70,70,70,70,70,70,70,70,70,70,70],"card_choices":[{"not_picked":["Finisher","Deadly Poison","Underhanded Strike"],"picked":"SKIP","floor":1},{"not_picked":["Sucker Punch","Terror"],"picked":"Blur","floor":3},{"not_picked":["Bane","Catalyst"],"picked":"Dagger Throw","floor":4},{"not_picked":["Dagger Throw","Slice"],"picked":"Cloak And Dagger","floor":6},{"not_picked":["PiercingWail","Blade Dance"],"picked":"Backflip","floor":7},{"not_picked":["Catalyst+1","Acrobatics+1"],"picked":"Dash","floor":11},{"not_picked":["Deflect+1","Cloak And Dagger+1"],"picked":"Venomology+1","floor":12},{"not_picked":["Acrobatics+1","Heel Hook"],"picked":"Cloak And Dagger+1","floor":13},{"not_picked":["Slice","Outmaneuver+1"],"picked":"PiercingWail+1","floor":14},{"not_picked":["Glass Knife","Wraith Form v2"],"picked":"Malaise+1","floor":16},{"not_picked":["Well Laid Plans","Riddle With Holes","Quick Slash+1"],"picked":"SKIP","floor":18},{"not_picked":["Deadly Poison+1","Outmaneuver+1"],"picked":"Escape Plan+1","floor":21},{"not_picked":["Outmaneuver+1","Dagger Throw+1"],"picked":"Cloak And Dagger+1","floor":22}],"player_experience":292751,"relics_obtained":[{"floor":6,"key":"Torii"},{"floor":9,"key":"Toxic Egg 2"},{"floor":20,"key":"Red Mask"}],"event_choices":[{"event_name":"Scrap Ooze","player_choice":"success","floor":2,"damage_taken":7},{"event_name":"World of Goop","player_choice":"Gather Gold","floor":10,"damage_taken":0},{"event_name":"Masked Bandits","player_choice":"Fought Bandits","floor":20,"damage_taken":0}],"is_beta":true,"boss_relics":[{"not_picked":["White Beast Statue","Empty Cage"],"picked":"WristBlade"}],"items_purged_floors":[19],"is_endless":false,"potions_floor_spawned":[1,7,12,13,14,20],"killed_by":"Slavers","ascension_level":6}