{"gold_per_floor":[12,112,131,142,153,153,183,183,183,82,82,107,124,139,139,240,240,253,23,33,132,151,151,76,95,95,95,107,122,122,134,134,233,233,248,260,260,260,260,293,307,318,318,334,334,368,379,396,396,396],"floor_reached":51,"playtime":1707,"items_purged":["Defend_R"],"score":925,"play_id":"84837067-fac8-4399-9c50-5a401bd37161","local_time":"20190218225842","is_ascension_mode":false,"campfire_choices":[{"data":"Bash","floor":6,"key":"SMITH"},{"data":"Cleave","floor":8,"key":"SMITH"},{"floor":15,"key":"REST"},{"data":"Strike_R","floor":23,"key":"PURGE"},{"data":"Disarm","floor":27,"key":"PURGE"},{"data":"Strike_R","floor":30,"key":"PURGE"},{"data":"Double Tap","floor":32,"key":"PURGE"},{"data":"Dropkick","floor":49,"key":"SMITH"}],"neow_cost":"NO_GOLD","seed_source_timestamp":154129890138400,"circlet_count":0,"master_deck":["Bash+1","Cleave+1","Shrug It Off","Dropkick+1","Dropkick+1"],"relics":["Burning Blood","The Courier","Self Forming Clay","Matryoshka","Empty Cage","Peace Pipe","Singing Bowl","Omamori","Cursed Key","Art of War","Blue Candle","Unceasing Top","FaceOfCleric","Dream Catcher"],"potions_floor_usage":[12,14,28,29,33,33,33,44,48,50],"damage_taken":[{"damage":0,"enemies":"2 Louse","floor":1,"turns":2},{"damage":0,"enemies":"Cultist","floor":3,"turns":2},{"damage":0,"enemies":"Small Slimes","floor":4,"turns":3},{"damage":33,"enemies":"Exordium Thugs","floor":5,"turns":5},{"damage":36,"enemies":"Lagavulin","floor":7,"turns":6},{"damage":29,"enemies":"3 Sentries","floor":12,"turns":7},{"damage":0,"enemies":"3 Louse","floor":13,"turns":2},{"damage":11,"enemies":"Red Slaver","floor":14,"turns":2},{"damage":28,"enemies":"The Guardian","floor":16,"turns":14},{"damage":10,"enemies":"Shell Parasite","floor":18,"turns":8},{"damage":2,"enemies":"Chosen","floor":20,"turns":4},{"damage":22,"enemies":"3 Cultists","floor":22,"turns":4},{"damage":18,"enemies":"Shelled Parasite and Fungi","floor":25,"turns":3},{"damage":19,"enemies":"Snecko","floor":28,"turns":4},{"damage":1,"enemies":"Snake Plant","floor":29,"turns":3},{"damage":2,"enemies":"Cultist and Chosen","floor":31,"turns":4},{"damage":22,"enemies":"Automaton","floor":33,"turns":4},{"damage":0,"enemies":"3 Darklings","floor":35,"turns":2},{"damage":0,"enemies":"Orb Walker","floor":36,"turns":1},{"damage":0,"enemies":"Reptomancer","floor":40,"turns":1},{"damage":0,"enemies":"Spire Growth","floor":41,"turns":1},{"damage":0,"enemies":"Maw","floor":42,"turns":1},{"damage":2,"enemies":"Sphere and 2 Shapes","floor":44,"turns":3},{"damage":0,"enemies":"Giant Head","floor":46,"turns":1},{"damage":0,"enemies":"Spire Growth","floor":47,"turns":1},{"damage":7,"enemies":"Writhing Mass","floor":48,"turns":3},{"damage":0,"enemies":"Awakened One","floor":50,"turns":2}],"seed_played":"1668614880071925402","potions_obtained":[{"floor":3,"key":"BloodPotion"},{"floor":5,"key":"FearPotion"},{"floor":16,"key":"Block Potion"},{"floor":22,"key":"Energy Potion"},{"floor":25,"key":"Poison Potion"},{"floor":28,"key":"Explosive Potion"},{"floor":31,"key":"SkillPotion"},{"floor":42,"key":"SkillPotion"},{"floor":44,"key":"SkillPotion"},{"floor":47,"key":"Dexterity Potion"},{"floor":48,"key":"Explosive Potion"}],"is_trial":false,"path_per_floor":["M","?","M","M","M","R","E","R","T","$","?","E","M","M","R","B",null,"M","$","M","?","M","R","?","M","T","R","M","M","R","M","R","B",null,"M","M","$","?","$","E","M","M","T","M","?","E","M","M","R","B",null],"character_chosen":"IRONCLAD","items_purchased":["Shrug It Off","Peace Pipe"],"campfire_rested":1,"item_purchase_floors":[10,19],"current_hp_per_floor":[80,80,80,80,53,53,23,23,23,23,23,8,14,9,33,11,80,76,76,80,80,64,64,64,52,52,52,41,46,46,52,52,38,86,88,90,90,90,90,92,94,96,96,98,98,101,104,106,106,108],"gold":396,"neow_bonus":"TRANSFORM_TWO_CARDS","is_prod":false,"is_daily":false,"chose_seed":false,"campfire_upgraded":3,"win_rate":0,"timestamp":1550527122,"path_taken":["M","?","M","?","M","R","E","R","T","?","?","E","M","?","R","BOSS","M","$","M","?","M","R","?","M","T","R","M","M","R","M","R","BOSS","M","M","$","?","$","E","M","M","T","?","?","E","M","?","R","BOSS"],"build_version":"2019-02-06","purchased_purges":1,"victory":true,"max_hp_per_floor":[80,80,80,80,80,80,80,80,80,80,80,80,80,80,80,80,80,80,80,80,80,80,80,80,80,80,80,82,82,82,84,84,86,86,88,90,90,90,90,92,94,96,96,98,98,101,104,107,107,108],"card_choices":[{"not_picked":["Armaments","Clothesline","Heavy Blade"],"picked":"SKIP","floor":1},{"not_picked":["Havoc","Sword Boomerang","Armaments"],"picked":"SKIP","floor":3},{"not_picked":["Cleave","Headbutt","Sever Soul"],"picked":"SKIP","floor":4},{"not_picked":["Pommel Strike","Hemokinesis","Inflame"],"picked":"SKIP","floor":5},{"not_picked":["Perfected Strike","Uppercut","Dark Embrace"],"picked":"SKIP","floor":7},{"not_picked":["Evolve","Warcry","Body Slam"],"picked":"SKIP","floor":12},{"not_picked":["Clothesline","Flex","Wild Strike"],"picked":"SKIP","floor":13},{"not_picked":["Clothesline","Thunderclap","Rage"],"picked":"SKIP","floor":14},{"not_picked":["Shrug It Off","Thunderclap"],"picked":"Dropkick+1","floor":18},{"not_picked":["Anger+1","Armaments","Headbutt"],"picked":"SKIP","floor":20},{"not_picked":["Shrug It Off","Second Wind+1","Sever Soul"],"picked":"SKIP","floor":22},{"not_picked":["Corruption","Shrug It Off+1","Thunderclap"],"picked":"SKIP","floor":25},{"not_picked":["Cleave","Shrug It Off","Sword Boomerang"],"picked":"Singing Bowl","floor":28},{"not_picked":["Body Slam+1","Seeing Red"],"picked":"Dropkick","floor":29},{"not_picked":["Thunderclap+1","Immolate","Pommel Strike+1"],"picked":"Singing Bowl","floor":31},{"not_picked":["Berserk","Feed","Reaper"],"picked":"Singing Bowl","floor":33},{"not_picked":["Sword Boomerang+1","Disarm+1","Flame Barrier"],"picked":"Singing Bowl","floor":35},{"not_picked":["Pommel Strike+1","Twin Strike","Flex"],"picked":"Singing Bowl","floor":36},{"not_picked":["True Grit+1","Juggernaut","Sever Soul+1"],"picked":"Singing Bowl","floor":40},{"not_picked":["Inflame","Evolve+1","Entrench"],"picked":"Singing Bowl","floor":41},{"not_picked":["Second Wind","Iron Wave+1","Rampage"],"picked":"Singing Bowl","floor":42},{"not_picked":["Thunderclap","Wild Strike+1","Sword Boomerang+1"],"picked":"Singing Bowl","floor":44},{"not_picked":["Sever Soul+1","Perfected Strike","Warcry+1"],"picked":"Singing Bowl","floor":46},{"not_picked":["Ghostly Armor","Thunderclap+1","Pommel Strike"],"picked":"Singing Bowl","floor":47},{"not_picked":["Metallicize+1","Clash+1","Twin Strike+1"],"picked":"Singing Bowl","floor":48}],"player_experience":1157525,"relics_obtained":[{"floor":7,"key":"The Courier"},{"floor":9,"key":"Self Forming Clay"},{"floor":12,"key":"Matryoshka"},{"floor":26,"key":"Singing Bowl"},{"floor":26,"key":"Omamori"},{"floor":40,"key":"Art of War"},{"floor":43,"key":"Blue Candle"},{"floor":43,"key":"Unceasing Top"},{"floor":46,"key":"Dream Catcher"}],"event_choices":[{"damage_healed":0,"gold_gain":100,"player_choice":"Pray","damage_taken":0,"max_hp_gain":0,"max_hp_loss":0,"event_name":"Golden Shrine","floor":2,"gold_loss":0},{"damage_healed":0,"gold_gain":0,"cards_transformed":["Strike_R"],"player_choice":"Transformed","damage_taken":0,"max_hp_gain":0,"max_hp_loss":0,"event_name":"Transmorgrifier","floor":11,"gold_loss":0,"cards_obtained":["Disarm"]},{"damage_healed":0,"gold_gain":99,"player_choice":"Stole From Cult","damage_taken":0,"max_hp_gain":0,"max_hp_loss":0,"event_name":"Nest","floor":21,"gold_loss":0},{"cards_removed":["Defend_R"],"damage_healed":0,"gold_gain":0,"player_choice":"Gave Gold","damage_taken":0,"max_hp_gain":0,"max_hp_loss":0,"event_name":"Beggar","floor":24,"gold_loss":75},{"damage_healed":0,"gold_gain":0,"player_choice":"Ignored","damage_taken":0,"max_hp_gain":0,"max_hp_loss":0,"event_name":"SecretPortal","floor":38,"gold_loss":0},{"damage_healed":0,"gold_gain":0,"player_choice":"Trade","damage_taken":0,"relics_obtained":["FaceOfCleric"],"max_hp_gain":0,"max_hp_loss":0,"event_name":"FaceTrader","floor":45,"gold_loss":0}],"is_beta":true,"boss_relics":[{"not_picked":["Astrolabe","Black Star"],"picked":"Empty Cage"},{"not_picked":["Runic Pyramid","Tiny House"],"picked":"Cursed Key"}],"items_purged_floors":[10],"is_endless":false,"potions_floor_spawned":[3,5,16,22,25,28,31,42,44,47,48],"ascension_level":0}