{"gold_per_floor":[111,111,129,129,54,88,88,121,121,82,96,96,124,144,144,216,216,236,248,265,284,30,55,55,55,80,80,80,108,33,45,45,123,173,184,200,50,0,999,999,1010,1010,1010,154,154,4,15,45,45,45],"floor_reached":50,"playtime":1302,"items_purged":["Strike_R","Strike_R","Writhe","Normality"],"score":1152,"play_id":"f32405f8-a71e-4c39-8e27-beb9c96be535","local_time":"20190418230433","is_ascension_mode":true,"campfire_choices":[{"data":"Bash","floor":7.0,"key":"SMITH"},{"data":"Pummel","floor":12.0,"key":"SMITH"},{"data":"Pummel","floor":15.0,"key":"SMITH"},{"data":"Demon Form","floor":24.0,"key":"SMITH"},{"data":"Immolate","floor":28.0,"key":"SMITH"},{"floor":32.0,"key":"REST"},{"floor":40,"key":"REST"},{"floor":49,"key":"REST"}],"neow_cost":"NONE","seed_source_timestamp":0,"circlet_count":0,"master_deck":["AscendersBane","Strike_R","Strike_R+1","Strike_R","Defend_R","Defend_R","Defend_R","Bash+1","Twin Strike","Pummel+1","Immolate+1","Pummel+1","Twin Strike","Demon Form+1","Limit Break","Shrug It Off","Pummel","Sword Boomerang","Shrug It Off","Normality","Impervious","Shrug It Off"],"special_seed":0,"relics":["Burning Blood","NeowsBlessing","Du-Vu Doll","Bag of Marbles","Vajra","Ginger","Centennial Puzzle","Eternal Feather","Blue Candle","Peace Pipe","Tiny House","Red Mask","Omamori","Self Forming Clay","Lee\u0027s Waffle","Champion Belt"],"potions_floor_usage":[33,48],"damage_taken":[{"damage":0.0,"enemies":"Jaw Worm","floor":1.0,"turns":1.0},{"damage":0.0,"enemies":"Cultist","floor":3.0,"turns":1.0},{"damage":0.0,"enemies":"3 Sentries","floor":6.0,"turns":1.0},{"damage":8.0,"enemies":"Gremlin Nob","floor":8.0,"turns":3.0},{"damage":0.0,"enemies":"Small Slimes","floor":11.0,"turns":1.0},{"damage":15.0,"enemies":"3 Sentries","floor":13.0,"turns":6.0},{"damage":0.0,"enemies":"Exordium Thugs","floor":14.0,"turns":1.0},{"damage":62.0,"enemies":"Hexaghost","floor":16.0,"turns":5.0},{"damage":7.0,"enemies":"3 Byrds","floor":18.0,"turns":3.0},{"damage":12.0,"enemies":"Chosen","floor":19.0,"turns":3.0},{"damage":16.0,"enemies":"Snake Plant","floor":20.0,"turns":4.0},{"damage":21.0,"enemies":"Sentry and Sphere","floor":21.0,"turns":4.0},{"damage":10.0,"enemies":"Slavers","floor":23.0,"turns":3.0},{"damage":27.0,"enemies":"Book of Stabbing","floor":29.0,"turns":3.0},{"damage":4.0,"enemies":"Centurion and Healer","floor":31.0,"turns":6.0},{"damage":50,"enemies":"Champ","floor":33,"turns":6},{"damage":16,"enemies":"Orb Walker","floor":35,"turns":2},{"damage":26,"enemies":"3 Shapes","floor":36,"turns":8},{"damage":21,"enemies":"Jaw Worm Horde","floor":41,"turns":3},{"damage":39,"enemies":"Spire Growth","floor":47,"turns":5},{"damage":45,"enemies":"Reptomancer","floor":48,"turns":4},{"damage":67,"enemies":"Donu and Deca","floor":50,"turns":4}],"seed_played":"-9023416299884698928","potions_obtained":[{"floor":3.0,"key":"FearPotion"},{"floor":8.0,"key":"Swift Potion"},{"floor":14.0,"key":"PowerPotion"},{"floor":16.0,"key":"Dexterity Potion"},{"floor":18.0,"key":"Block Potion"},{"floor":23.0,"key":"BloodPotion"},{"floor":29.0,"key":"Dexterity Potion"},{"floor":33,"key":"LiquidBronze"},{"floor":34,"key":"Dexterity Potion"},{"floor":48,"key":"SteroidPotion"}],"is_trial":false,"path_per_floor":["M","?","M","?","$","E","R","E","T","$","M","R","E","M","R","B",null,"M","M","M","M","$","E","R","$","T","?","R","E","?","M","R","B",null,"M","M","$","?","?","R","M","?","T","$","?","$","M","E","R","B"],"character_chosen":"IRONCLAD","items_purchased":["Pummel","Limit Break","Shrug It Off","AttackPotion","Shrug It Off","PowerPotion","Self Forming Clay","Lee\u0027s Waffle","Impervious"],"campfire_rested":3,"item_purchase_floors":[10,22,22,22,37,44,44,44,44],"current_hp_per_floor":[74,63,69,69,69,75,75,73,73,73,75,75,66,72,72,16,60,59,53,43,28,28,24,33,33,33,33,42,28,28,30,61,17,66,56,36,36,36,36,72,57,73,73,87,87,87,54,15,53,0],"gold":45,"neow_bonus":"THREE_ENEMY_KILL","is_prod":false,"is_daily":false,"chose_seed":false,"campfire_upgraded":5,"win_rate":0,"timestamp":1555621473,"path_taken":["M","?","?","?","$","E","R","E","T","?","?","R","E","?","R","BOSS","M","M","?","M","?","E","R","$","T","?","R","E","?","M","R","BOSS","M","?","$","?","?","R","M","?","T","$","?","?","?","E","R","BOSS"],"build_version":"2019-04-04","purchased_purges":4,"victory":false,"max_hp_per_floor":[75,75,75,75,75,75,75,75,75,75,75,75,75,75,75,75,75,75,75,75,75,75,75,75,75,75,75,75,75,75,75,75,75,80,80,80,80,80,80,80,80,80,80,87,87,87,87,87,87,87],"card_choices":[{"not_picked":["Cleave","Evolve","Clothesline"],"picked":"SKIP","floor":1.0},{"not_picked":["Headbutt","Havoc"],"picked":"Twin Strike","floor":3.0},{"not_picked":["Clash","Havoc"],"picked":"Pummel","floor":6.0},{"not_picked":["Twin Strike","Shrug It Off"],"picked":"Immolate","floor":8.0},{"not_picked":["Sever Soul","Iron Wave","Thunderclap"],"picked":"SKIP","floor":11.0},{"not_picked":["Second Wind","True Grit"],"picked":"Twin Strike","floor":13.0},{"not_picked":["Ghostly Armor","Iron Wave","Flex"],"picked":"SKIP","floor":14.0},{"not_picked":["Impervious","Brutality"],"picked":"Demon Form","floor":16.0},{"not_picked":["Armaments","Clothesline","Perfected Strike"],"picked":"SKIP","floor":18.0},{"not_picked":["Armaments","Clothesline","Perfected Strike"],"picked":"SKIP","floor":18.0},{"not_picked":["Cleave+1","Clothesline","Twin Strike"],"picked":"SKIP","floor":19.0},{"not_picked":["Twin Strike","Headbutt","Clothesline"],"picked":"SKIP","floor":20.0},{"not_picked":["Twin Strike","Headbutt","Clothesline"],"picked":"SKIP","floor":20.0},{"not_picked":["Pommel Strike","Carnage","Burning Pact"],"picked":"SKIP","floor":21.0},{"not_picked":["Armaments+1","Thunderclap","Havoc"],"picked":"SKIP","floor":23.0},{"not_picked":["Brutality","Sentinel","Warcry"],"picked":"SKIP","floor":29.0},{"not_picked":["Perfected Strike+1","Inflame"],"picked":"Pummel","floor":31.0},{"not_picked":["Metallicize","Clothesline"],"picked":"Sword Boomerang","floor":35},{"not_picked":["Whirlwind","Wild Strike","Spot Weakness"],"picked":"SKIP","floor":36},{"not_picked":["Hemokinesis","Flex","Pommel Strike"],"picked":"SKIP","floor":41},{"not_picked":["Havoc","Headbutt"],"picked":"Shrug It Off","floor":47},{"not_picked":["Pommel Strike","Thunderclap+1","Clothesline"],"picked":"SKIP","floor":48}],"player_experience":1402271,"relics_obtained":[{"floor":6.0,"key":"Bag of Marbles"},{"floor":8.0,"key":"Vajra"},{"floor":9.0,"key":"Ginger"},{"floor":13.0,"key":"Centennial Puzzle"},{"floor":23.0,"key":"Blue Candle"},{"floor":29.0,"key":"Peace Pipe"},{"floor":43,"key":"Omamori"},{"floor":48,"key":"Champion Belt"}],"event_choices":[{"damage_healed":0.0,"max_hp_gain":0.0,"max_hp_loss":0.0,"gold_gain":0.0,"event_name":"Wheel of Change","player_choice":"Damaged","floor":2.0,"gold_loss":0.0,"damage_taken":11.0},{"damage_healed":0.0,"max_hp_gain":0.0,"max_hp_loss":0.0,"gold_gain":0.0,"event_name":"WeMeetAgain","player_choice":"Gave Potion","floor":4.0,"gold_loss":0.0,"damage_taken":0.0,"relics_obtained":["Du-Vu Doll"]},{"damage_healed":0.0,"max_hp_gain":0.0,"max_hp_loss":0.0,"gold_gain":0.0,"event_name":"Forgotten Altar","player_choice":"Smashed Altar","floor":27.0,"gold_loss":0.0,"damage_taken":0.0,"cards_obtained":["Decay"]},{"cards_removed":["Decay"],"damage_healed":0.0,"max_hp_gain":0.0,"max_hp_loss":0.0,"gold_gain":0.0,"event_name":"Designer","player_choice":"Single Remove","floor":30.0,"gold_loss":75.0,"damage_taken":0.0},{"damage_healed":0,"gold_gain":0,"player_choice":"Paid","damage_taken":0,"relics_obtained":["Red Mask"],"max_hp_gain":0,"max_hp_loss":0,"event_name":"Tomb of Lord Red Mask","floor":38,"gold_loss":50},{"damage_healed":0,"gold_gain":999,"player_choice":"Gold","damage_taken":0,"max_hp_gain":0,"max_hp_loss":0,"event_name":"MindBloom","floor":39,"gold_loss":0,"cards_obtained":["Normality","Normality"]},{"damage_healed":16,"gold_gain":0,"player_choice":"Writhe","damage_taken":0,"max_hp_gain":0,"max_hp_loss":0,"event_name":"Winding Halls","floor":42,"gold_loss":0,"cards_obtained":["Writhe"]},{"cards_removed":["Defend_R"],"damage_healed":0,"gold_gain":0,"player_choice":"Removed Skill","damage_taken":0,"max_hp_gain":0,"max_hp_loss":0,"event_name":"Falling","floor":45,"gold_loss":0}],"is_beta":true,"boss_relics":[{"not_picked":["Orrery","Coffee Dripper"],"picked":"Eternal Feather"},{"not_picked":["Runic Dome","Mark of Pain"],"picked":"Tiny House"}],"items_purged_floors":[5,37,44,46],"is_endless":false,"potions_floor_spawned":[3,8,14,16,18,23,29,33,48],"killed_by":"Donu and Deca","ascension_level":20}