{"gold_per_floor":[362,381,381,107,123,151,151,180,206,219,219,248,248,264,264,337,337,347,112,143,162,173,173,187,202,229,229,255,305,305,319,319,319],"floor_reached":33,"playtime":2497,"items_purged":["Strike_B"],"score":526,"play_id":"fc216022-59c2-499e-89c3-e2605ca3e735","local_time":"20190415163654","is_ascension_mode":true,"campfire_choices":[{"data":"Doom and Gloom","floor":7,"key":"SMITH"},{"floor":11,"key":"REST"},{"floor":13,"key":"REST"},{"floor":15,"key":"REST"},{"floor":23,"key":"REST"},{"floor":27,"key":"REST"},{"floor":32,"key":"REST"}],"neow_cost":"TEN_PERCENT_HP_LOSS","seed_source_timestamp":1230645176057498,"circlet_count":0,"master_deck":["AscendersBane","Defend_B+1","Defend_B","Defend_B","Defend_B","Zap","Dualcast","Streamline","Compile Driver+1","Ball Lightning","Self Repair","Reinforced Body","Doom and Gloom+1","Static Discharge","Stack","Seek","Streamline+1","BootSequence+1","Lockon+1","Skim","Conserve Battery","Steam+1","Cold Snap","Hologram","Sweeping Beam","Leap","Undo"],"relics":["Cracked Core","Vajra","DataDisk","Oddly Smooth Stone","Odd Mushroom","Astrolabe","Bronze Scales","Red Mask","Happy Flower","Molten Egg 2"],"potions_floor_usage":[6,8,20,20,22,28,28,33],"damage_taken":[{"damage":0,"enemies":"2 Louse","floor":1,"turns":2},{"damage":2,"enemies":"Jaw Worm","floor":2,"turns":3},{"damage":1,"enemies":"Small Slimes","floor":5,"turns":3},{"damage":30,"enemies":"3 Sentries","floor":6,"turns":6},{"damage":20,"enemies":"Lagavulin","floor":8,"turns":6},{"damage":8,"enemies":"3 Louse","floor":10,"turns":2},{"damage":38,"enemies":"The Mushroom Lair","floor":12,"turns":3},{"damage":7,"enemies":"2 Fungi Beasts","floor":14,"turns":3},{"damage":9,"enemies":"The Guardian","floor":16,"turns":11},{"damage":17,"enemies":"3 Byrds","floor":18,"turns":4},{"damage":22,"enemies":"Masked Bandits","floor":20,"turns":4},{"damage":2,"enemies":"Chosen","floor":21,"turns":5},{"damage":15,"enemies":"Snecko","floor":22,"turns":4},{"damage":27,"enemies":"Cultist and Chosen","floor":24,"turns":7},{"damage":0,"enemies":"Chosen and Byrds","floor":25,"turns":5},{"damage":3,"enemies":"Gremlin Leader","floor":28,"turns":6},{"damage":9,"enemies":"Snecko","floor":31,"turns":5},{"damage":42,"enemies":"Collector","floor":33,"turns":12}],"seed_played":"-2202456845574604377","potions_obtained":[{"floor":1,"key":"Poison Potion"},{"floor":10,"key":"GamblersBrew"},{"floor":12,"key":"Swift Potion"},{"floor":18,"key":"Block Potion"},{"floor":21,"key":"EssenceOfSteel"},{"floor":22,"key":"Explosive Potion"},{"floor":25,"key":"SteroidPotion"},{"floor":31,"key":"Dexterity Potion"}],"is_trial":false,"path_per_floor":["M","M","?","$","M","E","R","E","T","M","R","?","R","M","R","B",null,"M","$","?","M","M","R","M","M","T","R","E","?","?","M","R","B"],"character_chosen":"DEFECT","items_purchased":["Ball Lightning","Self Repair","Reinforced Body","Regen Potion","Bronze Scales"],"campfire_rested":6,"item_purchase_floors":[4,4,4,4,19],"current_hp_per_floor":[64,62,43,43,49,41,41,21,21,20,39,1,20,20,39,37,57,47,47,25,30,22,41,14,21,21,40,44,44,27,18,38,0],"gold":319,"neow_bonus":"TWO_FIFTY_GOLD","is_prod":false,"is_daily":false,"chose_seed":false,"campfire_upgraded":1,"win_rate":0,"timestamp":1555324614,"path_taken":["M","M","?","$","M","E","R","E","T","M","R","?","R","M","R","BOSS","M","$","?","M","M","R","M","M","T","R","E","?","?","M","R","BOSS"],"build_version":"2019-01-23","purchased_purges":1,"victory":false,"max_hp_per_floor":[64,64,64,64,64,64,64,64,64,64,64,64,64,64,64,64,64,64,64,64,64,64,64,64,64,64,64,64,64,69,69,69,69],"card_choices":[{"not_picked":["Tempest","Chaos"],"picked":"Streamline","floor":1},{"not_picked":["Blizzard","Recycle"],"picked":"Compile Driver","floor":2},{"not_picked":["Aggregate","Gash"],"picked":"Doom and Gloom","floor":5},{"not_picked":["Go for the Eyes","Sweeping Beam","Reinforced Body"],"picked":"SKIP","floor":6},{"not_picked":["Beam Cell","Blizzard","Lockon"],"picked":"SKIP","floor":8},{"not_picked":["Genetic Algorithm","Beam Cell"],"picked":"Static Discharge","floor":10},{"not_picked":["Turbo","Darkness"],"picked":"Stack","floor":12},{"not_picked":["Sunder","Go for the Eyes","Doom and Gloom"],"picked":"SKIP","floor":14},{"not_picked":["Amplify","Electrodynamics"],"picked":"Seek","floor":16},{"not_picked":["Turbo","Darkness"],"picked":"Skim","floor":18},{"not_picked":["Storm","Stack"],"picked":"Conserve Battery","floor":20},{"not_picked":["Streamline","Sunder"],"picked":"Steam+1","floor":21},{"not_picked":["Conserve Battery","Hyperbeam"],"picked":"Cold Snap","floor":22},{"not_picked":["Barrage","Streamline"],"picked":"Hologram","floor":24},{"not_picked":["Rebound","Go for the Eyes"],"picked":"Sweeping Beam","floor":25},{"not_picked":["Steam","Conserve Battery"],"picked":"Leap","floor":28},{"not_picked":["Streamline+1","Compile Driver+1"],"picked":"Undo","floor":31}],"player_experience":1149259,"relics_obtained":[{"floor":6,"key":"Vajra"},{"floor":8,"key":"DataDisk"},{"floor":9,"key":"Oddly Smooth Stone"},{"floor":12,"key":"Odd Mushroom"},{"floor":20,"key":"Red Mask"},{"floor":26,"key":"Happy Flower"},{"floor":28,"key":"Molten Egg 2"}],"event_choices":[{"damage_healed":0,"gold_gain":0,"player_choice":"Entered Light","damage_taken":19,"max_hp_gain":0,"max_hp_loss":0,"event_name":"Shining Light","floor":3,"gold_loss":0,"cards_upgraded":["Defend_B","Compile Driver"]},{"damage_healed":0,"gold_gain":0,"player_choice":"Fought Mushrooms","damage_taken":0,"max_hp_gain":0,"max_hp_loss":0,"event_name":"Mushrooms","floor":12,"gold_loss":0},{"damage_healed":0,"gold_gain":0,"player_choice":"Fought Bandits","damage_taken":0,"max_hp_gain":0,"max_hp_loss":0,"event_name":"Masked Bandits","floor":20,"gold_loss":0},{"damage_healed":0,"gold_gain":50,"player_choice":"Stole From Cult","damage_taken":0,"max_hp_gain":0,"max_hp_loss":0,"event_name":"Nest","floor":29,"gold_loss":0},{"damage_healed":0,"gold_gain":0,"player_choice":"Shed Blood","damage_taken":22,"max_hp_gain":5,"max_hp_loss":0,"event_name":"Forgotten Altar","floor":30,"gold_loss":0}],"is_beta":false,"boss_relics":[{"not_picked":["Empty Cage","Calling Bell"],"picked":"Astrolabe"}],"items_purged_floors":[19],"is_endless":false,"potions_floor_spawned":[1,10,12,16,18,21,22,25,31],"killed_by":"Collector","ascension_level":18}