{"gold_per_floor":[359,359,359,434,199,199,213,229,229,247,287,305,245],"floor_reached":13,"playtime":243,"items_purged":["Strike_R"],"score":170,"play_id":"b1957174-6581-46e5-a2b5-c26ac54c5832","local_time":"20190412200025","is_ascension_mode":true,"campfire_choices":[{"floor":6,"key":"REST"}],"neow_cost":"TEN_PERCENT_HP_LOSS","seed_source_timestamp":197100296968000,"circlet_count":0,"master_deck":["AscendersBane","Strike_R","Strike_R","Strike_R","Strike_R","Defend_R","Defend_R","Defend_R","Bash","Sword Boomerang","Feed","Heavy Blade"],"relics":["Burning Blood","Golden Idol","Bottled Lightning"],"potions_floor_usage":[11,11],"damage_taken":[{"damage":5,"enemies":"2 Louse","floor":1,"turns":3},{"damage":4,"enemies":"Jaw Worm","floor":7,"turns":3},{"damage":5,"enemies":"Small Slimes","floor":8,"turns":3},{"damage":18,"enemies":"Red Slaver","floor":10,"turns":4},{"damage":40,"enemies":"Lagavulin","floor":11,"turns":5},{"damage":7,"enemies":"Exordium Thugs","floor":12,"turns":4},{"damage":16,"enemies":"Looter","floor":13,"turns":3}],"seed_played":"6107678318391307529","potions_obtained":[{"floor":1,"key":"Strength Potion"},{"floor":10,"key":"Fire Potion"},{"floor":11,"key":"Energy Potion"},{"floor":12,"key":"Fire Potion"}],"is_trial":false,"path_per_floor":["M","?","?","?","$","R","M","M","T","M","E","M","M"],"character_chosen":"IRONCLAD","items_purchased":["Feed"],"campfire_rested":1,"item_purchase_floors":[5],"current_hp_per_floor":[68,45,38,27,27,47,52,56,56,44,13,15,0],"gold":245,"neow_bonus":"TWO_FIFTY_GOLD","is_prod":false,"is_daily":false,"chose_seed":false,"campfire_upgraded":0,"win_rate":0,"timestamp":1555092025,"path_taken":["M","?","?","?","$","R","M","M","T","M","E","M","M"],"build_version":"2019-04-04","purchased_purges":1,"victory":false,"max_hp_per_floor":[68,68,68,68,68,68,71,74,74,74,77,80,80],"card_choices":[{"not_picked":["Perfected Strike","Thunderclap"],"picked":"Sword Boomerang","floor":1},{"not_picked":["Sentinel","Body Slam"],"picked":"Heavy Blade","floor":7},{"not_picked":["Clothesline","Cleave","Perfected Strike"],"picked":"SKIP","floor":8},{"not_picked":["Disarm","Carnage","Thunderclap"],"picked":"SKIP","floor":10},{"not_picked":["Juggernaut","Spot Weakness","Hemokinesis"],"picked":"SKIP","floor":11},{"not_picked":["Body Slam","Flex","Havoc"],"picked":"SKIP","floor":12}],"player_experience":1374410,"relics_obtained":[{"floor":11,"key":"Bottled Lightning"}],"event_choices":[{"damage_healed":0,"gold_gain":0,"player_choice":"Take Damage","damage_taken":23,"relics_obtained":["Golden Idol"],"max_hp_gain":0,"max_hp_loss":0,"event_name":"Golden Idol","floor":2,"gold_loss":0},{"cards_removed":["Defend_R"],"damage_healed":0,"gold_gain":0,"player_choice":"Card Removal","damage_taken":7,"max_hp_gain":0,"max_hp_loss":0,"event_name":"Golden Wing","floor":3,"gold_loss":0},{"damage_healed":0,"gold_gain":75,"player_choice":"Gather Gold","damage_taken":11,"max_hp_gain":0,"max_hp_loss":0,"event_name":"World of Goop","floor":4,"gold_loss":0}],"is_beta":true,"boss_relics":[],"items_purged_floors":[5],"is_endless":false,"potions_floor_spawned":[1,10,11,12],"killed_by":"Looter","ascension_level":20}