{"gold_per_floor":[216,216,28,47,57,91,91,119,119,132,143,123,134,153,153,252,252,271,66,81,93,8,8,39,39,39,59,74,74,92,105,105,105],"floor_reached":33,"playtime":1390,"items_purged":["Strike_G"],"score":283,"play_id":"126e32f9-c92d-4229-9a1c-21bc670265ad","local_time":"20181102223747","is_ascension_mode":false,"campfire_choices":[{"data":"Blur","floor":7,"key":"SMITH"},{"data":"Dash","floor":15,"key":"SMITH"},{"floor":23,"key":"REST"},{"data":"Adrenaline","floor":25,"key":"SMITH"},{"data":"Cloak And Dagger","floor":29,"key":"SMITH"},{"data":"Accuracy","floor":32,"key":"SMITH"}],"neow_cost":"NONE","seed_source_timestamp":89067124308100,"circlet_count":0,"master_deck":["Defend_G","Defend_G","Defend_G","Defend_G","Defend_G+1","Strike_G","Strike_G","Strike_G","Strike_G","Survivor+1","Neutralize","Escape Plan","Cloak And Dagger","Dagger Throw","Blur+1","Escape Plan","Dash+1","Cloak And Dagger+1","Leg Sweep","All Out Attack","Adrenaline+1","Accuracy+1","Deflect","Quick Slash","Parasite","Dagger Spray","Blade Dance+1"],"relics":["Ring of the Snake","Vajra","Gremlin Horn","Ornamental Fan","Blue Candle","Cursed Key","Smiling Mask","Happy Flower","Meat on the Bone"],"potions_floor_usage":[16,16,16,24],"damage_taken":[{"damage":0,"enemies":"Small Slimes","floor":1,"turns":4},{"damage":0,"enemies":"Jaw Worm","floor":4,"turns":3},{"damage":0,"enemies":"Cultist","floor":5,"turns":3},{"damage":7,"enemies":"3 Sentries","floor":6,"turns":11},{"damage":28,"enemies":"Lagavulin","floor":8,"turns":9},{"damage":1,"enemies":"3 Louse","floor":10,"turns":3},{"damage":0,"enemies":"2 Fungi Beasts","floor":11,"turns":3},{"damage":0,"enemies":"Blue Slaver","floor":13,"turns":5},{"damage":0,"enemies":"3 Louse","floor":14,"turns":3},{"damage":17,"enemies":"Hexaghost","floor":16,"turns":12},{"damage":0,"enemies":"Shell Parasite","floor":18,"turns":6},{"damage":2,"enemies":"Spheric Guardian","floor":20,"turns":4},{"damage":40,"enemies":"Chosen and Byrds","floor":21,"turns":9},{"damage":6,"enemies":"Book of Stabbing","floor":24,"turns":7},{"damage":12,"enemies":"Snecko","floor":27,"turns":7},{"damage":9,"enemies":"3 Cultists","floor":28,"turns":9},{"damage":14,"enemies":"Snake Plant","floor":30,"turns":6},{"damage":1,"enemies":"Shelled Parasite and Fungi","floor":31,"turns":6},{"damage":44,"enemies":"Champ","floor":33,"turns":14}],"seed_played":"-7571705642620718154","potions_obtained":[{"floor":4,"key":"Dexterity Potion"},{"floor":10,"key":"Energy Potion"},{"floor":12,"key":"AttackPotion"},{"floor":14,"key":"SkillPotion"},{"floor":21,"key":"Poison Potion"}],"is_trial":false,"path_per_floor":["M","?","$","M","M","E","R","E","T","M","M","?","M","M","R","B",null,"M","$","M","M","?","R","E","R","T","M","M","R","M","M","R","B"],"character_chosen":"THE_SILENT","items_purchased":["Cloak And Dagger","Vajra","Accuracy","Deflect"],"campfire_rested":1,"item_purchase_floors":[3,3,19,19],"current_hp_per_floor":[70,56,56,56,56,49,49,21,21,20,20,20,20,20,20,3,70,70,70,68,28,28,49,43,43,43,43,46,46,44,43,43,0],"gold":105,"neow_bonus":"HUNDRED_GOLD","is_prod":false,"is_daily":false,"chose_seed":false,"campfire_upgraded":5,"win_rate":0,"timestamp":1541223467,"path_taken":["M","?","$","M","M","E","R","E","T","M","M","?","?","M","R","BOSS","M","$","M","M","?","R","E","R","T","M","M","R","M","M","R","BOSS"],"build_version":"2018-11-01v2","purchased_purges":1,"victory":false,"max_hp_per_floor":[70,70,70,70,70,70,70,70,70,70,70,70,70,70,70,70,70,70,70,70,70,70,70,70,70,70,70,70,70,70,70,70,70],"card_choices":[{"not_picked":["Dagger Throw","Dodge and Roll"],"picked":"Escape Plan","floor":1},{"not_picked":["Flying Knee","Acrobatics"],"picked":"Dagger Throw","floor":4},{"not_picked":["Deadly Poison","Prepared"],"picked":"Blur","floor":5},{"not_picked":["Well Laid Plans","Flying Knee","Poisoned Stab"],"picked":"SKIP","floor":6},{"not_picked":["Expertise","Choke"],"picked":"Escape Plan","floor":8},{"not_picked":["Slice","Crippling Poison"],"picked":"Dash","floor":10},{"not_picked":["All Out Attack","Catalyst"],"picked":"Cloak And Dagger","floor":11},{"not_picked":["Flying Knee","PiercingWail"],"picked":"Leg Sweep","floor":13},{"not_picked":["PiercingWail","Prepared"],"picked":"All Out Attack","floor":14},{"not_picked":["Night Terror","Burst"],"picked":"Adrenaline","floor":16},{"not_picked":["Eviscerate","Riddle With Holes","Predator"],"picked":"SKIP","floor":18},{"not_picked":["Leg Sweep","Finisher","Deadly Poison"],"picked":"SKIP","floor":20},{"not_picked":["Poisoned Stab+1","Outmaneuver"],"picked":"Quick Slash","floor":21},{"not_picked":["Flying Knee","Crippling Poison","Well Laid Plans+1"],"picked":"SKIP","floor":24},{"not_picked":["Well Laid Plans+1","Outmaneuver","Sucker Punch+1"],"picked":"SKIP","floor":27},{"not_picked":["Sucker Punch","Prepared","Expertise"],"picked":"SKIP","floor":28},{"not_picked":["Cloak And Dagger","Acrobatics+1"],"picked":"Dagger Spray","floor":30},{"not_picked":["Underhanded Strike+1","Concentrate"],"picked":"Blade Dance+1","floor":31}],"player_experience":406068,"relics_obtained":[{"floor":6,"key":"Gremlin Horn"},{"floor":8,"key":"Ornamental Fan"},{"floor":9,"key":"Blue Candle"},{"floor":24,"key":"Happy Flower"},{"floor":26,"key":"Meat on the Bone"}],"event_choices":[{"damage_healed":0,"gold_gain":0,"player_choice":"Entered Light","damage_taken":14,"max_hp_gain":0,"max_hp_loss":0,"event_name":"Shining Light","floor":2,"gold_loss":0,"cards_upgraded":["Defend_G","Survivor"]},{"damage_healed":0,"gold_gain":0,"player_choice":"Bought 1 Potion","damage_taken":0,"max_hp_gain":0,"max_hp_loss":0,"event_name":"The Woman in Blue","floor":12,"gold_loss":0},{"damage_healed":0,"gold_gain":0,"player_choice":"Obtained Relic","damage_taken":0,"relics_obtained":["Smiling Mask"],"max_hp_gain":0,"max_hp_loss":0,"event_name":"Addict","floor":22,"gold_loss":85}],"is_beta":true,"boss_relics":[{"not_picked":["Orrery","Velvet Choker"],"picked":"Cursed Key"}],"items_purged_floors":[19],"is_endless":false,"potions_floor_spawned":[4,10,14,21],"killed_by":"Champ","ascension_level":0}