{"gold_per_floor":[110,123,123,134,59,91,91,91,91,122,122,140,129,146,146,146],"floor_reached":16,"playtime":700,"items_purged":[],"score":202,"play_id":"313fb98f-25fa-4b5c-915a-04d90795b0c5","local_time":"20190429160313","is_ascension_mode":true,"campfire_choices":[{"data":"True Grit","floor":7.0,"key":"SMITH"},{"floor":11.0,"key":"REST"},{"data":"Clothesline","floor":15,"key":"SMITH"}],"neow_cost":"NONE","seed_source_timestamp":2440008233543139,"circlet_count":0,"master_deck":["AscendersBane","Strike_R","Strike_R","Strike_R","Strike_R","Defend_R","Defend_R","Defend_R","Defend_R","Bash","Clothesline+1","Thunderclap","Wild Strike","True Grit+1","Fiend Fire","Power Through","Evolve"],"special_seed":0,"relics":["Burning Blood","Blue Candle","Bottled Flame","Singing Bowl","Darkstone Periapt"],"potions_floor_usage":[16],"damage_taken":[{"damage":5.0,"enemies":"Small Slimes","floor":1.0,"turns":4.0},{"damage":9.0,"enemies":"Jaw Worm","floor":2.0,"turns":4.0},{"damage":2.0,"enemies":"Cultist","floor":4.0,"turns":4.0},{"damage":37.0,"enemies":"Lagavulin","floor":6.0,"turns":6.0},{"damage":42.0,"enemies":"3 Sentries","floor":10.0,"turns":9.0},{"damage":17.0,"enemies":"Gremlin Gang","floor":12.0,"turns":6.0},{"damage":16,"enemies":"Exordium Thugs","floor":13,"turns":4},{"damage":8,"enemies":"Looter","floor":14,"turns":3},{"damage":24,"enemies":"The Guardian","floor":16,"turns":6}],"seed_played":"3090222043576101974","potions_obtained":[{"floor":2.0,"key":"Poison Potion"},{"floor":6.0,"key":"Poison Potion"},{"floor":10.0,"key":"GamblersBrew"},{"floor":13,"key":"SmokeBomb"}],"is_trial":false,"path_per_floor":["M","M","?","M","?","E","R","T","T","E","R","M","M","M","R","B"],"character_chosen":"IRONCLAD","items_purchased":[],"campfire_rested":1,"item_purchase_floors":[],"current_hp_per_floor":[76,73,78,82,82,51,51,51,51,15,41,30,20,20,20,0],"gold":146,"neow_bonus":"TEN_PERCENT_HP_BONUS","is_prod":false,"is_daily":false,"chose_seed":false,"campfire_upgraded":2,"win_rate":0,"timestamp":1556532193,"path_taken":["M","M","?","M","?","E","R","?","T","E","R","?","M","M","R","BOSS"],"build_version":"2019-01-23","purchased_purges":0,"victory":false,"max_hp_per_floor":[82,82,87,87,87,87,87,87,87,87,87,87,87,89,89,89],"card_choices":[{"not_picked":["Wild Strike","True Grit"],"picked":"Clothesline","floor":1.0},{"not_picked":["Heavy Blade","Shrug It Off"],"picked":"Thunderclap","floor":2.0},{"not_picked":["Perfected Strike","Body Slam"],"picked":"Wild Strike","floor":4.0},{"not_picked":["Fire Breathing","Sword Boomerang"],"picked":"True Grit","floor":6.0},{"not_picked":["Bloodletting","Ghostly Armor"],"picked":"Fiend Fire","floor":10.0},{"not_picked":["Ghostly Armor","Cleave"],"picked":"Power Through","floor":12.0},{"not_picked":["Hemokinesis","Warcry"],"picked":"Evolve","floor":13},{"not_picked":["Clash","Iron Wave","Sword Boomerang"],"picked":"Singing Bowl","floor":14}],"player_experience":1258130,"relics_obtained":[{"floor":6.0,"key":"Blue Candle"},{"floor":8.0,"key":"Bottled Flame"},{"floor":9.0,"key":"Singing Bowl"},{"floor":10.0,"key":"Darkstone Periapt"}],"event_choices":[{"damage_healed":0.0,"max_hp_gain":5.0,"max_hp_loss":0.0,"gold_gain":0.0,"event_name":"Big Fish","player_choice":"Donut","floor":3.0,"gold_loss":0.0,"damage_taken":0.0},{"cards_removed":["Strike_R"],"damage_healed":0.0,"max_hp_gain":0.0,"max_hp_loss":0.0,"gold_gain":0.0,"event_name":"The Cleric","player_choice":"Card Removal","floor":5.0,"gold_loss":75.0,"damage_taken":0.0}],"is_beta":false,"boss_relics":[],"items_purged_floors":[],"is_endless":false,"potions_floor_spawned":[2,6,10,13],"killed_by":"The Guardian","ascension_level":16}