{"gold_per_floor":[14,14,30,42,42,70,70,70,96,96,130,146,225,241,241,342,342,353,369,369,380,38,70,70,105,105,125,151,170,170,189,189,289,289,302,302,317,327,338,368,368,380,428,446,50,81,95,125,125,125,125,125,0,31,31],"floor_reached":55,"playtime":2087,"items_purged":["Strike_R","Strike_R","Strike_R"],"score":1323,"play_id":"30aaa678-926c-45c7-beca-153778460767","local_time":"20181203202400","is_ascension_mode":true,"campfire_choices":[{"data":"Whirlwind","floor":8.0,"key":"SMITH"},{"data":"Carnage","floor":10.0,"key":"SMITH"},{"data":"Armaments","floor":15.0,"key":"SMITH"},{"floor":24.0,"key":"REST"},{"floor":32.0,"key":"RECALL"},{"data":"True Grit","floor":41.0,"key":"SMITH"},{"floor":49.0,"key":"REST"},{"data":"J.A.X.","floor":52.0,"key":"SMITH"}],"neow_cost":"NO_GOLD","seed_source_timestamp":0,"circlet_count":0,"master_deck":["AscendersBane","Strike_R","Defend_R","Defend_R","Defend_R","Bash","Immolate+1","Shrug It Off","Clothesline","Whirlwind+1","Carnage+1","Armaments+1","Shockwave","Uppercut","Reaper","True Grit+1","Seeing Red","J.A.X.+1","Offering","Flame Barrier","Inflame","Shrug It Off","Feed","Pommel Strike","Shrug It Off","Infernal Blade+1","Flame Barrier"],"special_seed":0,"relics":["Burning Blood","Red Skull","Bag of Marbles","Strawberry","Mark of Pain","Potion Belt","Regal Pillow","Self Forming Clay","Paper Frog","Busted Crown","Ornamental Fan","Ancient Tea Set","Bottled Flame","Letter Opener","Juzu Bracelet","Prayer Wheel"],"potions_floor_usage":[55,55],"damage_taken":[{"damage":4.0,"enemies":"Jaw Worm","floor":1.0,"turns":4.0},{"damage":6.0,"enemies":"Cultist","floor":3.0,"turns":4.0},{"damage":3.0,"enemies":"2 Louse","floor":4.0,"turns":2.0},{"damage":32.0,"enemies":"Gremlin Nob","floor":6.0,"turns":4.0},{"damage":10.0,"enemies":"3 Sentries","floor":11.0,"turns":3.0},{"damage":0.0,"enemies":"Lots of Slimes","floor":12.0,"turns":1.0},{"damage":3.0,"enemies":"Blue Slaver","floor":14.0,"turns":2.0},{"damage":28.0,"enemies":"Hexaghost","floor":16.0,"turns":8.0},{"damage":0.0,"enemies":"3 Byrds","floor":18.0,"turns":3.0},{"damage":16.0,"enemies":"Spheric Guardian","floor":19.0,"turns":4.0},{"damage":26.0,"enemies":"Snake Plant","floor":21.0,"turns":3.0},{"damage":43.0,"enemies":"Book of Stabbing","floor":23.0,"turns":4.0},{"damage":31.0,"enemies":"Gremlin Leader","floor":25.0,"turns":4.0},{"damage":15.0,"enemies":"3 Cultists","floor":27.0,"turns":4.0},{"damage":23.0,"enemies":"Slavers","floor":28.0,"turns":3.0},{"damage":9.0,"enemies":"Centurion and Healer","floor":29.0,"turns":2.0},{"damage":11.0,"enemies":"Cultist and Chosen","floor":31.0,"turns":6.0},{"damage":61.0,"enemies":"Automaton","floor":33.0,"turns":8.0},{"damage":36.0,"enemies":"3 Darklings","floor":35.0,"turns":3.0},{"damage":10.0,"enemies":"Orb Walker","floor":37.0,"turns":2.0},{"damage":21.0,"enemies":"Writhing Mass","floor":38.0,"turns":4.0},{"damage":0.0,"enemies":"Sphere and 2 Shapes","floor":39.0,"turns":1.0},{"damage":27.0,"enemies":"Reptomancer","floor":40.0,"turns":5.0},{"damage":3.0,"enemies":"3 Darklings","floor":42.0,"turns":2.0},{"damage":20.0,"enemies":"Writhing Mass","floor":44.0,"turns":5.0},{"damage":25.0,"enemies":"Nemesis","floor":46.0,"turns":7.0},{"damage":12.0,"enemies":"Spire Growth","floor":47.0,"turns":3.0},{"damage":25.0,"enemies":"Reptomancer","floor":48.0,"turns":5.0},{"damage":86.0,"enemies":"Time Eater","floor":50.0,"turns":11.0},{"damage":61.0,"enemies":"Shield and Spear","floor":54.0,"turns":6.0},{"damage":101,"enemies":"The Heart","floor":55,"turns":5}],"seed_played":"-843748100215154094","potions_obtained":[{"floor":11.0,"key":"FearPotion"},{"floor":12.0,"key":"SkillPotion"},{"floor":16.0,"key":"EssenceOfSteel"},{"floor":25.0,"key":"Weak Potion"},{"floor":28.0,"key":"AttackPotion"},{"floor":31.0,"key":"Regen Potion"},{"floor":33.0,"key":"LiquidBronze"},{"floor":38.0,"key":"Weak Potion"},{"floor":39.0,"key":"Poison Potion"},{"floor":40.0,"key":"Regen Potion"},{"floor":42.0,"key":"LiquidBronze"},{"floor":47.0,"key":"Weak Potion"}],"is_trial":false,"path_per_floor":["M","?","M","M","?","E","?","R","T","R","E","M","?","M","R","B",null,"M","M","?","M","$","E","R","E","T","M","E","M","?","M","R","B",null,"M","?","M","M","M","E","R","M","T","M","$","E","M","E","R","B",null,"R","$","E","B"],"character_chosen":"IRONCLAD","items_purchased":["Mayhem","Flame Barrier","Shrug It Off","Bottled Flame"],"campfire_rested":2,"item_purchase_floors":[22,22,45,45],"current_hp_per_floor":[74,74,74,77,52,26,26,26,26,26,29,35,35,38,38,16,69,84,74,74,54,54,17,43,65,65,56,58,55,97,95,95,55,87,57,57,53,38,47,41,41,49,49,51,51,47,60,50,95,29,85,85,85,46,0],"gold":31,"neow_bonus":"THREE_RARE_CARDS","is_prod":false,"is_daily":false,"chose_seed":false,"campfire_upgraded":5,"win_rate":0,"timestamp":1543897440,"path_taken":["M","?","?","M","?","E","?","R","T","R","E","?","?","M","R","BOSS","M","M","?","M","$","E","R","E","T","M","E","M","?","M","R","BOSS","M","?","M","M","M","E","R","M","T","M","$","E","M","E","R","BOSS","R","$","E","BOSS"],"build_version":"2018-11-15","purchased_purges":3,"victory":false,"max_hp_per_floor":[80,80,80,80,80,80,80,80,80,80,87,87,87,87,87,87,87,87,87,87,87,87,87,87,87,87,87,87,87,97,97,97,97,97,97,97,97,97,100,100,100,100,100,100,100,100,100,103,103,103,103,103,103,103,103],"card_choices":[{"not_picked":["Reaper","Demon Form"],"picked":"Immolate","floor":0.0},{"not_picked":["Perfected Strike","Reckless Charge"],"picked":"Shrug It Off","floor":1.0},{"not_picked":["Havoc","Warcry"],"picked":"Whirlwind","floor":3.0},{"not_picked":["Pummel","Burning Pact"],"picked":"Carnage","floor":4.0},{"not_picked":["Headbutt","Clothesline","Heavy Blade"],"picked":"SKIP","floor":6.0},{"not_picked":["Feel No Pain","Headbutt"],"picked":"Armaments","floor":11.0},{"not_picked":["Iron Wave","Thunderclap"],"picked":"Shockwave","floor":12.0},{"not_picked":["Dropkick","Searing Blow"],"picked":"Uppercut","floor":14.0},{"not_picked":["Impervious","Fiend Fire"],"picked":"Reaper","floor":16.0},{"not_picked":["Warcry+1","Reckless Charge"],"picked":"True Grit","floor":18.0},{"not_picked":["Whirlwind+1","Sword Boomerang"],"picked":"Seeing Red","floor":19.0},{"not_picked":["Twin Strike","Perfected Strike"],"picked":"Offering","floor":21.0},{"not_picked":["Bloodletting","Pommel Strike"],"picked":"Inflame","floor":23.0},{"not_picked":["Sword Boomerang","Perfected Strike+1","Dropkick"],"picked":"SKIP","floor":25.0},{"not_picked":["Armaments","Anger","Reaper"],"picked":"SKIP","floor":27.0},{"not_picked":["Whirlwind","Power Through","Clothesline"],"picked":"SKIP","floor":28.0},{"not_picked":["Clothesline","Rage"],"picked":"Shrug It Off","floor":29.0},{"not_picked":["Pommel Strike","Shockwave","Flex"],"picked":"SKIP","floor":31.0},{"not_picked":["Reaper","Barricade"],"picked":"Feed","floor":33.0},{"not_picked":["Ghostly Armor"],"picked":"SKIP","floor":35.0},{"not_picked":["Seeing Red"],"picked":"SKIP","floor":37.0},{"not_picked":["Bloodletting"],"picked":"SKIP","floor":38.0},{"not_picked":["Thunderclap"],"picked":"SKIP","floor":39.0},{"not_picked":["Thunderclap+1"],"picked":"SKIP","floor":40.0},{"not_picked":["Pommel Strike"],"picked":"SKIP","floor":42.0},{"not_picked":[],"picked":"Pommel Strike","floor":42.0},{"not_picked":["Rage+1"],"picked":"SKIP","floor":44.0},{"not_picked":["Clash"],"picked":"SKIP","floor":46.0},{"not_picked":["Searing Blow"],"picked":"SKIP","floor":47.0},{"not_picked":["Infernal Blade+1"],"picked":"SKIP","floor":48.0},{"not_picked":[],"picked":"Infernal Blade+1","floor":48.0},{"not_picked":[],"picked":"Flame Barrier","floor":54.0}],"player_experience":438759,"relics_obtained":[{"floor":6.0,"key":"Bag of Marbles"},{"floor":11.0,"key":"Strawberry"},{"floor":23.0,"key":"Potion Belt"},{"floor":25.0,"key":"Regal Pillow"},{"floor":26.0,"key":"Self Forming Clay"},{"floor":28.0,"key":"Paper Frog"},{"floor":40.0,"key":"Ornamental Fan"},{"floor":43.0,"key":"Ancient Tea Set"},{"floor":46.0,"key":"Letter Opener"},{"floor":48.0,"key":"Juzu Bracelet"},{"floor":54.0,"key":"Prayer Wheel"}],"event_choices":[{"damage_healed":0.0,"max_hp_gain":0.0,"max_hp_loss":0.0,"gold_gain":0.0,"cards_transformed":["Strike_R"],"event_name":"Transmorgrifier","player_choice":"Transformed","floor":2.0,"gold_loss":0.0,"damage_taken":0.0,"cards_obtained":["Clothesline"]},{"damage_healed":0.0,"max_hp_gain":0.0,"max_hp_loss":0.0,"gold_gain":0.0,"event_name":"Scrap Ooze","player_choice":"Success","floor":5.0,"gold_loss":0.0,"damage_taken":25.0,"relics_obtained":["Red Skull"]},{"damage_healed":0.0,"max_hp_gain":0.0,"max_hp_loss":0.0,"gold_gain":0.0,"event_name":"Accursed Blacksmith","player_choice":"Forge","floor":7.0,"gold_loss":0.0,"damage_taken":0.0,"cards_upgraded":["Immolate"]},{"damage_healed":0.0,"max_hp_gain":0.0,"max_hp_loss":0.0,"gold_gain":79.0,"event_name":"Golden Wing","player_choice":"Gained Gold","floor":13.0,"gold_loss":0.0,"damage_taken":0.0},{"damage_healed":0.0,"max_hp_gain":0.0,"max_hp_loss":0.0,"gold_gain":0.0,"event_name":"Drug Dealer","player_choice":"Obtain J.A.X.","floor":20.0,"gold_loss":0.0,"damage_taken":0.0,"cards_obtained":["J.A.X."]},{"cards_removed":["Mayhem"],"damage_healed":32.0,"max_hp_gain":10.0,"max_hp_loss":0.0,"gold_gain":0.0,"event_name":"Bonfire Elementals","player_choice":"Offered Rare","floor":30.0,"gold_loss":0.0,"damage_taken":0.0},{"cards_removed":["Defend_R"],"damage_healed":0.0,"max_hp_gain":0.0,"max_hp_loss":0.0,"gold_gain":0.0,"event_name":"Falling","player_choice":"Removed Skill","floor":36.0,"gold_loss":0.0,"damage_taken":0.0}],"is_beta":true,"boss_relics":[{"not_picked":["Runic Pyramid","Calling Bell"],"picked":"Mark of Pain"},{"not_picked":["Velvet Choker","White Beast Statue"],"picked":"Busted Crown"}],"items_purged_floors":[22,45,53],"is_endless":false,"potions_floor_spawned":[11,12,16,18,19,25,28,31,33,38,39,40,42,47],"killed_by":"The Heart","ascension_level":12}