{"gold_per_floor":[113,113,133,133,58,58,74,89,162,162,162,193,203,214,214,291,291,306,318,328,328,328,328,328],"floor_reached":24,"playtime":738,"items_purged":["Pain"],"score":396,"play_id":"d666d797-1d44-402d-b35e-79217bb8f63a","local_time":"20190414155517","is_ascension_mode":true,"campfire_choices":[{"data":"Bash","floor":6,"key":"SMITH"},{"data":"Whirlwind","floor":10,"key":"SMITH"},{"data":"Rampage","floor":15,"key":"SMITH"},{"floor":23,"key":"REST"}],"neow_cost":"NONE","seed_source_timestamp":354700645808600,"circlet_count":0,"master_deck":["AscendersBane","Strike_R","Strike_R","Strike_R","Strike_R","Strike_R","Defend_R","Defend_R","Defend_R","Defend_R","Bash+1","Whirlwind+1","Sword Boomerang","Limit Break","Rampage+1","Immolate","Inflame"],"relics":["Burning Blood","NeowsBlessing","WarpedTongs","Ornamental Fan","Thread and Needle","Lizard Tail","Nloth\u0027s Gift"],"potions_floor_usage":[16,19,24],"damage_taken":[{"damage":0,"enemies":"Small Slimes","floor":1,"turns":1},{"damage":0,"enemies":"Cultist","floor":3,"turns":1},{"damage":0,"enemies":"Jaw Worm","floor":7,"turns":1},{"damage":7,"enemies":"Red Slaver","floor":8,"turns":4},{"damage":28,"enemies":"Gremlin Nob","floor":12,"turns":4},{"damage":3,"enemies":"Exordium Wildlife","floor":13,"turns":3},{"damage":2,"enemies":"Looter","floor":14,"turns":3},{"damage":14,"enemies":"Slime Boss","floor":16,"turns":7},{"damage":42,"enemies":"Shell Parasite","floor":18,"turns":6},{"damage":29,"enemies":"Chosen","floor":19,"turns":6},{"damage":43,"enemies":"Snake Plant","floor":20,"turns":4},{"damage":50,"enemies":"Book of Stabbing","floor":24,"turns":4}],"seed_played":"6518850103182259115","potions_obtained":[{"floor":1,"key":"Poison Potion"},{"floor":7,"key":"PowerPotion"},{"floor":8,"key":"LiquidBronze"},{"floor":14,"key":"Regen Potion"},{"floor":20,"key":"SpeedPotion"}],"is_trial":false,"path_per_floor":["M","?","M","?","$","R","M","M","T","R","T","E","M","M","R","B",null,"M","M","M","?","?","R","E"],"character_chosen":"IRONCLAD","items_purchased":[],"campfire_rested":1,"item_purchase_floors":[],"current_hp_per_floor":[74,74,75,75,75,75,75,74,74,74,74,52,55,59,59,51,69,33,25,27,27,27,49,0],"gold":328,"neow_bonus":"THREE_ENEMY_KILL","is_prod":false,"is_daily":false,"chose_seed":false,"campfire_upgraded":3,"win_rate":0,"timestamp":1555250117,"path_taken":["M","?","?","?","$","R","M","?","T","R","?","E","?","M","R","BOSS","M","M","M","?","?","R","E"],"build_version":"2019-04-04","purchased_purges":1,"victory":false,"max_hp_per_floor":[75,75,75,75,75,75,75,75,75,75,75,75,75,75,75,75,75,75,75,75,75,75,75,75],"card_choices":[{"not_picked":["Entrench","Headbutt"],"picked":"Whirlwind","floor":1},{"not_picked":["Perfected Strike","Sentinel"],"picked":"Sword Boomerang","floor":3},{"not_picked":["Havoc","Corruption","Power Through"],"picked":"SKIP","floor":7},{"not_picked":["Cleave","Warcry","Pommel Strike"],"picked":"SKIP","floor":8},{"not_picked":["Dropkick","Corruption"],"picked":"Limit Break","floor":12},{"not_picked":["Armaments","Clothesline"],"picked":"Rampage","floor":13},{"not_picked":["Sword Boomerang","Power Through","True Grit"],"picked":"SKIP","floor":14},{"not_picked":["Limit Break","Offering"],"picked":"Immolate","floor":16},{"not_picked":["Flex","Sword Boomerang"],"picked":"Inflame","floor":18},{"not_picked":["Shockwave","Spot Weakness","Havoc"],"picked":"SKIP","floor":19},{"not_picked":["Flex","Dropkick","Iron Wave+1"],"picked":"SKIP","floor":20}],"player_experience":1385732,"relics_obtained":[{"floor":11,"key":"Ornamental Fan"},{"floor":12,"key":"Thread and Needle"}],"event_choices":[{"damage_healed":0,"gold_gain":0,"player_choice":"Gave Potion","damage_taken":0,"relics_obtained":["Dream Catcher"],"max_hp_gain":0,"max_hp_loss":0,"event_name":"WeMeetAgain","floor":2,"gold_loss":0},{"damage_healed":0,"gold_gain":0,"player_choice":"Rummage","damage_taken":0,"relics_obtained":["WarpedTongs"],"max_hp_gain":0,"max_hp_loss":0,"event_name":"Accursed Blacksmith","floor":4,"gold_loss":0,"cards_obtained":["Pain"]},{"damage_healed":0,"gold_gain":0,"player_choice":"Ignored","damage_taken":0,"max_hp_gain":0,"max_hp_loss":0,"event_name":"Ghosts","floor":21,"gold_loss":0},{"damage_healed":0,"gold_gain":0,"player_choice":"Traded Relic","damage_taken":0,"relics_obtained":["Nloth\u0027s Gift"],"max_hp_gain":0,"max_hp_loss":0,"event_name":"N\u0027loth","floor":22,"relics_lost":["Dream Catcher"],"gold_loss":0}],"is_beta":true,"boss_relics":[{"not_picked":["Runic Pyramid","Sozu"],"picked":"Lizard Tail"}],"items_purged_floors":[5],"is_endless":false,"potions_floor_spawned":[1,7,8,14,20],"killed_by":"Book of Stabbing","ascension_level":20}