{"gold_per_floor":[13,13,88,102,114,139,150,150,176,205,225,237,138,167,167,263,263,280,295,308,308,308,363,379,394,394,394,421,432,467,486,486,589,589,605,617,261,309,309,338,338,34,58,58,71,102,102,119,119,119],"floor_reached":51,"playtime":2074,"items_purged":["Strike_R","Strike_R+1"],"score":914,"play_id":"549c4a78-2492-4bd2-bec6-a4772149d670","local_time":"20190503021338","is_ascension_mode":false,"campfire_choices":[{"data":"Armaments","floor":8,"key":"SMITH"},{"data":"Armaments","floor":15,"key":"SMITH"},{"data":"True Grit","floor":32,"key":"SMITH"},{"data":"Fiend Fire","floor":41,"key":"SMITH"},{"data":"Immolate","floor":44,"key":"SMITH"},{"data":"Demon Form","floor":47,"key":"SMITH"},{"data":"Inflame","floor":49,"key":"SMITH"}],"neow_cost":"NO_GOLD","seed_source_timestamp":1782320026890700,"circlet_count":0,"master_deck":["Strike_R+1","Strike_R+1","Strike_R+1","Defend_R+1","Defend_R+1","Defend_R+1","Defend_R+1","Bash+1","Double Tap","Anger","Twin Strike","True Grit","Armaments+1","Iron Wave","Rampage","Armaments+1","Shrug It Off","True Grit+1","Immolate+1","Immolate","Inflame+1","Armaments+1","Headbutt","True Grit","Decay","Rage+1","Whirlwind+1","Shrug It Off+1","Impervious+1","Fiend Fire+1","Shrug It Off+1","PanicButton+1","Demon Form+1","Warcry+1","Inflame","Clothesline"],"relics":["Burning Blood","Bronze Scales","PreservedInsect","Potion Belt","Orichalcum","Velvet Choker","Enchiridion","Tiny Chest","Toxic Egg 2","Nunchaku","Lantern","Sozu","Pocketwatch","Bag of Marbles","Membership Card","Anchor","Pen Nib","Happy Flower"],"potions_floor_usage":[6,23,29,33,33,50,50],"damage_taken":[{"damage":5,"enemies":"Small Slimes","floor":1,"turns":4},{"damage":0,"enemies":"2 Louse","floor":4,"turns":3},{"damage":1,"enemies":"Cultist","floor":5,"turns":3},{"damage":0,"enemies":"Gremlin Nob","floor":6,"turns":2},{"damage":0,"enemies":"Exordium Wildlife","floor":7,"turns":3},{"damage":9,"enemies":"3 Sentries","floor":10,"turns":6},{"damage":0,"enemies":"Looter","floor":11,"turns":2},{"damage":13,"enemies":"Large Slime","floor":12,"turns":6},{"damage":0,"enemies":"Gremlin Nob","floor":14,"turns":3},{"damage":15,"enemies":"Slime Boss","floor":16,"turns":9},{"damage":0,"enemies":"Chosen","floor":18,"turns":4},{"damage":2,"enemies":"Spheric Guardian","floor":19,"turns":3},{"damage":0,"enemies":"Chosen and Byrds","floor":20,"turns":4},{"damage":13,"enemies":"Gremlin Leader","floor":23,"turns":8},{"damage":2,"enemies":"Snecko","floor":24,"turns":4},{"damage":14,"enemies":"Shelled Parasite and Fungi","floor":25,"turns":6},{"damage":7,"enemies":"Book of Stabbing","floor":28,"turns":2},{"damage":5,"enemies":"Centurion and Healer","floor":29,"turns":5},{"damage":0,"enemies":"Gremlin Leader","floor":30,"turns":5},{"damage":0,"enemies":"Snecko","floor":31,"turns":4},{"damage":26,"enemies":"Champ","floor":33,"turns":14},{"damage":2,"enemies":"3 Shapes","floor":35,"turns":3},{"damage":13,"enemies":"3 Darklings","floor":36,"turns":4},{"damage":12,"enemies":"2 Orb Walkers","floor":38,"turns":5},{"damage":7,"enemies":"Nemesis","floor":40,"turns":5},{"damage":0,"enemies":"4 Shapes","floor":45,"turns":1},{"damage":0,"enemies":"Reptomancer","floor":46,"turns":5},{"damage":0,"enemies":"Sphere and 2 Shapes","floor":48,"turns":3},{"damage":12,"enemies":"Donu and Deca","floor":50,"turns":5}],"seed_played":"6842055348786073111","potions_obtained":[{"floor":4,"key":"Swift Potion"},{"floor":5,"key":"AttackPotion"},{"floor":7,"key":"SpeedPotion"},{"floor":11,"key":"SteroidPotion"},{"floor":16,"key":"FearPotion"},{"floor":19,"key":"Dexterity Potion"},{"floor":24,"key":"Energy Potion"},{"floor":29,"key":"Regen Potion"},{"floor":30,"key":"Ancient Potion"},{"floor":33,"key":"SpeedPotion"}],"is_trial":false,"path_per_floor":["M","?","?","M","M","E","M","R","T","E","M","M","$","E","R","B",null,"M","M","M","?","?","E","M","M","T","?","E","M","E","M","R","B",null,"M","M","$","?","?","E","R","$","T","R","M","E","R","M","R","B",null],"character_chosen":"IRONCLAD","items_purchased":["True Grit","PanicButton+1","Demon Form","Warcry+1","Membership Card","Anchor","Inflame"],"campfire_rested":0,"item_purchase_floors":[13,37,37,37,42,42,42],"current_hp_per_floor":[80,80,72,78,80,80,80,80,80,77,80,73,73,79,79,70,80,80,80,80,80,64,57,61,53,53,53,52,53,59,65,65,45,80,80,73,73,67,67,66,66,66,66,66,72,78,78,80,80,80],"gold":119,"neow_bonus":"THREE_RARE_CARDS","is_prod":false,"is_daily":false,"chose_seed":false,"campfire_upgraded":7,"win_rate":1,"timestamp":1556874818,"path_taken":["M","?","?","M","M","E","M","R","T","E","?","M","$","E","R","BOSS","M","M","M","?","?","E","M","M","T","?","E","M","E","M","R","BOSS","M","M","$","?","?","E","R","$","T","R","M","E","R","?","R","BOSS"],"build_version":"2019-01-23","purchased_purges":2,"victory":true,"max_hp_per_floor":[80,80,80,80,80,80,80,80,80,80,80,80,80,80,80,80,80,80,80,80,80,80,80,80,80,80,80,80,80,80,80,80,80,80,80,80,80,80,80,80,80,80,80,80,80,80,80,80,80,80],"card_choices":[{"not_picked":["Berserk","Brutality"],"picked":"Double Tap","floor":0},{"not_picked":["Wild Strike","Twin Strike"],"picked":"Anger","floor":1},{"not_picked":["Flex","Sword Boomerang"],"picked":"Twin Strike","floor":4},{"not_picked":["Flex","Dark Embrace"],"picked":"True Grit","floor":5},{"not_picked":["Power Through","Sword Boomerang"],"picked":"Armaments","floor":6},{"not_picked":["Havoc","Sword Boomerang"],"picked":"Iron Wave","floor":7},{"not_picked":["Reckless Charge","Double Tap"],"picked":"Rampage","floor":10},{"not_picked":["Hemokinesis","Body Slam"],"picked":"Armaments","floor":11},{"not_picked":["Wild Strike","Evolve"],"picked":"Shrug It Off","floor":12},{"not_picked":["Perfected Strike","Power Through"],"picked":"Immolate","floor":14},{"not_picked":["Demon Form","Berserk"],"picked":"Immolate","floor":16},{"not_picked":["Flex+1","Rupture","Heavy Blade+1"],"picked":"SKIP","floor":18},{"not_picked":["Thunderclap","Sword Boomerang"],"picked":"Inflame","floor":19},{"not_picked":["Havoc","Anger"],"picked":"Armaments+1","floor":20},{"not_picked":["Anger","Entrench+1"],"picked":"Headbutt","floor":23},{"not_picked":["Wild Strike","Brutality","Rage"],"picked":"SKIP","floor":24},{"not_picked":["Clash","Heavy Blade"],"picked":"True Grit","floor":25},{"not_picked":["Anger","Wild Strike"],"picked":"Rage+1","floor":28},{"not_picked":["Sword Boomerang","Carnage"],"picked":"Whirlwind+1","floor":29},{"not_picked":["Body Slam","Heavy Blade"],"picked":"Shrug It Off+1","floor":30},{"not_picked":["Iron Wave","Wild Strike"],"picked":"Impervious+1","floor":31},{"not_picked":["Barricade","Brutality"],"picked":"Fiend Fire","floor":33},{"not_picked":["Sword Boomerang+1","Feel No Pain"],"picked":"Shrug It Off+1","floor":35},{"not_picked":["Havoc+1","Infernal Blade+1","Thunderclap+1"],"picked":"SKIP","floor":36},{"not_picked":["Whirlwind","Berserk","Havoc+1"],"picked":"SKIP","floor":40},{"not_picked":["Hemokinesis","Entrench+1","Fire Breathing"],"picked":"SKIP","floor":45},{"not_picked":["Dual Wield+1","Pummel"],"picked":"Clothesline","floor":46},{"not_picked":["Reckless Charge+1","Sever Soul+1","Perfected Strike"],"picked":"SKIP","floor":48}],"player_experience":704554,"relics_obtained":[{"floor":6,"key":"Bronze Scales"},{"floor":9,"key":"PreservedInsect"},{"floor":10,"key":"Potion Belt"},{"floor":14,"key":"Orichalcum"},{"floor":22,"key":"Enchiridion"},{"floor":23,"key":"Tiny Chest"},{"floor":26,"key":"Toxic Egg 2"},{"floor":28,"key":"Nunchaku"},{"floor":30,"key":"Lantern"},{"floor":38,"key":"Pocketwatch"},{"floor":40,"key":"Bag of Marbles"},{"floor":43,"key":"Pen Nib"},{"floor":46,"key":"Happy Flower"}],"event_choices":[{"damage_healed":0,"gold_gain":0,"player_choice":"Grow","damage_taken":0,"max_hp_gain":0,"max_hp_loss":0,"event_name":"Living Wall","floor":2,"gold_loss":0,"cards_upgraded":["Bash"]},{"damage_healed":0,"gold_gain":75,"player_choice":"Touch","damage_taken":8,"max_hp_gain":0,"max_hp_loss":0,"event_name":"FaceTrader","floor":3,"gold_loss":0},{"damage_healed":0,"gold_gain":0,"player_choice":"Simplicity","damage_taken":0,"max_hp_gain":0,"max_hp_loss":0,"event_name":"Back to Basics","floor":21,"gold_loss":0,"cards_upgraded":["Strike_R","Strike_R","Strike_R","Strike_R","Defend_R","Defend_R","Defend_R","Defend_R"]},{"damage_healed":0,"gold_gain":0,"player_choice":"Obtained Book","damage_taken":16,"max_hp_gain":0,"max_hp_loss":0,"event_name":"Cursed Tome","floor":22,"gold_loss":0},{"damage_healed":0,"gold_gain":0,"player_choice":"Smashed Altar","damage_taken":0,"max_hp_gain":0,"max_hp_loss":0,"event_name":"Forgotten Altar","floor":27,"gold_loss":0,"cards_obtained":["Decay"]},{"damage_healed":0,"gold_gain":0,"player_choice":"Fight","damage_taken":0,"max_hp_gain":0,"max_hp_loss":0,"event_name":"Mysterious Sphere","floor":38,"gold_loss":0},{"damage_healed":0,"gold_gain":0,"player_choice":"Ignored","damage_taken":0,"max_hp_gain":0,"max_hp_loss":0,"event_name":"Transmorgrifier","floor":39,"gold_loss":0}],"is_beta":false,"boss_relics":[{"not_picked":["Runic Cube","Pandora\u0027s Box"],"picked":"Velvet Choker"},{"not_picked":["Eternal Feather","Empty Cage"],"picked":"Sozu"}],"items_purged_floors":[13,37],"is_endless":false,"potions_floor_spawned":[4,5,7,11,16,19,24,29,30,33,35,36,40,48],"ascension_level":0}