{"gold_per_floor":[119,129,129,129,147,147,72,106,106,106,117,130,149,49,49,150,150,169,180,180,196,196],"floor_reached":22,"playtime":709,"items_purged":["Defend_R","Strike_R"],"score":188,"play_id":"920e68ce-792b-4f86-b80b-2e8bc4c99071","local_time":"20190222001721","is_ascension_mode":false,"campfire_choices":[{"data":"Shrug It Off","floor":6,"key":"SMITH"},{"data":"Strike_R","floor":15,"key":"SMITH"}],"neow_cost":"NONE","seed_source_timestamp":173490551866800,"circlet_count":0,"master_deck":["Strike_R","Strike_R+1","Strike_R+1","Defend_R","Defend_R","Bash+1","Shrug It Off+1"],"relics":["Burning Blood","NlothsMask","Paper Frog","Empty Cage"],"potions_floor_usage":[0,11,18,19,19,22,22],"damage_taken":[{"damage":0,"enemies":"Small Slimes","floor":1,"turns":3},{"damage":5,"enemies":"Jaw Worm","floor":2,"turns":4},{"damage":6,"enemies":"Cultist","floor":5,"turns":4},{"damage":14,"enemies":"Gremlin Nob","floor":8,"turns":4},{"damage":3,"enemies":"Lots of Slimes","floor":11,"turns":4},{"damage":8,"enemies":"Red Slaver","floor":12,"turns":3},{"damage":8,"enemies":"Gremlin Gang","floor":13,"turns":5},{"damage":44,"enemies":"The Guardian","floor":16,"turns":12},{"damage":5,"enemies":"Shell Parasite","floor":18,"turns":7},{"damage":37,"enemies":"3 Byrds","floor":19,"turns":8},{"damage":29,"enemies":"Snake Plant","floor":21,"turns":4},{"damage":37,"enemies":"Sentry and Sphere","floor":22,"turns":9}],"seed_played":"-256072127017844787","potions_obtained":[{"floor":0,"key":"Fruit Juice"},{"floor":0,"key":"Ancient Potion"},{"floor":0,"key":"GamblersBrew"},{"floor":1,"key":"Block Potion"},{"floor":2,"key":"SteroidPotion"},{"floor":16,"key":"SkillPotion"},{"floor":18,"key":"Energy Potion"},{"floor":19,"key":"Weak Potion"}],"is_trial":false,"path_per_floor":["M","M","?","?","M","R","$","E","T","$","M","M","M","$","R","B",null,"M","M","?","M","M"],"character_chosen":"IRONCLAD","items_purchased":[],"campfire_rested":0,"item_purchase_floors":[],"current_hp_per_floor":[85,85,68,68,68,68,68,60,60,60,63,61,59,59,59,21,85,85,54,54,31,0],"gold":196,"neow_bonus":"THREE_SMALL_POTIONS","is_prod":false,"is_daily":false,"chose_seed":false,"campfire_upgraded":2,"win_rate":0,"timestamp":1550791041,"path_taken":["M","M","?","?","?","R","$","E","T","?","M","?","?","$","R","BOSS","M","M","?","M","M"],"build_version":"2019-02-06","purchased_purges":2,"victory":false,"max_hp_per_floor":[85,85,85,85,85,85,85,85,85,85,85,85,85,85,85,85,85,85,85,85,85,85],"card_choices":[{"not_picked":["Perfected Strike","Heavy Blade","Pommel Strike"],"picked":"SKIP","floor":1},{"not_picked":["Uppercut","Spot Weakness"],"picked":"Shrug It Off","floor":2},{"not_picked":["Pummel","Anger","Twin Strike"],"picked":"SKIP","floor":5},{"not_picked":["Evolve","Havoc","Combust"],"picked":"SKIP","floor":8},{"not_picked":["Twin Strike","Wild Strike","Cleave"],"picked":"SKIP","floor":11},{"not_picked":["Body Slam","Rupture","Uppercut"],"picked":"SKIP","floor":12},{"not_picked":["Headbutt","Flex","Sever Soul"],"picked":"SKIP","floor":13},{"not_picked":["Pommel Strike","Perfected Strike","Clash+1"],"picked":"SKIP","floor":18},{"not_picked":["Twin Strike+1","Clothesline+1","Flex+1"],"picked":"SKIP","floor":19},{"not_picked":["Anger+1","Wild Strike","Warcry"],"picked":"SKIP","floor":21}],"player_experience":1169350,"relics_obtained":[{"floor":8,"key":"Paper Frog"}],"event_choices":[{"damage_healed":0,"gold_gain":0,"player_choice":"Entered Light","damage_taken":17,"max_hp_gain":0,"max_hp_loss":0,"event_name":"Shining Light","floor":3,"gold_loss":0,"cards_upgraded":["Strike_R","Bash"]},{"damage_healed":0,"gold_gain":0,"player_choice":"Trade","damage_taken":0,"relics_obtained":["NlothsMask"],"max_hp_gain":0,"max_hp_loss":0,"event_name":"FaceTrader","floor":4,"gold_loss":0},{"damage_healed":0,"gold_gain":0,"player_choice":"Ignored","damage_taken":0,"max_hp_gain":0,"max_hp_loss":0,"event_name":"Duplicator","floor":20,"gold_loss":0}],"is_beta":true,"boss_relics":[{"not_picked":["Eternal Feather","Mark of Pain"],"picked":"Empty Cage"}],"items_purged_floors":[7,14],"is_endless":false,"potions_floor_spawned":[1,2,8,16,18,19],"killed_by":"Sentry and Sphere","ascension_level":0}