{"gold_per_floor":[119,137,153,173,34,60,60,60,87,107,107,72,44,71,71,71],"floor_reached":16,"playtime":462,"items_purged":[],"score":110,"play_id":"c8906f79-a25b-44ab-abeb-54672988d9b8","local_time":"20190225141000","is_ascension_mode":false,"campfire_choices":[{"data":"Die Die Die","floor":7,"key":"SMITH"},{"floor":11,"key":"REST"},{"data":"Neutralize","floor":15,"key":"SMITH"}],"neow_cost":"NONE","seed_source_timestamp":482912697335800,"circlet_count":0,"master_deck":["Defend_G","Defend_G","Defend_G","Defend_G","Strike_G","Strike_G","Strike_G","Strike_G","Strike_G","Survivor","Neutralize+1","Backstab","Backflip","Poisoned Stab","Die Die Die+1"],"relics":["Ring of the Snake","Anchor","Potion Belt","Tiny Chest","Dodecahedron"],"potions_floor_usage":[6,16,16],"damage_taken":[{"damage":0,"enemies":"Jaw Worm","floor":1,"turns":3},{"damage":0,"enemies":"Cultist","floor":2,"turns":4},{"damage":0,"enemies":"Small Slimes","floor":3,"turns":3},{"damage":0,"enemies":"Gremlin Gang","floor":4,"turns":5},{"damage":63,"enemies":"Lagavulin","floor":6,"turns":10},{"damage":0,"enemies":"Exordium Thugs","floor":10,"turns":3},{"damage":16,"enemies":"Gremlin Nob","floor":14,"turns":4},{"damage":38,"enemies":"Slime Boss","floor":16,"turns":11}],"seed_played":"8503310567022442863","potions_obtained":[{"floor":1,"key":"Regen Potion"},{"floor":3,"key":"Block Potion"},{"floor":6,"key":"SmokeBomb"},{"floor":14,"key":"Block Potion"}],"is_trial":false,"path_per_floor":["M","M","M","M","$","E","R","?","T","M","R","?","?","E","R","B"],"character_chosen":"THE_SILENT","items_purchased":["Die Die Die"],"campfire_rested":1,"item_purchase_floors":[5],"current_hp_per_floor":[70,70,70,70,70,7,7,7,7,7,28,45,45,29,29,6],"gold":71,"neow_bonus":"RANDOM_COMMON_RELIC","is_prod":false,"is_daily":false,"chose_seed":false,"campfire_upgraded":2,"win_rate":0,"timestamp":1551100200,"path_taken":["M","M","M","M","$","E","R","?","T","?","R","?","?","E","R","BOSS"],"build_version":"2019-02-06","purchased_purges":0,"victory":false,"max_hp_per_floor":[70,70,70,70,70,70,70,70,70,70,70,70,70,70,70,70],"card_choices":[{"not_picked":["Infinite Blades","Blade Dance","All Out Attack"],"picked":"SKIP","floor":1},{"not_picked":["Prepared","Endless Agony"],"picked":"Backstab","floor":2},{"not_picked":["Underhanded Strike","Dagger Throw"],"picked":"Backflip","floor":3},{"not_picked":["Dagger Spray","Eviscerate"],"picked":"Poisoned Stab","floor":4},{"not_picked":["Eviscerate","Bane","Night Terror"],"picked":"SKIP","floor":6},{"not_picked":["Calculated Gamble","Sucker Punch","Blade Dance"],"picked":"SKIP","floor":10},{"not_picked":["Blur","Quick Slash","Dodge and Roll"],"picked":"SKIP","floor":14}],"player_experience":1189691,"relics_obtained":[{"floor":6,"key":"Potion Belt"},{"floor":14,"key":"Dodecahedron"}],"event_choices":[{"cards_removed":["Defend_G"],"damage_healed":0,"gold_gain":0,"player_choice":"Purged","damage_taken":0,"max_hp_gain":0,"max_hp_loss":0,"event_name":"Purifier","floor":8,"gold_loss":0},{"damage_healed":17,"gold_gain":0,"player_choice":"Healed","damage_taken":0,"max_hp_gain":0,"max_hp_loss":0,"event_name":"The Cleric","floor":12,"gold_loss":35},{"damage_healed":0,"gold_gain":0,"player_choice":"Paid Gold","damage_taken":0,"relics_obtained":["Tiny Chest"],"max_hp_gain":0,"max_hp_loss":0,"event_name":"WeMeetAgain","floor":13,"gold_loss":58}],"is_beta":true,"boss_relics":[],"items_purged_floors":[],"is_endless":false,"potions_floor_spawned":[1,3,6,14],"killed_by":"Slime Boss","ascension_level":0}