{"gold_per_floor":[117,117,192,192,192,227,238,238,263,263,273,198,209,227,227,305,305,315,315,330,255,305,305,150,150,174,202,202,212,231,243,243,243],"floor_reached":33,"playtime":654,"items_purged":["Strike_R","Defend_R"],"score":580,"play_id":"9335e221-3ac0-4824-a39d-66cdcd2a22a9","local_time":"20190406234159","is_ascension_mode":true,"campfire_choices":[{"floor":8,"key":"REST"},{"data":"Twin Strike","floor":10,"key":"SMITH"},{"data":"Sword Boomerang","floor":15,"key":"SMITH"},{"floor":23,"key":"REST"},{"data":"Inflame","floor":25,"key":"SMITH"},{"floor":32,"key":"REST"}],"neow_cost":"NONE","seed_source_timestamp":106718445581200,"circlet_count":0,"master_deck":["AscendersBane","Strike_R","Strike_R","Defend_R","Defend_R","Defend_R+1","Bash+1","Twin Strike+1","Sword Boomerang+1","Shrug It Off","Sword Boomerang","Immolate+1","Inflame+1","Shrug It Off","Shrug It Off","Feed"],"relics":["Burning Blood","NeowsBlessing","Du-Vu Doll","Vajra","Lantern","Lizard Tail","Blood Vial"],"potions_floor_usage":[16,27,29,33,33],"damage_taken":[{"damage":0,"enemies":"Jaw Worm","floor":1,"turns":1},{"damage":0,"enemies":"Lagavulin","floor":6,"turns":1},{"damage":0,"enemies":"Small Slimes","floor":7,"turns":1},{"damage":0,"enemies":"Cultist","floor":11,"turns":2},{"damage":12,"enemies":"Lots of Slimes","floor":13,"turns":4},{"damage":0,"enemies":"Blue Slaver","floor":14,"turns":4},{"damage":32,"enemies":"Hexaghost","floor":16,"turns":8},{"damage":16,"enemies":"Shell Parasite","floor":18,"turns":3},{"damage":20,"enemies":"2 Thieves","floor":20,"turns":4},{"damage":43,"enemies":"Slavers","floor":27,"turns":3},{"damage":3,"enemies":"Shelled Parasite and Fungi","floor":29,"turns":2},{"damage":10,"enemies":"Snecko","floor":30,"turns":4},{"damage":24,"enemies":"Snake Plant","floor":31,"turns":4},{"damage":62,"enemies":"Collector","floor":33,"turns":6}],"seed_played":"-8032358697295528780","potions_obtained":[{"floor":6,"key":"GamblersBrew"},{"floor":11,"key":"Energy Potion"},{"floor":16,"key":"Strength Potion"},{"floor":29,"key":"PowerPotion"},{"floor":30,"key":"Explosive Potion"}],"is_trial":false,"path_per_floor":["M","?","?","?","?","E","M","R","T","R","M","?","M","M","R","B",null,"M","?","M","$","?","R","$","R","T","E","?","M","M","M","R","B"],"character_chosen":"IRONCLAD","items_purchased":["Shrug It Off"],"campfire_rested":3,"item_purchase_floors":[24],"current_hp_per_floor":[74,67,56,33,15,21,27,49,49,49,55,55,49,55,55,29,64,54,54,40,40,40,62,62,62,62,25,25,30,28,12,34,11],"gold":243,"neow_bonus":"THREE_ENEMY_KILL","is_prod":false,"is_daily":false,"chose_seed":false,"campfire_upgraded":3,"win_rate":0,"timestamp":1554586919,"path_taken":["M","?","?","?","?","E","M","R","T","R","M","?","?","M","R","BOSS","M","?","?","$","?","R","?","R","T","E","?","M","M","M","R","BOSS"],"build_version":"2019-04-04","purchased_purges":2,"victory":false,"max_hp_per_floor":[75,75,75,75,75,75,75,75,75,75,75,75,75,75,75,75,75,75,75,75,75,75,75,75,75,75,75,75,75,75,75,75,75],"card_choices":[{"not_picked":["Anger","Burning Pact"],"picked":"Twin Strike","floor":1},{"not_picked":["Warcry","Whirlwind"],"picked":"Sword Boomerang","floor":6},{"not_picked":["Intimidate","Feel No Pain","Armaments"],"picked":"SKIP","floor":7},{"not_picked":["Perfected Strike","Iron Wave","Headbutt"],"picked":"SKIP","floor":11},{"not_picked":["Fiend Fire","Anger"],"picked":"Shrug It Off","floor":13},{"not_picked":["Infernal Blade","Anger"],"picked":"Sword Boomerang","floor":14},{"not_picked":["Bludgeon","Barricade"],"picked":"Immolate","floor":16},{"not_picked":["Seeing Red+1","Anger","Headbutt+1"],"picked":"SKIP","floor":18},{"not_picked":["Intimidate","Whirlwind+1"],"picked":"Inflame","floor":20},{"not_picked":["Reckless Charge","Rupture"],"picked":"Shrug It Off","floor":27},{"not_picked":["Clothesline","Rage","Wild Strike"],"picked":"SKIP","floor":29},{"not_picked":["Perfected Strike","Headbutt","Dropkick"],"picked":"SKIP","floor":30},{"not_picked":["Flame Barrier","Pommel Strike"],"picked":"Feed","floor":31}],"player_experience":1339093,"relics_obtained":[{"floor":6,"key":"Vajra"},{"floor":9,"key":"Lantern"},{"floor":27,"key":"Blood Vial"}],"event_choices":[{"cards_removed":["Strike_R"],"damage_healed":0,"gold_gain":0,"player_choice":"Card Removal","damage_taken":7,"max_hp_gain":0,"max_hp_loss":0,"event_name":"Golden Wing","floor":2,"gold_loss":0},{"damage_healed":0,"gold_gain":75,"player_choice":"Gather Gold","damage_taken":11,"max_hp_gain":0,"max_hp_loss":0,"event_name":"World of Goop","floor":3,"gold_loss":0},{"damage_healed":0,"gold_gain":0,"player_choice":"Entered Light","damage_taken":23,"max_hp_gain":0,"max_hp_loss":0,"event_name":"Shining Light","floor":4,"gold_loss":0,"cards_upgraded":["Defend_R","Bash"]},{"damage_healed":0,"gold_gain":0,"player_choice":"Success","damage_taken":18,"relics_obtained":["Du-Vu Doll"],"max_hp_gain":0,"max_hp_loss":0,"event_name":"Scrap Ooze","floor":5,"gold_loss":0},{"cards_removed":["Strike_R"],"damage_healed":0,"gold_gain":0,"player_choice":"Card Removal","damage_taken":0,"max_hp_gain":0,"max_hp_loss":0,"event_name":"The Cleric","floor":12,"gold_loss":75},{"damage_healed":0,"gold_gain":0,"player_choice":"Upgraded","damage_taken":0,"max_hp_gain":0,"max_hp_loss":0,"event_name":"Upgrade Shrine","floor":19,"gold_loss":0,"cards_upgraded":["Immolate"]},{"damage_healed":0,"gold_gain":50,"player_choice":"Stole From Cult","damage_taken":0,"max_hp_gain":0,"max_hp_loss":0,"event_name":"Nest","floor":22,"gold_loss":0},{"damage_healed":0,"gold_gain":0,"player_choice":"Ignored","damage_taken":0,"max_hp_gain":0,"max_hp_loss":0,"event_name":"Cursed Tome","floor":28,"gold_loss":0}],"is_beta":true,"boss_relics":[{"not_picked":["Ectoplasm","Empty Cage"],"picked":"Lizard Tail"}],"items_purged_floors":[21,24],"is_endless":false,"potions_floor_spawned":[6,11,13,16,29,30],"killed_by":"Collector","ascension_level":20}