{"gold_per_floor":[111,111,36,51,126,159,169,169,169,199,56,56,56],"floor_reached":13,"playtime":455,"items_purged":["Strike_B","Strike_B"],"score":232,"play_id":"86b7fba8-20d1-43f2-87d1-e069264b7c27","local_time":"20190419145225","is_ascension_mode":true,"campfire_choices":[{"data":"Zap","floor":8,"key":"SMITH"}],"neow_cost":"NONE","seed_source_timestamp":68914661530213,"circlet_count":0,"master_deck":["AscendersBane","Strike_B","Defend_B","Defend_B","Defend_B","Defend_B","Zap+1","Dualcast","Ball Lightning","Go for the Eyes","BootSequence","Conserve Battery","Buffer","Capacitor"],"relics":["Cracked Core","NeowsBlessing","Symbiotic Virus","Mummified Hand","Juzu Bracelet","Dodecahedron"],"potions_floor_usage":[13],"damage_taken":[{"damage":0,"enemies":"2 Louse","floor":1,"turns":1},{"damage":0,"enemies":"Cultist","floor":4,"turns":1},{"damage":0,"enemies":"3 Sentries","floor":6,"turns":1},{"damage":0,"enemies":"Jaw Worm","floor":7,"turns":3},{"damage":3,"enemies":"Lagavulin","floor":10,"turns":5},{"damage":25,"enemies":"3 Sentries","floor":13,"turns":4}],"seed_played":"-3035966981181047205","potions_obtained":[{"floor":4,"key":"FocusPotion"},{"floor":10,"key":"Fire Potion"}],"is_trial":false,"path_per_floor":["M","?","$","M","?","E","M","R","T","E","$","?","E"],"character_chosen":"DEFECT","items_purchased":["Capacitor"],"campfire_rested":0,"item_purchase_floors":[11],"current_hp_per_floor":[64,64,64,64,53,53,53,53,53,50,50,24,0],"gold":56,"neow_bonus":"THREE_ENEMY_KILL","is_prod":false,"is_daily":false,"chose_seed":false,"campfire_upgraded":1,"win_rate":0,"timestamp":1555707145,"path_taken":["M","?","$","?","?","E","M","R","T","E","$","?","E"],"build_version":"2019-04-04","purchased_purges":2,"victory":false,"max_hp_per_floor":[71,71,71,71,71,71,71,71,71,71,71,71,71],"card_choices":[{"not_picked":["Cold Snap","Gash"],"picked":"Ball Lightning","floor":1},{"not_picked":["Turbo","Rebound"],"picked":"Go for the Eyes","floor":4},{"not_picked":["Streamline","Rebound"],"picked":"BootSequence","floor":6},{"not_picked":["Sweeping Beam","Turbo"],"picked":"Conserve Battery","floor":7},{"not_picked":["Barrage","Chill"],"picked":"Buffer","floor":10}],"player_experience":2939958,"relics_obtained":[{"floor":6,"key":"Symbiotic Virus"},{"floor":9,"key":"Mummified Hand"},{"floor":10,"key":"Juzu Bracelet"}],"event_choices":[{"cards_removed":["Strike_B"],"damage_healed":0,"gold_gain":0,"player_choice":"Offered Basic","damage_taken":0,"max_hp_gain":0,"max_hp_loss":0,"event_name":"Bonfire Elementals","floor":2,"gold_loss":0},{"damage_healed":0,"gold_gain":75,"player_choice":"Gather Gold","damage_taken":11,"max_hp_gain":0,"max_hp_loss":0,"event_name":"World of Goop","floor":5,"gold_loss":0},{"damage_healed":0,"gold_gain":0,"player_choice":"Success","damage_taken":26,"relics_obtained":["Dodecahedron"],"max_hp_gain":0,"max_hp_loss":0,"event_name":"Scrap Ooze","floor":12,"gold_loss":0}],"is_beta":true,"boss_relics":[],"items_purged_floors":[3,11],"is_endless":false,"potions_floor_spawned":[4,10],"killed_by":"3 Sentries","ascension_level":20}