{"gold_per_floor":[369,171,196,211,228,228,241,241,241,241,254,266,341,351,351,422,422,441,441,457,457,357,357,86,86,112,112,112,112,125,140,140,217,217,229,239,160,160,172,172,184,184],"floor_reached":42,"playtime":1482,"items_purged":["Injury","Strike_G"],"score":830,"play_id":"1a5ae6b6-9d6b-4cc2-a64d-6f830c380631","local_time":"20190126222053","is_ascension_mode":true,"campfire_choices":[{"data":"Neutralize","floor":6,"key":"SMITH"},{"data":"Noxious Fumes","floor":8,"key":"SMITH"},{"data":"Dash","floor":10,"key":"SMITH"},{"data":"Corpse Explosion","floor":15,"key":"SMITH"},{"data":"Corpse Explosion","floor":23,"key":"SMITH"},{"data":"Catalyst","floor":25,"key":"SMITH"},{"floor":27,"key":"REST"},{"floor":29,"key":"REST"},{"floor":32,"key":"REST"},{"floor":40,"key":"REST"}],"neow_cost":"CURSE","seed_source_timestamp":638872632904700,"circlet_count":0,"master_deck":["AscendersBane","Defend_G","Defend_G","Defend_G","Defend_G","Defend_G","Strike_G","Strike_G","Strike_G","Strike_G","Survivor","Neutralize+1","Noxious Fumes+1","Leg Sweep","Poisoned Stab","Dash+1","Flying Knee","Corpse Explosion+1","Corpse Explosion+1","Heel Hook","Catalyst+1","Malaise","Backflip","Footwork","Catalyst+1"],"relics":["Ring of the Snake","Omamori","Pear","Snecko Eye","Ninja Scroll","Boot","Dodecahedron","White Beast Statue"],"potions_floor_usage":[33,33,39,41,41,41],"damage_taken":[{"damage":8,"enemies":"Cultist","floor":1,"turns":4},{"damage":4,"enemies":"Jaw Worm","floor":4,"turns":7},{"damage":1,"enemies":"2 Louse","floor":5,"turns":4},{"damage":0,"enemies":"Blue Slaver","floor":7,"turns":4},{"damage":3,"enemies":"Looter","floor":11,"turns":3},{"damage":1,"enemies":"Red Slaver","floor":12,"turns":3},{"damage":1,"enemies":"Lots of Slimes","floor":14,"turns":6},{"damage":4,"enemies":"The Guardian","floor":16,"turns":9},{"damage":19,"enemies":"Shell Parasite","floor":18,"turns":5},{"damage":11,"enemies":"Spheric Guardian","floor":20,"turns":4},{"damage":12,"enemies":"Snake Plant","floor":30,"turns":3},{"damage":10,"enemies":"Centurion and Healer","floor":31,"turns":2},{"damage":73,"enemies":"Champ","floor":33,"turns":13},{"damage":16,"enemies":"3 Darklings","floor":35,"turns":3},{"damage":0,"enemies":"3 Shapes","floor":36,"turns":2},{"damage":7,"enemies":"Writhing Mass","floor":39,"turns":5},{"damage":35,"enemies":"3 Darklings","floor":41,"turns":4},{"damage":39,"enemies":"Maw","floor":42,"turns":8}],"seed_played":"4430541333516129072","potions_obtained":[{"floor":1,"key":"Energy Potion"},{"floor":4,"key":"Block Potion"},{"floor":20,"key":"Dexterity Potion"},{"floor":33,"key":"Regen Potion"},{"floor":35,"key":"Dexterity Potion"},{"floor":38,"key":"EntropicBrew"},{"floor":39,"key":"PowerPotion"},{"floor":41,"key":"Weak Potion"}],"is_trial":false,"path_per_floor":["M","$","T","M","M","R","M","R","T","R","M","M","?","M","R","B",null,"M","?","M","?","$","R","$","R","T","R","?","R","M","M","R","B",null,"M","M","$","?","M","R","M","M"],"character_chosen":"THE_SILENT","items_purchased":["Noxious Fumes","Leg Sweep","Ninja Scroll","Footwork"],"campfire_rested":4,"item_purchase_floors":[2,2,24,37],"current_hp_per_floor":[51,51,51,47,46,46,46,46,56,56,53,52,41,40,40,36,66,47,47,36,36,36,36,36,36,36,58,58,76,64,54,76,3,58,42,42,42,42,49,71,36,0],"gold":184,"neow_bonus":"TWO_FIFTY_GOLD","is_prod":false,"is_daily":false,"chose_seed":false,"campfire_upgraded":6,"win_rate":0,"timestamp":1548537653,"path_taken":["M","$","?","M","M","R","M","R","T","R","M","?","?","M","R","BOSS","M","?","M","?","$","R","?","R","T","R","?","R","M","M","R","BOSS","M","M","$","?","M","R","M","M"],"build_version":"2019-01-23","purchased_purges":2,"victory":false,"max_hp_per_floor":[66,66,66,66,66,66,66,66,76,76,76,76,76,76,76,76,76,76,76,76,76,76,76,76,76,76,76,76,76,76,76,76,76,76,76,76,76,76,76,76,76,76],"card_choices":[{"not_picked":["Infinite Blades","Masterful Stab","Deflect"],"picked":"SKIP","floor":1},{"not_picked":["Tactician","Bane"],"picked":"Poisoned Stab","floor":4},{"not_picked":["Choke","Slice"],"picked":"Dash","floor":5},{"not_picked":["Dash","Blade Dance"],"picked":"Flying Knee","floor":7},{"not_picked":["PiercingWail","Prepared"],"picked":"Backstab","floor":11},{"not_picked":["Bouncing Flask","Deadly Poison","Acrobatics"],"picked":"SKIP","floor":12},{"not_picked":["Sucker Punch","Cloak And Dagger"],"picked":"Corpse Explosion","floor":14},{"not_picked":["Glass Knife","Phantasmal Killer"],"picked":"Corpse Explosion","floor":16},{"not_picked":["Flying Knee","Deflect"],"picked":"Heel Hook","floor":18},{"not_picked":["Leg Sweep+1","Quick Slash","Slice"],"picked":"SKIP","floor":20},{"not_picked":["Terror","Blur","Cloak And Dagger"],"picked":"SKIP","floor":30},{"not_picked":["Leg Sweep","Underhanded Strike","Expertise"],"picked":"SKIP","floor":31},{"not_picked":["Glass Knife","Storm of Steel"],"picked":"Malaise","floor":33},{"not_picked":["Flechettes","Deflect","Slice+1"],"picked":"SKIP","floor":35},{"not_picked":["Calculated Gamble","Prepared"],"picked":"Backflip","floor":36},{"not_picked":["Deadly Poison","Caltrops+1","Endless Agony"],"picked":"SKIP","floor":39},{"not_picked":["Skewer","Reflex+1"],"picked":"Catalyst+1","floor":41}],"player_experience":1087471,"relics_obtained":[{"floor":3,"key":"Omamori"},{"floor":9,"key":"Pear"},{"floor":26,"key":"Boot"}],"event_choices":[{"damage_healed":0,"gold_gain":75,"player_choice":"Gather Gold","damage_taken":11,"max_hp_gain":0,"max_hp_loss":0,"event_name":"World of Goop","floor":13,"gold_loss":0},{"damage_healed":0,"gold_gain":0,"player_choice":"Read","damage_taken":0,"max_hp_gain":0,"max_hp_loss":0,"event_name":"The Library","floor":19,"gold_loss":0,"cards_obtained":["Catalyst"]},{"damage_healed":0,"gold_gain":0,"player_choice":"Ignored","damage_taken":0,"max_hp_gain":0,"max_hp_loss":0,"event_name":"Cursed Tome","floor":21,"gold_loss":0},{"cards_removed":["Backstab"],"damage_healed":0,"gold_gain":0,"player_choice":"Gave Card","damage_taken":0,"relics_obtained":["Dodecahedron"],"max_hp_gain":0,"max_hp_loss":0,"event_name":"WeMeetAgain","floor":28,"gold_loss":0},{"damage_healed":0,"gold_gain":0,"player_choice":"Got Potions","damage_taken":0,"max_hp_gain":0,"max_hp_loss":0,"event_name":"Lab","floor":38,"gold_loss":0}],"is_beta":true,"boss_relics":[{"not_picked":["Lizard Tail","Runic Pyramid"],"picked":"Snecko Eye"},{"not_picked":["Black Star","HoveringKite"],"picked":"White Beast Statue"}],"items_purged_floors":[2,22],"is_endless":false,"potions_floor_spawned":[1,4,14,18,20,33,35,36,39,41],"killed_by":"Maw","ascension_level":20}