{"gold_per_floor":[112,124,49,224,224,259,273,302,378,396,151,163,163,163,163,267,267,279,279,154,168,168,168,200,220,243,272,289,139,238,63,63,63],"floor_reached":33,"playtime":890,"items_purged":["Defend_R","Doubt","Power Through+1","Strike_R","Defend_R"],"score":308,"play_id":"fa869e02-0811-4b19-953d-6e32f48bdf32","local_time":"20190221233128","is_ascension_mode":false,"campfire_choices":[{"data":"Bash","floor":15,"key":"SMITH"},{"data":"Shrug It Off","floor":23,"key":"SMITH"},{"floor":32,"key":"REST"}],"neow_cost":"NONE","seed_source_timestamp":170557168391900,"circlet_count":0,"master_deck":["Strike_R","Strike_R","Bash+1","Dropkick","Shrug It Off+1","Flame Barrier+1","Twin Strike+1"],"relics":["Burning Blood","NeowsBlessing","Lantern","Oddly Smooth Stone","Odd Mushroom","Vajra","Paper Frog","Astrolabe","Boot","PreservedInsect","Letter Opener"],"potions_floor_usage":[16,27,33,33],"damage_taken":[{"damage":0,"enemies":"Cultist","floor":1,"turns":1},{"damage":0,"enemies":"Small Slimes","floor":2,"turns":1},{"damage":0,"enemies":"Gremlin Nob","floor":6,"turns":1},{"damage":0,"enemies":"2 Louse","floor":7,"turns":3},{"damage":25,"enemies":"The Mushroom Lair","floor":8,"turns":5},{"damage":0,"enemies":"Large Slime","floor":10,"turns":6},{"damage":8,"enemies":"Exordium Wildlife","floor":12,"turns":4},{"damage":49,"enemies":"Hexaghost","floor":16,"turns":9},{"damage":6,"enemies":"Shell Parasite","floor":18,"turns":9},{"damage":1,"enemies":"Chosen","floor":21,"turns":2},{"damage":40,"enemies":"Gremlin Leader","floor":24,"turns":6},{"damage":0,"enemies":"Snecko","floor":25,"turns":3},{"damage":12,"enemies":"Book of Stabbing","floor":27,"turns":5},{"damage":13,"enemies":"3 Cultists","floor":28,"turns":4},{"damage":77,"enemies":"Champ","floor":33,"turns":10}],"seed_played":"8648872477422944317","potions_obtained":[{"floor":6,"key":"EssenceOfSteel"},{"floor":16,"key":"Regen Potion"},{"floor":18,"key":"SpeedPotion"},{"floor":27,"key":"Block Potion"}],"is_trial":false,"path_per_floor":["M","M","$","?","?","E","M","?","T","M","$","M","T","?","R","B",null,"M","?","$","M","?","R","E","M","T","E","M","$","?","$","R","B"],"character_chosen":"IRONCLAD","items_purchased":["Vajra"],"campfire_rested":1,"item_purchase_floors":[11],"current_hp_per_floor":[80,80,80,80,73,79,80,61,61,67,67,65,65,65,65,22,80,80,80,80,80,80,80,46,52,52,60,53,53,53,53,77,0],"gold":63,"neow_bonus":"THREE_ENEMY_KILL","is_prod":false,"is_daily":false,"chose_seed":false,"campfire_upgraded":2,"win_rate":0,"timestamp":1550788288,"path_taken":["M","M","$","?","?","E","M","?","T","M","$","M","?","?","R","BOSS","M","?","$","M","?","R","E","M","T","E","M","$","?","$","R","BOSS"],"build_version":"2019-02-06","purchased_purges":5,"victory":false,"max_hp_per_floor":[80,80,80,80,80,80,80,80,80,80,80,80,80,80,80,80,80,80,80,80,80,80,80,80,80,80,80,80,80,80,80,80,80],"card_choices":[{"not_picked":["Pommel Strike","Hemokinesis","Warcry"],"picked":"SKIP","floor":1},{"not_picked":["Fire Breathing","Wild Strike","Pommel Strike"],"picked":"SKIP","floor":2},{"not_picked":["Anger","Thunderclap"],"picked":"Dropkick","floor":6},{"not_picked":["Corruption","Uppercut"],"picked":"Shrug It Off","floor":7},{"not_picked":["Evolve","Iron Wave","Rampage"],"picked":"SKIP","floor":10},{"not_picked":["Disarm","Warcry","Fire Breathing"],"picked":"SKIP","floor":12},{"not_picked":["Searing Blow","Sword Boomerang","Iron Wave"],"picked":"SKIP","floor":18},{"not_picked":["Hemokinesis+1","Pommel Strike","Metallicize+1"],"picked":"SKIP","floor":21},{"not_picked":["Clash","Pummel","Sword Boomerang"],"picked":"SKIP","floor":24},{"not_picked":["Anger","Flame Barrier","Feed"],"picked":"SKIP","floor":25},{"not_picked":["Offering","Fire Breathing","Armaments"],"picked":"SKIP","floor":27},{"not_picked":["Battle Trance+1","Flame Barrier","Twin Strike"],"picked":"SKIP","floor":28}],"player_experience":1166451,"relics_obtained":[{"floor":6,"key":"Oddly Smooth Stone"},{"floor":8,"key":"Odd Mushroom"},{"floor":13,"key":"Paper Frog"},{"floor":24,"key":"Boot"},{"floor":26,"key":"PreservedInsect"},{"floor":27,"key":"Letter Opener"}],"event_choices":[{"damage_healed":0,"gold_gain":175,"player_choice":"AGREE","damage_taken":0,"max_hp_gain":0,"max_hp_loss":0,"event_name":"Liars Game","floor":4,"gold_loss":0,"cards_obtained":["Doubt"]},{"damage_healed":0,"gold_gain":0,"player_choice":"Success","damage_taken":7,"relics_obtained":["Lantern"],"max_hp_gain":0,"max_hp_loss":0,"event_name":"Scrap Ooze","floor":5,"gold_loss":0},{"damage_healed":0,"gold_gain":0,"player_choice":"Fought Mushrooms","damage_taken":0,"max_hp_gain":0,"max_hp_loss":0,"event_name":"Mushrooms","floor":8,"gold_loss":0},{"cards_removed":["Defend_R"],"damage_healed":0,"gold_gain":0,"player_choice":"Forget","damage_taken":0,"max_hp_gain":0,"max_hp_loss":0,"event_name":"Living Wall","floor":14,"gold_loss":0},{"damage_healed":0,"gold_gain":0,"player_choice":"Ignored","damage_taken":0,"max_hp_gain":0,"max_hp_loss":0,"event_name":"Vampires","floor":19,"gold_loss":0},{"damage_healed":0,"gold_gain":0,"player_choice":"Ignored","damage_taken":0,"max_hp_gain":0,"max_hp_loss":0,"event_name":"Cursed Tome","floor":22,"gold_loss":0},{"damage_healed":0,"gold_gain":99,"player_choice":"Stole From Cult","damage_taken":0,"max_hp_gain":0,"max_hp_loss":0,"event_name":"Nest","floor":30,"gold_loss":0}],"is_beta":true,"boss_relics":[{"not_picked":["Busted Crown","Mark of Pain"],"picked":"Astrolabe"}],"items_purged_floors":[3,11,20,29,31],"is_endless":false,"potions_floor_spawned":[6,16,18,27],"killed_by":"Champ","ascension_level":0}