{"gold_per_floor":[119,119,132,146,163,196,212,229,229,229,254,179,189,203,203,203],"floor_reached":16,"playtime":562,"items_purged":[],"score":232,"play_id":"60feac54-3c5d-4d72-b425-d1c3f5c49ed3","local_time":"20190330010115","is_ascension_mode":true,"campfire_choices":[{"floor":10,"key":"REST"},{"data":"Flame Barrier","floor":15,"key":"SMITH"}],"neow_cost":"NONE","seed_source_timestamp":780230280207900,"circlet_count":0,"master_deck":["AscendersBane","Strike_R","Strike_R+1","Strike_R","Strike_R","Strike_R","Defend_R","Defend_R+1","Defend_R","Bash","Fiend Fire","Flame Barrier+1","Shrug It Off","Shrug It Off"],"relics":["Burning Blood","Ice Cream","Matryoshka","Pantograph"],"potions_floor_usage":[8,16,16],"damage_taken":[{"damage":7,"enemies":"Small Slimes","floor":1,"turns":4},{"damage":2,"enemies":"Jaw Worm","floor":3,"turns":4},{"damage":0,"enemies":"Cultist","floor":4,"turns":2},{"damage":6,"enemies":"Looter","floor":5,"turns":3},{"damage":24,"enemies":"Gremlin Nob","floor":6,"turns":4},{"damage":0,"enemies":"Blue Slaver","floor":7,"turns":6},{"damage":18,"enemies":"Lots of Slimes","floor":8,"turns":6},{"damage":19,"enemies":"Lagavulin","floor":11,"turns":8},{"damage":11,"enemies":"3 Louse","floor":13,"turns":4},{"damage":1,"enemies":"Red Slaver","floor":14,"turns":5},{"damage":65,"enemies":"Hexaghost","floor":16,"turns":9}],"seed_played":"-5335880314853883011","potions_obtained":[{"floor":3,"key":"Ancient Potion"},{"floor":6,"key":"LiquidBronze"},{"floor":8,"key":"Fire Potion"},{"floor":14,"key":"PowerPotion"}],"is_trial":false,"path_per_floor":["M","?","M","M","M","E","M","M","T","R","E","?","M","M","R","B"],"character_chosen":"IRONCLAD","items_purchased":[],"campfire_rested":1,"item_purchase_floors":[],"current_hp_per_floor":[67,44,48,54,54,36,42,30,30,52,39,39,34,39,39,0],"gold":203,"neow_bonus":"ONE_RANDOM_RARE_CARD","is_prod":false,"is_daily":false,"chose_seed":false,"campfire_upgraded":1,"win_rate":0,"timestamp":1553904075,"path_taken":["M","?","M","M","M","E","M","M","T","R","E","?","M","M","R","BOSS"],"build_version":"2019-03-15","purchased_purges":0,"victory":false,"max_hp_per_floor":[75,75,75,75,75,75,75,75,75,75,75,75,75,75,75,75],"card_choices":[{"not_picked":["Pommel Strike","Twin Strike","Corruption"],"picked":"SKIP","floor":1},{"not_picked":["Corruption","Power Through","Havoc"],"picked":"SKIP","floor":3},{"not_picked":["Shrug It Off","Twin Strike"],"picked":"Flame Barrier","floor":4},{"not_picked":["Flame Barrier","Iron Wave","Reckless Charge"],"picked":"SKIP","floor":5},{"not_picked":["Anger","Heavy Blade"],"picked":"Shrug It Off","floor":6},{"not_picked":["Twin Strike","Entrench","Body Slam"],"picked":"SKIP","floor":7},{"not_picked":["Flex","Body Slam","True Grit"],"picked":"SKIP","floor":8},{"not_picked":["Flex","Body Slam","True Grit"],"picked":"SKIP","floor":8},{"not_picked":["Fire Breathing","Shockwave"],"picked":"Shrug It Off","floor":11},{"not_picked":["Evolve","Uppercut","Headbutt"],"picked":"SKIP","floor":13},{"not_picked":["Flame Barrier","Havoc","Warcry"],"picked":"SKIP","floor":14}],"player_experience":1304727,"relics_obtained":[{"floor":6,"key":"Ice Cream"},{"floor":9,"key":"Matryoshka"},{"floor":11,"key":"Pantograph"}],"event_choices":[{"damage_healed":0,"gold_gain":0,"player_choice":"Entered Light","damage_taken":23,"max_hp_gain":0,"max_hp_loss":0,"event_name":"Shining Light","floor":2,"gold_loss":0,"cards_upgraded":["Strike_R","Defend_R"]},{"cards_removed":["Defend_R"],"damage_healed":0,"gold_gain":0,"player_choice":"Card Removal","damage_taken":0,"max_hp_gain":0,"max_hp_loss":0,"event_name":"The Cleric","floor":12,"gold_loss":75}],"is_beta":true,"boss_relics":[],"items_purged_floors":[],"is_endless":false,"potions_floor_spawned":[3,6,8,11,14],"killed_by":"Hexaghost","ascension_level":20}