{"gold_per_floor":[116,41,59,59,73,102,102,102,102,102,112,112,129,163,163,239,239,256,256,256,6,6,6,35,35,61,78,112,112,123,153,153,228,278,288,124,174,185,196,196,227,227,227,254,254,254,268,281,281,281,281,281,281,32,62,62],"floor_reached":57,"playtime":1698,"items_purged":["Normality","Writhe","Strike_R"],"score":2752,"play_id":"e76796d1-4805-472c-a557-917c67120b63","local_time":"20190501173051","is_ascension_mode":true,"campfire_choices":[{"data":"Bash","floor":7.0,"key":"SMITH"},{"data":"Demon Form","floor":10.0,"key":"SMITH"},{"floor":12.0,"key":"REST"},{"data":"Sword Boomerang","floor":15.0,"key":"SMITH"},{"floor":23.0,"key":"REST"},{"floor":25.0,"key":"REST"},{"data":"Heavy Blade","floor":29.0,"key":"SMITH"},{"floor":32.0,"key":"REST"},{"floor":40.0,"key":"REST"},{"floor":42.0,"key":"REST"},{"floor":45.0,"key":"RECALL"},{"floor":49.0,"key":"REST"},{"floor":53.0,"key":"REST"}],"neow_cost":"CURSE","seed_source_timestamp":0,"circlet_count":0,"master_deck":["AscendersBane","Strike_R","Strike_R+1","Strike_R","Defend_R","Defend_R","Defend_R","Defend_R","Bash+1","Demon Form+1","Sword Boomerang+1","Pummel","Limit Break+1","Heavy Blade+1","Limit Break+1","Shrug It Off+1","Twin Strike+1","Offering+1","Disarm+1","Offering+1","Shrug It Off+1","True Grit+1"],"special_seed":0,"relics":["Burning Blood","Toxic Egg 2","The Courier","Pantograph","Meat on the Bone","Sling","Bronze Scales","Red Skull","Blood Vial","Tiny House","Ice Cream","Dodecahedron","Frozen Egg 2","Omamori","ClockworkSouvenir","Anchor","Sozu","Oddly Smooth Stone","Bottled Tornado","Champion Belt","Dead Branch","Lizard Tail"],"potions_floor_usage":[],"damage_taken":[{"damage":19.0,"enemies":"Jaw Worm","floor":1.0,"turns":4.0},{"damage":2.0,"enemies":"Cultist","floor":3.0,"turns":4.0},{"damage":4.0,"enemies":"2 Louse","floor":5.0,"turns":3.0},{"damage":20.0,"enemies":"Lagavulin","floor":6.0,"turns":7.0},{"damage":25.0,"enemies":"Red Slaver","floor":11.0,"turns":4.0},{"damage":21.0,"enemies":"Blue Slaver","floor":13.0,"turns":3.0},{"damage":45.0,"enemies":"3 Sentries","floor":14.0,"turns":7.0},{"damage":38.0,"enemies":"Slime Boss","floor":16.0,"turns":6.0},{"damage":38.0,"enemies":"Chosen","floor":18.0,"turns":5.0},{"damage":30.0,"enemies":"Slavers","floor":24.0,"turns":3.0},{"damage":33.0,"enemies":"2 Thieves","floor":27.0,"turns":3.0},{"damage":32.0,"enemies":"Book of Stabbing","floor":28.0,"turns":4.0},{"damage":6.0,"enemies":"3 Cultists","floor":30.0,"turns":3.0},{"damage":37.0,"enemies":"Gremlin Leader","floor":31.0,"turns":3.0},{"damage":30.0,"enemies":"Automaton","floor":33.0,"turns":6.0},{"damage":12.0,"enemies":"Orb Walker","floor":35.0,"turns":2.0},{"damage":61.0,"enemies":"2 Orb Walkers","floor":37.0,"turns":3.0},{"damage":0.0,"enemies":"3 Darklings","floor":38.0,"turns":2.0},{"damage":50.0,"enemies":"Sphere and 2 Shapes","floor":39.0,"turns":4.0},{"damage":33.0,"enemies":"Nemesis","floor":41.0,"turns":5.0},{"damage":15.0,"enemies":"Giant Head","floor":44.0,"turns":4.0},{"damage":35.0,"enemies":"Spire Growth","floor":47.0,"turns":5.0},{"damage":30.0,"enemies":"Jaw Worm Horde","floor":48.0,"turns":4.0},{"damage":62.0,"enemies":"Donu and Deca","floor":50.0,"turns":6.0},{"damage":67.0,"enemies":"Time Eater","floor":51.0,"turns":7.0},{"damage":57.0,"enemies":"Shield and Spear","floor":55.0,"turns":3.0},{"damage":104,"enemies":"The Heart","floor":56,"turns":8}],"seed_played":"-4789520902484985584","potions_obtained":[{"floor":1.0,"key":"Dexterity Potion"},{"floor":5.0,"key":"Strength Potion"},{"floor":6.0,"key":"Explosive Potion"},{"floor":16.0,"key":"Strength Potion"},{"floor":24.0,"key":"SteroidPotion"},{"floor":31.0,"key":"SpeedPotion"},{"floor":33.0,"key":"SpeedPotion"},{"floor":34.0,"key":"BloodPotion"},{"floor":37.0,"key":"Ancient Potion"}],"is_trial":false,"path_per_floor":["M","$","M","?","M","E","R","T","T","R","M","R","M","E","R","B",null,"M","?","?","$","?","R","E","R","T","M","E","R","M","E","R","B",null,"M","$","?","M","M","R","E","R","T","E","R","?","M","M","R","B","B",null,"R","$","E","B",null],"character_chosen":"IRONCLAD","items_purchased":["Sling","Disarm+1","ClockworkSouvenir","GamblersBrew"],"campfire_rested":8,"item_purchase_floors":[21,36,54,54],"current_hp_per_floor":[55,55,59,52,54,40,40,40,40,40,21,43,28,19,19,12,59,27,27,27,27,27,49,37,59,59,44,30,30,42,23,45,48,73,77,77,36,56,26,50,37,61,61,54,54,54,39,29,53,36,24,66,80,80,41,37],"gold":62,"neow_bonus":"THREE_RARE_CARDS","is_prod":false,"is_daily":false,"chose_seed":false,"campfire_upgraded":4,"win_rate":0,"timestamp":1556724651,"path_taken":["M","$","M","?","M","E","R","?","T","R","M","R","M","E","R","BOSS","M","?","?","$","?","R","E","R","T","M","E","R","?","E","R","BOSS","M","$","?","M","M","R","E","R","T","E","R","?","M","M","R","BOSS","BOSS","R","$","E","BOSS"],"build_version":"2019-04-23","purchased_purges":3,"victory":true,"max_hp_per_floor":[75,75,75,75,75,75,75,75,75,75,75,75,75,75,75,75,75,75,75,75,75,75,75,75,75,75,75,75,75,75,75,75,75,80,80,80,80,80,80,80,80,80,80,80,80,80,80,80,80,80,80,80,80,80,80,80],"card_choices":[{"not_picked":["Brutality","Offering"],"picked":"Demon Form","floor":0.0},{"not_picked":["Carnage","Rupture","Wild Strike"],"picked":"SKIP","floor":1.0},{"not_picked":["Pommel Strike","Disarm","Clash"],"picked":"SKIP","floor":3.0},{"not_picked":["Cleave","Reckless Charge","Clothesline"],"picked":"SKIP","floor":5.0},{"not_picked":["Iron Wave","Combust","Disarm"],"picked":"SKIP","floor":6.0},{"not_picked":["Clothesline","Searing Blow","Pommel Strike"],"picked":"SKIP","floor":11.0},{"not_picked":["Hemokinesis","Thunderclap"],"picked":"Sword Boomerang","floor":13.0},{"not_picked":["Flex+1","Twin Strike"],"picked":"Pummel","floor":14.0},{"not_picked":["Juggernaut","Feed"],"picked":"Limit Break+1","floor":16.0},{"not_picked":["Sword Boomerang","Headbutt"],"picked":"Heavy Blade","floor":18.0},{"not_picked":["Warcry+1","Feel No Pain","Combust"],"picked":"SKIP","floor":24.0},{"not_picked":["Cleave","Anger"],"picked":"Shrug It Off+1","floor":27.0},{"not_picked":["Limit Break+1","Rage+1"],"picked":"Twin Strike+1","floor":28.0},{"not_picked":["Headbutt","Power Through+1","Wild Strike"],"picked":"SKIP","floor":30.0},{"not_picked":["Dual Wield+1","Havoc+1"],"picked":"Offering+1","floor":31.0},{"not_picked":["Perfected Strike","Ghostly Armor+1","Headbutt+1"],"picked":"SKIP","floor":35.0},{"not_picked":["Blood for Blood","Clash"],"picked":"Offering+1","floor":38.0},{"not_picked":["Cleave","Heavy Blade"],"picked":"Shrug It Off+1","floor":39.0},{"not_picked":["Searing Blow+1","Anger+1"],"picked":"Flame Barrier+1","floor":41.0},{"not_picked":["Spot Weakness+1","Double Tap+1","Heavy Blade+1"],"picked":"SKIP","floor":44.0},{"not_picked":["Heavy Blade","Armaments+1","Pummel+1"],"picked":"SKIP","floor":47.0},{"not_picked":["Iron Wave+1","Pommel Strike"],"picked":"True Grit+1","floor":48.0},{"not_picked":["Shockwave+1","Anger","Combust+1"],"picked":"SKIP","floor":55.0}],"player_experience":1427453,"relics_obtained":[{"floor":6.0,"key":"Toxic Egg 2"},{"floor":8.0,"key":"The Courier"},{"floor":9.0,"key":"Pantograph"},{"floor":24.0,"key":"Bronze Scales"},{"floor":28.0,"key":"Red Skull"},{"floor":31.0,"key":"Blood Vial"},{"floor":37.0,"key":"Ice Cream"},{"floor":41.0,"key":"Dodecahedron"},{"floor":43.0,"key":"Frozen Egg 2"},{"floor":44.0,"key":"Omamori"},{"floor":55.0,"key":"Anchor"}],"event_choices":[{"cards_removed":["Strike_R"],"damage_healed":0.0,"max_hp_gain":0.0,"max_hp_loss":0.0,"gold_gain":0.0,"event_name":"Golden Wing","player_choice":"Card Removal","floor":4.0,"gold_loss":0.0,"damage_taken":7.0},{"damage_healed":0.0,"max_hp_gain":0.0,"max_hp_loss":0.0,"gold_gain":0.0,"event_name":"The Mausoleum","player_choice":"Opened","floor":19.0,"gold_loss":0.0,"damage_taken":0.0,"relics_obtained":["Meat on the Bone"],"cards_obtained":["Writhe"]},{"damage_healed":0.0,"max_hp_gain":0.0,"max_hp_loss":0.0,"gold_gain":0.0,"event_name":"Ghosts","player_choice":"Ignored","floor":20.0,"gold_loss":0.0,"damage_taken":0.0},{"damage_healed":0.0,"max_hp_gain":0.0,"max_hp_loss":0.0,"gold_gain":0.0,"event_name":"Duplicator","player_choice":"Copied","floor":22.0,"gold_loss":0.0,"damage_taken":0.0,"cards_obtained":["Limit Break"]},{"damage_healed":0.0,"max_hp_gain":0.0,"max_hp_loss":0.0,"gold_gain":0.0,"event_name":"Mysterious Sphere","player_choice":"Fight","floor":37.0,"gold_loss":0.0,"damage_taken":0.0},{"cards_removed":["Flame Barrier"],"damage_healed":0.0,"max_hp_gain":0.0,"max_hp_loss":0.0,"gold_gain":0.0,"event_name":"Falling","player_choice":"Removed Skill","floor":46.0,"gold_loss":0.0,"damage_taken":0.0}],"is_beta":true,"boss_relics":[{"not_picked":["Philosopher\u0027s Stone","Sozu"],"picked":"Velvet Choker"},{"not_picked":["Cursed Key","Orrery"],"picked":"Tiny House"}],"items_purged_floors":[2,21,36],"is_endless":false,"potions_floor_spawned":[1,5,6,16,24,31,33,37,38],"ascension_level":20}