{"gold_per_floor":[118,130,130,130,130,174,174,192,217,260,260,315,327,360,372,483,495,527,539,551,588,650,662,707,286,286,286],"floor_reached":27,"playtime":584,"items_purged":["Bludgeon"],"score":644,"play_id":"273889ed-2dd2-4a71-97c9-19471cef30e0","local_time":"20190412002713","is_ascension_mode":true,"campfire_choices":[{"data":"Bash","floor":7,"key":"SMITH"},{"floor":15,"key":"REST"},{"floor":23,"key":"REST"}],"neow_cost":"NONE","seed_source_timestamp":126362220508300,"circlet_count":0,"master_deck":["AscendersBane","Bash+1","Twin Strike","Inflame","Immolate","Sword Boomerang","Limit Break","Bludgeon","Infernal Blade","Feed","Rage","Impervious","Sword Boomerang","Ghostly Armor","Armaments","Shrug It Off","Heavy Blade"],"relics":["Burning Blood","NeowsBlessing","Golden Idol","Red Skull","Juzu Bracelet","Bronze Scales","Whetstone","MawBank","Boot","Pandora\u0027s Box","Enchiridion","Paper Frog","Shuriken","Gambling Chip"],"potions_floor_usage":[10,12,14,27],"damage_taken":[{"damage":0,"enemies":"Jaw Worm","floor":1,"turns":1},{"damage":0,"enemies":"Small Slimes","floor":2,"turns":1},{"damage":0,"enemies":"Lagavulin","floor":6,"turns":1},{"damage":0,"enemies":"2 Louse","floor":8,"turns":1},{"damage":23,"enemies":"3 Sentries","floor":10,"turns":7},{"damage":30,"enemies":"Lagavulin","floor":12,"turns":5},{"damage":0,"enemies":"Gremlin Gang","floor":14,"turns":2},{"damage":0,"enemies":"Slime Boss","floor":16,"turns":5},{"damage":8,"enemies":"Spheric Guardian","floor":18,"turns":3},{"damage":23,"enemies":"3 Byrds","floor":21,"turns":3},{"damage":47,"enemies":"Book of Stabbing","floor":24,"turns":4},{"damage":14,"enemies":"Shelled Parasite and Fungi","floor":27,"turns":2}],"seed_played":"-3126257682688829994","potions_obtained":[{"floor":2,"key":"Poison Potion"},{"floor":8,"key":"Block Potion"},{"floor":10,"key":"Swift Potion"},{"floor":12,"key":"Dexterity Potion"}],"is_trial":false,"path_per_floor":["M","M","?","?","?","E","R","M","T","E","?","E","?","M","R","B",null,"M","?","?","M","?","R","E","$","T","M"],"character_chosen":"IRONCLAD","items_purchased":["Heavy Blade","SkillPotion","Shuriken"],"campfire_rested":2,"item_purchase_floors":[25,25,25],"current_hp_per_floor":[74,75,49,49,49,55,55,61,61,44,39,15,8,14,36,42,67,65,65,44,27,27,49,8,8,8,0],"gold":286,"neow_bonus":"THREE_ENEMY_KILL","is_prod":false,"is_daily":false,"chose_seed":false,"campfire_upgraded":1,"win_rate":0,"timestamp":1555021633,"path_taken":["M","M","?","?","?","E","R","M","T","E","?","E","?","M","R","BOSS","M","?","?","M","?","R","E","$","T","M"],"build_version":"2019-04-04","purchased_purges":1,"victory":false,"max_hp_per_floor":[75,75,75,75,75,75,75,75,75,75,75,75,75,75,75,75,75,75,75,75,75,75,75,75,75,75,75],"card_choices":[{"not_picked":["Warcry","Spot Weakness"],"picked":"Twin Strike","floor":1},{"not_picked":["Bloodletting","Heavy Blade"],"picked":"Inflame","floor":2},{"not_picked":["Pommel Strike","Wild Strike","Perfected Strike"],"picked":"SKIP","floor":6},{"not_picked":["Pommel Strike","Wild Strike","Perfected Strike"],"picked":"SKIP","floor":6},{"not_picked":["Battle Trance","Warcry","Corruption"],"picked":"SKIP","floor":8},{"not_picked":["Perfected Strike","Exhume"],"picked":"Sword Boomerang","floor":10},{"not_picked":["Carnage","Armaments","Flex"],"picked":"SKIP","floor":12},{"not_picked":["Perfected Strike","Sever Soul","Rage"],"picked":"SKIP","floor":14},{"not_picked":["Exhume","Dark Embrace"],"picked":"Limit Break","floor":16},{"not_picked":["Iron Wave+1","Uppercut+1","Armaments"],"picked":"SKIP","floor":18},{"not_picked":["Iron Wave+1","Uppercut+1"],"picked":"Armaments","floor":18},{"not_picked":["Body Slam","Perfected Strike","Wild Strike"],"picked":"SKIP","floor":21},{"not_picked":["Blood for Blood","Clash"],"picked":"Shrug It Off","floor":24}],"player_experience":1362294,"relics_obtained":[{"floor":6,"key":"Juzu Bracelet"},{"floor":9,"key":"Bronze Scales"},{"floor":10,"key":"Whetstone"},{"floor":12,"key":"Boot"},{"floor":20,"key":"Enchiridion"},{"floor":24,"key":"Paper Frog"},{"floor":26,"key":"Gambling Chip"}],"event_choices":[{"damage_healed":0,"gold_gain":0,"player_choice":"Take Damage","damage_taken":26,"relics_obtained":["Golden Idol"],"max_hp_gain":0,"max_hp_loss":0,"event_name":"Golden Idol","floor":3,"gold_loss":0},{"damage_healed":0,"gold_gain":0,"player_choice":"Box","damage_taken":0,"relics_obtained":["Red Skull"],"max_hp_gain":0,"max_hp_loss":0,"event_name":"Big Fish","floor":4,"gold_loss":0,"cards_obtained":["Regret"]},{"damage_healed":0,"gold_gain":0,"player_choice":"1 cards matched","damage_taken":0,"max_hp_gain":0,"max_hp_loss":0,"event_name":"Match and Keep!","floor":5,"gold_loss":0,"cards_obtained":["Immolate"]},{"damage_healed":0,"gold_gain":0,"player_choice":"Success","damage_taken":5,"relics_obtained":["MawBank"],"max_hp_gain":0,"max_hp_loss":0,"event_name":"Scrap Ooze","floor":11,"gold_loss":0},{"cards_removed":["Regret"],"damage_healed":0,"gold_gain":0,"player_choice":"Card Removal","damage_taken":7,"max_hp_gain":0,"max_hp_loss":0,"event_name":"Golden Wing","floor":13,"gold_loss":0},{"cards_removed":["Burning Pact"],"damage_healed":0,"gold_gain":0,"player_choice":"Elegance","damage_taken":0,"max_hp_gain":0,"max_hp_loss":0,"event_name":"Back to Basics","floor":19,"gold_loss":0},{"damage_healed":0,"gold_gain":0,"player_choice":"Obtained Book","damage_taken":21,"max_hp_gain":0,"max_hp_loss":0,"event_name":"Cursed Tome","floor":20,"gold_loss":0},{"damage_healed":0,"gold_gain":50,"player_choice":"Stole From Cult","damage_taken":0,"max_hp_gain":0,"max_hp_loss":0,"event_name":"Nest","floor":22,"gold_loss":0}],"is_beta":true,"boss_relics":[{"not_picked":["Fusion Hammer","Runic Dome"],"picked":"Pandora\u0027s Box"}],"items_purged_floors":[25],"is_endless":false,"potions_floor_spawned":[2,8,10,12],"killed_by":"Shelled Parasite and Fungi","ascension_level":20}