{"gold_per_floor":[215,132,151,171,190,190,223,223,523,558,558,578,578,604,604,707,707,723,711,711,612,632,632,663,663,663,663,663,679,380,396,396,396],"floor_reached":33,"playtime":1709,"items_purged":["Dualcast","Normality"],"score":426,"play_id":"6ab1a482-ef7d-400a-b840-ace4eff35ac7","local_time":"20190503180837","is_ascension_mode":true,"campfire_choices":[{"data":"Auto Shields","floor":6.0,"key":"SMITH"},{"data":"Reinforced Body","floor":8.0,"key":"SMITH"},{"floor":11.0,"key":"REST"},{"floor":13.0,"key":"REST"},{"floor":15.0,"key":"REST"},{"data":"Coolheaded","floor":23,"key":"SMITH"},{"floor":25,"key":"REST"},{"data":"Leap","floor":27,"key":"SMITH"},{"data":"Go for the Eyes","floor":32,"key":"SMITH"}],"neow_cost":"NONE","seed_source_timestamp":0,"circlet_count":0,"master_deck":["AscendersBane","Strike_B+1","Strike_B+1","Strike_B+1","Strike_B+1","Defend_B+1","Defend_B+1","Defend_B+1","Defend_B+1","Zap","Self Repair","Cold Snap","Auto Shields+1","Ball Lightning","FTL","Reinforced Body+1","Coolheaded+1","Reboot","Cold Snap","Barrage+1","Leap","Leap+1","Sweeping Beam","Go for the Eyes+1"],"special_seed":0,"relics":["Cracked Core","WingedGreaves","Old Coin","Ornamental Fan","Odd Mushroom","Cursed Key","Pen Nib","Blue Candle","Anchor"],"potions_floor_usage":[24],"damage_taken":[{"damage":1.0,"enemies":"Cultist","floor":1.0,"turns":3.0},{"damage":5.0,"enemies":"2 Louse","floor":3.0,"turns":3.0},{"damage":0.0,"enemies":"Small Slimes","floor":4.0,"turns":3.0},{"damage":17.0,"enemies":"Exordium Thugs","floor":5.0,"turns":5.0},{"damage":13.0,"enemies":"Lagavulin","floor":7.0,"turns":8.0},{"damage":37.0,"enemies":"Gremlin Nob","floor":10.0,"turns":5.0},{"damage":25.0,"enemies":"Exordium Wildlife","floor":12.0,"turns":6.0},{"damage":27.0,"enemies":"The Mushroom Lair","floor":14.0,"turns":4.0},{"damage":5,"enemies":"The Guardian","floor":16,"turns":15},{"damage":4,"enemies":"Shell Parasite","floor":18,"turns":9},{"damage":13,"enemies":"2 Thieves","floor":19,"turns":4},{"damage":0,"enemies":"Snecko","floor":22,"turns":5},{"damage":33,"enemies":"Slavers","floor":24,"turns":6},{"damage":16,"enemies":"Shelled Parasite and Fungi","floor":29,"turns":7},{"damage":3,"enemies":"Chosen and Byrds","floor":31,"turns":7},{"damage":60,"enemies":"Collector","floor":33,"turns":14}],"seed_played":"-1562703580479530959","potions_obtained":[{"floor":4.0,"key":"SneckoOil"},{"floor":5.0,"key":"Dexterity Potion"},{"floor":12.0,"key":"Explosive Potion"},{"floor":14.0,"key":"FearPotion"},{"floor":19,"key":"Fire Potion"}],"is_trial":false,"path_per_floor":["M","$","M","M","M","R","E","R","T","E","R","M","R","?","R","B",null,"M","M","?","$","M","R","E","R","T","R","T","M","$","M","R","B"],"character_chosen":"DEFECT","items_purchased":["Cold Snap","Auto Shields","Leap","Dexterity Potion","Anchor"],"campfire_rested":4,"item_purchase_floors":[2,2,21,30,30],"current_hp_per_floor":[67,67,69,75,58,58,52,52,52,22,44,19,41,21,43,45,68,71,65,65,65,65,65,39,61,61,61,61,52,52,56,56,0],"gold":396,"neow_bonus":"HUNDRED_GOLD","is_prod":false,"is_daily":false,"chose_seed":false,"campfire_upgraded":5,"win_rate":0,"timestamp":1556878117,"path_taken":["M","?","M","?","M","R","E","R","T","E","R","M","R","?","R","BOSS","M","M","?","$","M","R","E","R","T","R","?","M","?","M","R","BOSS"],"build_version":"2019-01-23","purchased_purges":2,"victory":false,"max_hp_per_floor":[75,75,75,75,75,75,75,75,75,75,75,75,75,75,75,75,75,75,75,75,75,75,75,75,75,75,75,75,75,75,75,75,75],"card_choices":[{"not_picked":["Barrage","Coolheaded"],"picked":"Self Repair","floor":1.0},{"not_picked":["Static Discharge","Beam Cell"],"picked":"Ball Lightning","floor":3.0},{"not_picked":["Ball Lightning","Turbo"],"picked":"FTL","floor":4.0},{"not_picked":["Redo","Loop"],"picked":"Reinforced Body","floor":5.0},{"not_picked":["Consume","Hologram","Tempest"],"picked":"SKIP","floor":7.0},{"not_picked":["Scrape","Reprogram","Gash"],"picked":"SKIP","floor":10.0},{"not_picked":["Reinforced Body","Consume","Stack"],"picked":"SKIP","floor":12.0},{"not_picked":["Barrage","Static Discharge"],"picked":"Coolheaded","floor":14.0},{"not_picked":["Biased Cognition","Multi-Cast"],"picked":"Reboot","floor":16},{"not_picked":["Consume","Beam Cell"],"picked":"Cold Snap","floor":18},{"not_picked":["Coolheaded","Hello World"],"picked":"Barrage+1","floor":19},{"not_picked":["Reinforced Body+1","Beam Cell","Ball Lightning+1"],"picked":"SKIP","floor":22},{"not_picked":["Ball Lightning","Biased Cognition"],"picked":"Leap","floor":24},{"not_picked":["Rebound+1","Gash"],"picked":"Sweeping Beam","floor":29},{"not_picked":["Ball Lightning+1","Force Field+1"],"picked":"Go for the Eyes","floor":31}],"player_experience":732121,"relics_obtained":[{"floor":7.0,"key":"WingedGreaves"},{"floor":9.0,"key":"Old Coin"},{"floor":10.0,"key":"Ornamental Fan"},{"floor":14.0,"key":"Odd Mushroom"},{"floor":24,"key":"Pen Nib"},{"floor":28,"key":"Blue Candle"}],"event_choices":[{"damage_healed":0.0,"max_hp_gain":0.0,"max_hp_loss":0.0,"gold_gain":0.0,"event_name":"Mushrooms","player_choice":"Fought Mushrooms","floor":14.0,"gold_loss":0.0,"damage_taken":0.0},{"damage_healed":0,"gold_gain":0,"player_choice":"Simplicity","damage_taken":0,"max_hp_gain":0,"max_hp_loss":0,"event_name":"Back to Basics","floor":20,"gold_loss":0,"cards_upgraded":["Strike_B","Strike_B","Strike_B","Strike_B","Defend_B","Defend_B","Defend_B","Defend_B"]}],"is_beta":false,"boss_relics":[{"not_picked":["Runic Dome","Lizard Tail"],"picked":"Cursed Key"}],"items_purged_floors":[21,30],"is_endless":false,"potions_floor_spawned":[4,5,12,14,18,19,22],"killed_by":"Collector","ascension_level":11}