{"gold_per_floor":[115,115,130,145,4,4,23,173,199,199,199,224,299,299,299,373,373,293,293,293,293,293,293,293,177,177,177,177,48,48,48,48,48],"floor_reached":33,"playtime":1518,"items_purged":["Underhanded Strike","Defend_G"],"score":626,"play_id":"fc1252b2-0ae7-45a0-8ac0-f1cb0a23c94c","local_time":"20190121201604","is_ascension_mode":true,"campfire_choices":[{"data":"Footwork","floor":6,"key":"SMITH"},{"data":"Cloak And Dagger","floor":11,"key":"SMITH"},{"floor":15,"key":"REST"},{"floor":23,"key":"REST"},{"floor":28,"key":"REST"},{"floor":32,"key":"REST"}],"neow_cost":"TEN_PERCENT_HP_LOSS","seed_source_timestamp":199330381442100,"circlet_count":0,"master_deck":["AscendersBane","Defend_G","Defend_G","Defend_G","Strike_G","Strike_G","Strike_G","Strike_G","Survivor","Neutralize+1","After Image","Flying Knee","Sucker Punch","Cloak And Dagger+1","Footwork+1","Backflip","Burst","Deadly Poison","Backflip","Unload","Prepared","Heel Hook","Cloak And Dagger","Deadly Poison","Dodge and Roll"],"relics":["Ring of the Snake","Ancient Tea Set","Bag of Preparation","Ectoplasm","Regal Pillow","Frozen Egg 2"],"potions_floor_usage":[12,18,30,30],"damage_taken":[{"damage":4,"enemies":"Jaw Worm","floor":1,"turns":6},{"damage":0,"enemies":"Cultist","floor":3,"turns":4},{"damage":1,"enemies":"Small Slimes","floor":4,"turns":4},{"damage":3,"enemies":"3 Louse","floor":7,"turns":5},{"damage":12,"enemies":"3 Sentries","floor":12,"turns":10},{"damage":0,"enemies":"The Guardian","floor":16,"turns":19},{"damage":1,"enemies":"2 Thieves","floor":18,"turns":4},{"damage":32,"enemies":"Spheric Guardian","floor":21,"turns":6},{"damage":0,"enemies":"Chosen and Byrds","floor":24,"turns":7},{"damage":7,"enemies":"Snake Plant","floor":27,"turns":7},{"damage":48,"enemies":"Gremlin Leader","floor":30,"turns":9},{"damage":8,"enemies":"Shelled Parasite and Fungi","floor":31,"turns":8},{"damage":37,"enemies":"Collector","floor":33,"turns":10}],"seed_played":"4889165730616914000","potions_obtained":[{"floor":3,"key":"Explosive Potion"},{"floor":4,"key":"Block Potion"},{"floor":16,"key":"EssenceOfSteel"},{"floor":27,"key":"LiquidBronze"},{"floor":30,"key":"FearPotion"}],"is_trial":false,"path_per_floor":["?","$","M","?","?","?","?","?","?","?","M","M"],"character_chosen":"THE_SILENT","items_purchased":["Footwork","Backflip","Heel Hook","Deadly Poison"],"campfire_rested":4,"item_purchase_floors":[5,5,25,29],"current_hp_per_floor":[55,55,55,54,54,54,51,51,51,56,56,44,33,26,45,45,60,59,59,59,27,27,46,46,46,46,39,65,65,17,9,43,6],"gold":48,"neow_bonus":"THREE_RARE_CARDS","is_prod":false,"is_daily":false,"chose_seed":false,"campfire_upgraded":2,"win_rate":0,"timestamp":1548098164,"path_taken":["M","?","M","M","?","R","?","?","T","?","R","E","?","?","R","BOSS","M","?","?","M","?","R","?","$","T","?","R","$","E","M","R","BOSS"],"build_version":"2019-01-20","purchased_purges":2,"victory":false,"max_hp_per_floor":[60,60,60,60,60,60,60,60,60,65,65,65,65,65,65,65,65,65,65,65,65,65,65,65,65,65,65,65,65,65,65,65,65],"card_choices":[{"not_picked":["Wraith Form v2","Burst"],"picked":"After Image","floor":0},{"not_picked":["Reflex","Heel Hook"],"picked":"Flying Knee","floor":1},{"not_picked":["Blade Dance","Setup"],"picked":"Sucker Punch","floor":3},{"not_picked":["Acrobatics","Deflect"],"picked":"Cloak And Dagger","floor":4},{"not_picked":["Quick Slash","Tactician","Masterful Stab"],"picked":"SKIP","floor":7},{"not_picked":["Slice","Flying Knee","Backflip"],"picked":"SKIP","floor":12},{"not_picked":["Corpse Explosion","After Image"],"picked":"Burst","floor":16},{"not_picked":["Skewer","Expertise"],"picked":"Deadly Poison","floor":18},{"not_picked":["Underhanded Strike","Bane","Slice"],"picked":"SKIP","floor":21},{"not_picked":["Bane","Outmaneuver"],"picked":"Prepared","floor":24},{"not_picked":["Dagger Throw","Outmaneuver"],"picked":"Cloak And Dagger","floor":27},{"not_picked":["Dagger Spray","Flechettes"],"picked":"Dodge and Roll","floor":30},{"not_picked":["Dagger Spray","Crippling Poison","Caltrops+1"],"picked":"SKIP","floor":31}],"player_experience":1065854,"relics_obtained":[{"floor":9,"key":"Ancient Tea Set"},{"floor":12,"key":"Bag of Preparation"},{"floor":26,"key":"Regal Pillow"},{"floor":30,"key":"Frozen Egg 2"}],"event_choices":[{"damage_healed":0,"gold_gain":0,"player_choice":"Upgraded","damage_taken":0,"max_hp_gain":0,"max_hp_loss":0,"event_name":"Upgrade Shrine","floor":2,"gold_loss":0,"cards_upgraded":["Neutralize"]},{"damage_healed":0,"gold_gain":150,"player_choice":"AGREE","damage_taken":0,"max_hp_gain":0,"max_hp_loss":0,"event_name":"Liars Game","floor":8,"gold_loss":0,"cards_obtained":["Doubt"]},{"damage_healed":0,"gold_gain":0,"player_choice":"Donut","damage_taken":0,"max_hp_gain":5,"max_hp_loss":0,"event_name":"Big Fish","floor":10,"gold_loss":0},{"damage_healed":0,"gold_gain":75,"player_choice":"Gather Gold","damage_taken":11,"max_hp_gain":0,"max_hp_loss":0,"event_name":"World of Goop","floor":13,"gold_loss":0},{"cards_removed":["Doubt"],"damage_healed":0,"gold_gain":0,"player_choice":"Card Removal","damage_taken":7,"max_hp_gain":0,"max_hp_loss":0,"event_name":"Golden Wing","floor":14,"gold_loss":0},{"damage_healed":0,"gold_gain":0,"player_choice":"Read","damage_taken":0,"max_hp_gain":0,"max_hp_loss":0,"event_name":"The Library","floor":19,"gold_loss":0,"cards_obtained":["Backflip"]},{"damage_healed":0,"gold_gain":0,"cards_transformed":["Strike_G","Defend_G"],"player_choice":"Became Test Subject","damage_taken":0,"max_hp_gain":0,"max_hp_loss":0,"event_name":"Drug Dealer","floor":20,"gold_loss":0,"cards_obtained":["Underhanded Strike","Unload"]},{"damage_healed":0,"gold_gain":0,"player_choice":"Ignored","damage_taken":0,"max_hp_gain":0,"max_hp_loss":0,"event_name":"Cursed Tome","floor":22,"gold_loss":0}],"is_beta":true,"boss_relics":[{"not_picked":["HoveringKite","Coffee Dripper"],"picked":"Ectoplasm"}],"items_purged_floors":[25,29],"is_endless":false,"potions_floor_spawned":[3,4,16,27,30],"killed_by":"Collector","ascension_level":20}