{"gold_per_floor":[111,122,136,136,146,146,174,174,199,199,214,231,231,261,261,357,357,370,353,353,29,60,60,88,88,115,135,154,183,183,193,193,289,289,303,525,525,545,558,558,584,612,648,672,684,714,753,790,802,814,826,838,195,226,226],"floor_reached":55,"playtime":2196,"items_purged":["Pain","Parasite"],"score":829,"play_id":"7f1016a4-f9aa-466d-8aa1-d63a50668e4a","local_time":"20190312232840","is_ascension_mode":false,"campfire_choices":[{"data":"Demon Form","floor":6,"key":"SMITH"},{"data":"Pummel","floor":8,"key":"SMITH"},{"data":"Bash","floor":15,"key":"SMITH"},{"floor":23,"key":"REST"},{"data":"Heavy Blade","floor":25,"key":"SMITH"},{"floor":32,"key":"REST"},{"floor":40,"key":"RECALL"},{"floor":45,"key":"REST"},{"floor":49,"key":"REST"},{"floor":52,"key":"REST"}],"neow_cost":"PERCENT_DAMAGE","seed_source_timestamp":895831256462100,"circlet_count":0,"master_deck":["Strike_R","Strike_R+1","Strike_R+1","Strike_R","Strike_R","Defend_R","Defend_R","Defend_R","Defend_R","Bash+1","Heavy Blade+1","Demon Form+1","Shrug It Off","Pummel+1","Sword Boomerang","Double Tap","Pummel+1","Offering","Shrug It Off+1","Flame Barrier+1"],"relics":["Burning Blood","WarpedTongs","Bag of Preparation","Anchor","Regal Pillow","Lizard Tail","Paper Frog","Mercury Hourglass","Red Mask","Ornamental Fan","Whetstone","Kunai","Fusion Hammer","Question Card","MawBank","Vajra","Mummified Hand","Blood Vial","Art of War","HandDrill","Bag of Marbles"],"potions_floor_usage":[14,16,19,22,39,41,46,54,55,55],"damage_taken":[{"damage":0,"enemies":"Small Slimes","floor":1,"turns":4},{"damage":1,"enemies":"Cultist","floor":2,"turns":4},{"damage":1,"enemies":"Jaw Worm","floor":3,"turns":3},{"damage":8,"enemies":"Looter","floor":5,"turns":3},{"damage":25,"enemies":"3 Sentries","floor":7,"turns":7},{"damage":13,"enemies":"Exordium Wildlife","floor":11,"turns":3},{"damage":5,"enemies":"Blue Slaver","floor":12,"turns":4},{"damage":0,"enemies":"Lagavulin","floor":14,"turns":4},{"damage":45,"enemies":"Hexaghost","floor":16,"turns":7},{"damage":19,"enemies":"Shell Parasite","floor":18,"turns":5},{"damage":16,"enemies":"2 Thieves","floor":19,"turns":4},{"damage":34,"enemies":"Masked Bandits","floor":22,"turns":5},{"damage":48,"enemies":"Slavers","floor":24,"turns":5},{"damage":13,"enemies":"Snake Plant","floor":27,"turns":4},{"damage":0,"enemies":"Centurion and Healer","floor":28,"turns":6},{"damage":23,"enemies":"Book of Stabbing","floor":29,"turns":5},{"damage":0,"enemies":"Cultist and Chosen","floor":31,"turns":4},{"damage":26,"enemies":"Automaton","floor":33,"turns":6},{"damage":6,"enemies":"Orb Walker","floor":35,"turns":2},{"damage":0,"enemies":"3 Shapes","floor":38,"turns":5},{"damage":7,"enemies":"Transient","floor":39,"turns":5},{"damage":41,"enemies":"Nemesis","floor":41,"turns":5},{"damage":7,"enemies":"4 Shapes","floor":42,"turns":6},{"damage":12,"enemies":"3 Darklings","floor":44,"turns":3},{"damage":10,"enemies":"Writhing Mass","floor":46,"turns":8},{"damage":32,"enemies":"Giant Head","floor":48,"turns":6},{"damage":79,"enemies":"Donu and Deca","floor":50,"turns":7},{"damage":50,"enemies":"Shield and Spear","floor":54,"turns":5},{"damage":112,"enemies":"The Heart","floor":55,"turns":5}],"seed_played":"309378650743941165","potions_obtained":[{"floor":2,"key":"SmokeBomb"},{"floor":11,"key":"Block Potion"},{"floor":12,"key":"AttackPotion"},{"floor":14,"key":"AttackPotion"},{"floor":18,"key":"Energy Potion"},{"floor":27,"key":"LiquidBronze"},{"floor":29,"key":"AttackPotion"},{"floor":33,"key":"Fire Potion"},{"floor":38,"key":"Block Potion"},{"floor":39,"key":"SkillPotion"},{"floor":42,"key":"Weak Potion"},{"floor":46,"key":"BloodPotion"}],"is_trial":false,"path_per_floor":["M","M","M","?","M","R","E","R","T","?","M","M","?","E","R","B",null,"M","M","?","$","?","R","E","R","T","M","M","E","?","M","R","B",null,"M","?","?","M","M","R","E","M","T","M","R","M","T","E","R","B",null,"R","$","E","B"],"character_chosen":"IRONCLAD","items_purchased":["Mercury Hourglass","Blood Vial","Art of War","HandDrill","Swift Potion"],"campfire_rested":5,"item_purchase_floors":[21,53,53,53,53],"current_hp_per_floor":[78,83,88,88,86,86,67,67,67,58,51,52,57,63,63,24,101,88,78,78,78,50,95,53,53,53,46,52,35,35,41,86,66,101,101,101,101,101,100,100,65,64,64,58,101,97,97,71,101,28,101,101,98,54,0],"gold":226,"neow_bonus":"TWENTY_PERCENT_HP_BONUS","is_prod":false,"is_daily":false,"chose_seed":false,"campfire_upgraded":4,"win_rate":0,"timestamp":1552429720,"path_taken":["M","M","M","?","?","R","E","R","T","?","?","M","?","E","R","BOSS","M","M","?","$","?","R","E","R","T","M","M","E","?","?","R","BOSS","M","?","?","M","?","R","E","M","T","M","R","M","?","E","R","BOSS","R","$","E","BOSS"],"build_version":"2019-02-06","purchased_purges":2,"victory":false,"max_hp_per_floor":[96,96,96,96,96,96,96,96,96,96,96,96,101,101,101,101,101,101,101,101,101,101,101,101,101,101,101,101,101,101,101,101,101,101,101,101,101,101,101,101,101,101,101,101,101,101,101,101,101,101,101,101,98,98,98],"card_choices":[{"not_picked":["Thunderclap","Clash"],"picked":"Heavy Blade","floor":1},{"not_picked":["Wild Strike","Seeing Red"],"picked":"Demon Form","floor":2},{"not_picked":["Flame Barrier","Sentinel"],"picked":"Shrug It Off","floor":3},{"not_picked":["Entrench","Corruption","Thunderclap"],"picked":"SKIP","floor":5},{"not_picked":["Armaments","Sever Soul"],"picked":"Pummel","floor":7},{"not_picked":["Havoc","Rage"],"picked":"Sword Boomerang","floor":11},{"not_picked":["Blood for Blood","Perfected Strike","Disarm"],"picked":"SKIP","floor":12},{"not_picked":["Sword Boomerang","Second Wind","Burning Pact"],"picked":"SKIP","floor":14},{"not_picked":["Iron Wave","Perfected Strike","Rupture+1"],"picked":"SKIP","floor":18},{"not_picked":["Sever Soul","Flex","Shockwave"],"picked":"SKIP","floor":19},{"not_picked":["Twin Strike+1","Body Slam+1","Disarm"],"picked":"SKIP","floor":24},{"not_picked":["True Grit","Reckless Charge","Pommel Strike+1"],"picked":"SKIP","floor":27},{"not_picked":["Twin Strike+1","Dual Wield","True Grit"],"picked":"SKIP","floor":28},{"not_picked":["Infernal Blade","Armaments+1"],"picked":"Double Tap","floor":29},{"not_picked":["Perfected Strike","True Grit","Wild Strike+1"],"picked":"SKIP","floor":31},{"not_picked":["Exhume","Juggernaut"],"picked":"Offering","floor":33},{"not_picked":["Armaments","True Grit","Dropkick+1"],"picked":"SKIP","floor":35},{"not_picked":["Pommel Strike","Dark Embrace","Twin Strike"],"picked":"Shrug It Off+1","floor":38},{"not_picked":["Iron Wave","Perfected Strike","Armaments","Metallicize"],"picked":"SKIP","floor":39},{"not_picked":["Shrug It Off+1","Fire Breathing+1","Battle Trance+1","Blood for Blood"],"picked":"SKIP","floor":41},{"not_picked":["Whirlwind+1","Sentinel","Iron Wave+1","Body Slam"],"picked":"SKIP","floor":42},{"not_picked":["Searing Blow","Flex","Sword Boomerang","Perfected Strike"],"picked":"SKIP","floor":44},{"not_picked":["Thunderclap+1","Wild Strike+1","Body Slam+1","Havoc+1"],"picked":"SKIP","floor":46},{"not_picked":["Heavy Blade","Sword Boomerang+1","Corruption+1","Infernal Blade"],"picked":"SKIP","floor":48},{"not_picked":["Perfected Strike","Pommel Strike","Cleave"],"picked":"Flame Barrier+1","floor":54}],"player_experience":1249410,"relics_obtained":[{"floor":7,"key":"Bag of Preparation"},{"floor":9,"key":"Anchor"},{"floor":14,"key":"Regal Pillow"},{"floor":22,"key":"Red Mask"},{"floor":24,"key":"Ornamental Fan"},{"floor":26,"key":"Whetstone"},{"floor":29,"key":"Kunai"},{"floor":41,"key":"MawBank"},{"floor":47,"key":"Vajra"},{"floor":48,"key":"Mummified Hand"},{"floor":54,"key":"Bag of Marbles"}],"event_choices":[{"damage_healed":0,"gold_gain":0,"player_choice":"Rummage","damage_taken":0,"relics_obtained":["WarpedTongs"],"max_hp_gain":0,"max_hp_loss":0,"event_name":"Accursed Blacksmith","floor":4,"gold_loss":0,"cards_obtained":["Pain"]},{"damage_healed":0,"gold_gain":0,"player_choice":"Damaged","damage_taken":9,"max_hp_gain":0,"max_hp_loss":0,"event_name":"Wheel of Change","floor":10,"gold_loss":0},{"damage_healed":0,"gold_gain":0,"player_choice":"Donut","damage_taken":0,"max_hp_gain":5,"max_hp_loss":0,"event_name":"Big Fish","floor":13,"gold_loss":0},{"damage_healed":0,"gold_gain":0,"player_choice":"Opened","damage_taken":0,"relics_obtained":["Paper Frog"],"max_hp_gain":0,"max_hp_loss":0,"event_name":"The Mausoleum","floor":20,"gold_loss":0},{"damage_healed":0,"gold_gain":0,"player_choice":"Fought Bandits","damage_taken":0,"max_hp_gain":0,"max_hp_loss":0,"event_name":"Masked Bandits","floor":22,"gold_loss":0},{"damage_healed":0,"gold_gain":0,"player_choice":"Copied","damage_taken":0,"max_hp_gain":0,"max_hp_loss":0,"event_name":"Duplicator","floor":30,"gold_loss":0,"cards_obtained":["Pummel"]},{"damage_healed":0,"gold_gain":222,"player_choice":"Wore Mask","damage_taken":0,"max_hp_gain":0,"max_hp_loss":0,"event_name":"Tomb of Lord Red Mask","floor":36,"gold_loss":0},{"damage_healed":0,"gold_gain":0,"player_choice":"Gave Potion","damage_taken":0,"relics_obtained":["Question Card"],"max_hp_gain":0,"max_hp_loss":0,"event_name":"WeMeetAgain","floor":37,"gold_loss":0}],"is_beta":true,"boss_relics":[{"not_picked":["Mark of Pain","Runic Cube"],"picked":"Lizard Tail"},{"not_picked":["White Beast Statue","Snecko Eye"],"picked":"Fusion Hammer"}],"items_purged_floors":[21,53],"is_endless":false,"potions_floor_spawned":[2,11,12,14,18,27,29,33,35,38,39,42,46],"killed_by":"The Heart","ascension_level":0}