{"gold_per_floor":[112,262,275,286,297,297,297,222,222,234,260,278,278,278,278,278],"floor_reached":16,"playtime":505,"items_purged":[],"score":179,"play_id":"d39537dd-7628-48ec-9f51-a417c3ab6269","local_time":"20181018212417","is_ascension_mode":true,"campfire_choices":[{"data":"Bash","floor":6,"key":"SMITH"},{"data":"True Grit","floor":13,"key":"SMITH"},{"data":"Iron Wave","floor":15,"key":"SMITH"}],"neow_cost":"NONE","seed_source_timestamp":695584721904700,"circlet_count":0,"master_deck":["Strike_R","Strike_R","Strike_R","Strike_R","Strike_R","Defend_R","Defend_R","Defend_R","Defend_R","Bash+1","AscendersBane","Clothesline+1","Iron Wave","Battle Trance","True Grit+1","Iron Wave+1"],"relics":["Burning Blood","NeowsBlessing","Gambling Chip","Odd Mushroom","NlothsMask"],"potions_floor_usage":[16,16],"damage_taken":[{"damage":0,"enemies":"2 Louse","floor":1,"turns":1},{"damage":0,"enemies":"Jaw Worm","floor":3,"turns":1},{"damage":0,"enemies":"Cultist","floor":4,"turns":1},{"damage":9,"enemies":"Looter","floor":5,"turns":4},{"damage":10,"enemies":"Blue Slaver","floor":10,"turns":4},{"damage":21,"enemies":"The Mushroom Lair","floor":11,"turns":6},{"damage":3,"enemies":"2 Fungi Beasts","floor":12,"turns":4},{"damage":19,"enemies":"Hexaghost","floor":16,"turns":9}],"seed_played":"-8907419177729248028","potions_obtained":[{"floor":5,"key":"BloodPotion"},{"floor":11,"key":"GamblersBrew"}],"is_trial":false,"path_per_floor":["M","?","M","M","M","R","?","?","T","M","?","M","R","?","R"],"character_chosen":"IRONCLAD","items_purchased":[],"campfire_rested":0,"item_purchase_floors":[],"current_hp_per_floor":[74,74,75,75,72,72,72,72,72,68,53,56,56,56,56,44],"gold":278,"neow_bonus":"THREE_ENEMY_KILL","is_prod":false,"is_daily":false,"chose_seed":false,"campfire_upgraded":3,"win_rate":0,"timestamp":1539890657,"path_taken":["M","?","?","M","M","R","?","?","T","M","?","M","R","?","R","BOSS"],"build_version":"2018-10-17v3","purchased_purges":0,"victory":false,"max_hp_per_floor":[75,75,75,75,75,75,75,75,75,75,75,75,75,75,75,75],"card_choices":[{"not_picked":["Armaments","Headbutt"],"picked":"Clothesline","floor":1},{"not_picked":["Flex","Ghostly Armor"],"picked":"Iron Wave","floor":3},{"not_picked":["Entrench","Second Wind","Flex"],"picked":"SKIP","floor":4},{"not_picked":["Rupture","Rampage"],"picked":"Battle Trance","floor":5},{"not_picked":["Flex","Cleave","Entrench"],"picked":"SKIP","floor":10},{"not_picked":["Body Slam","Wild Strike"],"picked":"True Grit","floor":11},{"not_picked":["Wild Strike","Barricade"],"picked":"Iron Wave","floor":12}],"player_experience":837813,"relics_obtained":[{"floor":9,"key":"Gambling Chip"},{"floor":11,"key":"Odd Mushroom"}],"event_choices":[{"damage_healed":0,"gold_gain":150,"player_choice":"AGREE","damage_taken":0,"max_hp_gain":0,"max_hp_loss":0,"event_name":"Liars Game","floor":2,"gold_loss":0,"cards_obtained":["Doubt"]},{"damage_healed":0,"gold_gain":0,"player_choice":"Grow","damage_taken":0,"max_hp_gain":0,"max_hp_loss":0,"event_name":"Living Wall","floor":7,"gold_loss":0,"cards_upgraded":["Clothesline"]},{"cards_removed":["Doubt"],"damage_healed":0,"gold_gain":0,"player_choice":"Card Removal","damage_taken":0,"max_hp_gain":0,"max_hp_loss":0,"event_name":"The Cleric","floor":8,"gold_loss":75},{"damage_healed":0,"gold_gain":0,"player_choice":"Fought Mushrooms","damage_taken":0,"max_hp_gain":0,"max_hp_loss":0,"event_name":"Mushrooms","floor":11,"gold_loss":0},{"damage_healed":0,"gold_gain":0,"player_choice":"Trade","damage_taken":0,"relics_obtained":["NlothsMask"],"max_hp_gain":0,"max_hp_loss":0,"event_name":"FaceTrader","floor":14,"gold_loss":0}],"is_beta":true,"boss_relics":[],"items_purged_floors":[],"is_endless":false,"potions_floor_spawned":[5,11],"killed_by":"Hexaghost","ascension_level":19}