{"gold_per_floor":[113,18,37,37,0,0,29,48,96,110,110,75,0,0,0,71,71,87,287,302,316,332,332,348,358,358,29,39,39,71,31,31,31],"floor_reached":33,"playtime":1125,"items_purged":["Defend_B"],"score":584,"play_id":"e3eff619-65c5-489a-86cc-830d43974a16","local_time":"20190101212410","is_ascension_mode":true,"campfire_choices":[{"floor":6,"key":"REST"},{"data":"Defragment","floor":11,"key":"SMITH"},{"data":"Dualcast","floor":15,"key":"SMITH"},{"floor":23,"key":"REST"},{"floor":29,"key":"REST"},{"floor":32,"key":"REST"}],"neow_cost":"NONE","seed_source_timestamp":82644681564700,"circlet_count":0,"master_deck":["AscendersBane","Strike_B","Strike_B+1","Defend_B","Defend_B","Zap","Dualcast+1","Go for the Eyes+1","Self Repair","Cold Snap+1","Defragment+1","Doom and Gloom+1","Coolheaded","Electrodynamics","Lockon+1","Glacier+1","Darkness+1","Chill","Defragment"],"relics":["Cracked Core","NeowsBlessing","Omamori","Pear","Blood Vial","Astrolabe","Shuriken","Whetstone","Potion Belt","Bottled Tornado"],"potions_floor_usage":[16,21,21,22,24,30,30,33,33,33],"damage_taken":[{"damage":0,"enemies":"Small Slimes","floor":1,"turns":1},{"damage":0,"enemies":"Jaw Worm","floor":3,"turns":1},{"damage":0,"enemies":"Gremlin Nob","floor":7,"turns":1},{"damage":0,"enemies":"2 Louse","floor":8,"turns":1},{"damage":11,"enemies":"Large Slime","floor":10,"turns":7},{"damage":5,"enemies":"The Guardian","floor":16,"turns":10},{"damage":12,"enemies":"Shell Parasite","floor":18,"turns":6},{"damage":12,"enemies":"Spheric Guardian","floor":20,"turns":6},{"damage":34,"enemies":"Snecko","floor":21,"turns":5},{"damage":17,"enemies":"Snake Plant","floor":22,"turns":4},{"damage":21,"enemies":"3 Cultists","floor":24,"turns":4},{"damage":19,"enemies":"Sentry and Sphere","floor":25,"turns":6},{"damage":6,"enemies":"Snecko","floor":28,"turns":6},{"damage":53,"enemies":"Gremlin Leader","floor":30,"turns":5},{"damage":47,"enemies":"Automaton","floor":33,"turns":8}],"seed_played":"-7337759007256108234","potions_obtained":[{"floor":7,"key":"SpeedPotion"},{"floor":10,"key":"Strength Potion"},{"floor":16,"key":"EntropicBrew"},{"floor":22,"key":"Poison Potion"},{"floor":25,"key":"Regen Potion"},{"floor":30,"key":"Poison Potion"},{"floor":31,"key":"Poison Potion"},{"floor":31,"key":"SneckoOil"},{"floor":31,"key":"LiquidBronze"}],"is_trial":false,"path_per_floor":["M","$","M","?","?","R","E","M","T","M","R","?","$","?","R","B",null,"M","?","M","M","M","R","M","M","T","$","M","R","E","?","R","B"],"character_chosen":"DEFECT","items_purchased":["Self Repair","Cold Snap","Whetstone","Potion Belt"],"campfire_rested":4,"item_purchase_floors":[2,2,27,27],"current_hp_per_floor":[64,64,64,29,29,50,60,60,60,58,58,78,78,54,54,58,75,72,72,69,44,36,60,48,38,38,38,34,58,21,21,45,0],"gold":31,"neow_bonus":"THREE_ENEMY_KILL","is_prod":false,"is_daily":false,"chose_seed":false,"campfire_upgraded":2,"win_rate":0,"timestamp":1546374250,"path_taken":["M","$","M","?","?","R","E","M","T","M","R","?","$","?","R","BOSS","M","?","M","M","M","R","M","M","T","$","?","R","E","?","R","BOSS"],"build_version":"2018-12-25","purchased_purges":1,"victory":false,"max_hp_per_floor":[71,71,71,71,71,71,81,81,81,81,81,81,81,81,81,81,81,81,81,81,81,81,81,81,81,81,81,81,81,81,81,81,81],"card_choices":[{"not_picked":["Double Energy","Steam"],"picked":"Go for the Eyes","floor":1},{"not_picked":["Gash","Beam Cell"],"picked":"Defragment","floor":3},{"not_picked":["Scrape","Beam Cell"],"picked":"Doom and Gloom","floor":7},{"not_picked":["Leap","Doom and Gloom"],"picked":"Coolheaded","floor":8},{"not_picked":["Genetic Algorithm","Double Energy","Sweeping Beam"],"picked":"SKIP","floor":10},{"not_picked":["Hyperbeam","Amplify"],"picked":"Electrodynamics","floor":16},{"not_picked":["Cold Snap","Recycle"],"picked":"Chill","floor":18},{"not_picked":["Barrage+1","Compile Driver","Redo"],"picked":"SKIP","floor":20},{"not_picked":["Hologram","Go for the Eyes","Coolheaded"],"picked":"SKIP","floor":21},{"not_picked":["Double Energy+1","Static Discharge","Steam"],"picked":"SKIP","floor":22},{"not_picked":["Coolheaded","Leap","Doom and Gloom+1"],"picked":"SKIP","floor":24},{"not_picked":["Streamline+1","Force Field"],"picked":"Defragment","floor":25},{"not_picked":["Chaos","Cold Snap","Barrage"],"picked":"SKIP","floor":28},{"not_picked":["Leap","Steam","Hello World"],"picked":"SKIP","floor":30}],"player_experience":1001799,"relics_obtained":[{"floor":7,"key":"Pear"},{"floor":9,"key":"Blood Vial"},{"floor":26,"key":"Shuriken"},{"floor":30,"key":"Bottled Tornado"}],"event_choices":[{"damage_healed":0,"gold_gain":0,"player_choice":"Success","damage_taken":35,"relics_obtained":["Omamori"],"max_hp_gain":0,"max_hp_loss":0,"event_name":"Scrap Ooze","floor":4,"gold_loss":0},{"damage_healed":0,"gold_gain":0,"player_choice":"Left Gold","damage_taken":0,"max_hp_gain":0,"max_hp_loss":0,"event_name":"World of Goop","floor":5,"gold_loss":37},{"damage_healed":20,"gold_gain":0,"player_choice":"Healed","damage_taken":0,"max_hp_gain":0,"max_hp_loss":0,"event_name":"The Cleric","floor":12,"gold_loss":35},{"damage_healed":0,"gold_gain":0,"player_choice":"Entered Light","damage_taken":24,"max_hp_gain":0,"max_hp_loss":0,"event_name":"Shining Light","floor":14,"gold_loss":0,"cards_upgraded":["Doom and Gloom","Strike_B"]},{"damage_healed":0,"gold_gain":250,"player_choice":"Bet on Owner","damage_taken":0,"max_hp_gain":0,"max_hp_loss":0,"event_name":"The Joust","floor":19,"gold_loss":50},{"damage_healed":0,"gold_gain":0,"player_choice":"Bought 3 Potions","damage_taken":0,"max_hp_gain":0,"max_hp_loss":0,"event_name":"The Woman in Blue","floor":31,"gold_loss":0}],"is_beta":true,"boss_relics":[{"not_picked":["Busted Crown","Tiny House"],"picked":"Astrolabe"}],"items_purged_floors":[13],"is_endless":false,"potions_floor_spawned":[7,10,16,21,22,25,30],"killed_by":"Automaton","ascension_level":20}