{"gold_per_floor":[111,186,186,186,53,97,115,115,115,128,143,157,13,36,36,125,125,150,200,121,121,18,18,18],"floor_reached":24,"playtime":626,"items_purged":["Defend_R","Strike_R","Pain","Doubt"],"score":388,"play_id":"7e38a535-4258-4d88-a3e6-138bc7a3eae2","local_time":"20190417233127","is_ascension_mode":true,"campfire_choices":[{"floor":8.0,"key":"REST"},{"data":"Bash","floor":15.0,"key":"SMITH"},{"data":"Demon Form","floor":23,"key":"SMITH"}],"neow_cost":"NONE","seed_source_timestamp":0,"circlet_count":0,"master_deck":["AscendersBane","Strike_R","Strike_R","Strike_R","Strike_R","Defend_R+1","Defend_R+1","Defend_R","Bash+1","Shrug It Off","Sword Boomerang","Twin Strike","Whirlwind+1","True Grit","Pummel+1","Demon Form+1","Doubt","Heavy Blade+1","Shrug It Off"],"special_seed":0,"relics":["Burning Blood","Smiling Mask","Golden Idol","Orichalcum","Molten Egg 2","Calling Bell","War Paint","Shuriken","Pocketwatch"],"potions_floor_usage":[16,24],"damage_taken":[{"damage":6.0,"enemies":"Small Slimes","floor":1.0,"turns":6.0},{"damage":30.0,"enemies":"Lagavulin","floor":6.0,"turns":6.0},{"damage":1.0,"enemies":"2 Louse","floor":7.0,"turns":3.0},{"damage":7.0,"enemies":"Jaw Worm","floor":10.0,"turns":3.0},{"damage":12.0,"enemies":"3 Louse","floor":11.0,"turns":3.0},{"damage":3.0,"enemies":"2 Fungi Beasts","floor":12.0,"turns":3.0},{"damage":8.0,"enemies":"Exordium Wildlife","floor":14.0,"turns":3.0},{"damage":20,"enemies":"Slime Boss","floor":16,"turns":6},{"damage":22,"enemies":"3 Byrds","floor":18,"turns":8},{"damage":55,"enemies":"Book of Stabbing","floor":24,"turns":4}],"seed_played":"117698360274407810","potions_obtained":[{"floor":11.0,"key":"AttackPotion"},{"floor":12.0,"key":"Ancient Potion"},{"floor":16,"key":"Block Potion"}],"is_trial":false,"path_per_floor":["M","?","?","?","$","E","M","R","T","M","M","M","$","M","R","B",null,"M","?","$","?","$","R","E"],"character_chosen":"IRONCLAD","items_purchased":["Sword Boomerang","PowerPotion","SteroidPotion","Pummel+1","Heavy Blade+1","Shrug It Off"],"campfire_rested":1,"item_purchase_floors":[5,5,13,13,20,22],"current_hp_per_floor":[68,57,31,31,31,7,12,34,34,33,27,30,30,28,28,14,60,44,44,44,44,44,44,0],"gold":18,"neow_bonus":"RANDOM_COMMON_RELIC","is_prod":false,"is_daily":false,"chose_seed":false,"campfire_upgraded":2,"win_rate":0,"timestamp":1555536687,"path_taken":["M","?","?","?","?","E","M","R","T","M","M","M","$","M","R","BOSS","M","?","$","?","$","R","E"],"build_version":"2019-04-04","purchased_purges":4,"victory":false,"max_hp_per_floor":[75,75,75,75,75,75,75,75,75,75,75,75,75,75,75,75,75,75,75,75,75,75,75,75],"card_choices":[{"not_picked":["Cleave","True Grit"],"picked":"Shrug It Off","floor":1.0},{"not_picked":["Corruption","Iron Wave","Warcry"],"picked":"SKIP","floor":6.0},{"not_picked":["Warcry","Heavy Blade"],"picked":"Twin Strike","floor":7.0},{"not_picked":["Heavy Blade+1","Shrug It Off"],"picked":"Whirlwind+1","floor":10.0},{"not_picked":["Dual Wield","Flame Barrier","Wild Strike+1"],"picked":"SKIP","floor":11.0},{"not_picked":["Ghostly Armor","Clothesline+1"],"picked":"True Grit","floor":12.0},{"not_picked":["Fire Breathing","Cleave+1","Body Slam+1"],"picked":"SKIP","floor":14.0},{"not_picked":["Immolate+1","Dark Embrace"],"picked":"Demon Form","floor":16},{"not_picked":["True Grit","Sentinel","Armaments"],"picked":"SKIP","floor":18}],"player_experience":1396507,"relics_obtained":[{"floor":6.0,"key":"Orichalcum"},{"floor":9.0,"key":"Molten Egg 2"},{"floor":17,"key":"War Paint"},{"floor":17,"key":"Shuriken"},{"floor":17,"key":"Pocketwatch"}],"event_choices":[{"damage_healed":0.0,"max_hp_gain":0.0,"max_hp_loss":0.0,"gold_gain":75.0,"event_name":"World of Goop","player_choice":"Gather Gold","floor":2.0,"gold_loss":0.0,"damage_taken":11.0},{"damage_healed":0.0,"max_hp_gain":0.0,"max_hp_loss":0.0,"gold_gain":0.0,"event_name":"Golden Idol","player_choice":"Take Damage","floor":3.0,"gold_loss":0.0,"damage_taken":26.0,"relics_obtained":["Golden Idol"]},{"damage_healed":0.0,"max_hp_gain":0.0,"max_hp_loss":0.0,"gold_gain":0.0,"event_name":"Golden Wing","player_choice":"Ignored","floor":4.0,"gold_loss":0.0,"damage_taken":0.0},{"damage_healed":0,"gold_gain":50,"player_choice":"Stole From Cult","damage_taken":0,"max_hp_gain":0,"max_hp_loss":0,"event_name":"Nest","floor":19,"gold_loss":0},{"damage_healed":0,"gold_gain":0,"player_choice":"Ignored","damage_taken":0,"max_hp_gain":0,"max_hp_loss":0,"event_name":"Vampires","floor":21,"gold_loss":0}],"is_beta":true,"boss_relics":[{"not_picked":["Philosopher\u0027s Stone","Runic Cube"],"picked":"Calling Bell"}],"items_purged_floors":[5,13,20,22],"is_endless":false,"potions_floor_spawned":[11,12,16],"killed_by":"Book of Stabbing","ascension_level":20}