{"gold_per_floor":[114,114,39,49,65,65,94,94,118,151,101,119,119,131,131,131],"floor_reached":16,"playtime":399,"items_purged":["Strike_R","Defend_R"],"score":220,"play_id":"266393b2-463f-44eb-8f3f-959d89c00463","local_time":"20190328215611","is_ascension_mode":true,"campfire_choices":[{"data":"Bash","floor":6,"key":"SMITH"},{"floor":8,"key":"REST"},{"floor":15,"key":"REST"}],"neow_cost":"NONE","seed_source_timestamp":682884174576400,"circlet_count":0,"master_deck":["AscendersBane","Strike_R","Strike_R","Strike_R","Strike_R","Defend_R","Defend_R","Bash+1","Sword Boomerang","Pummel+1","Flame Barrier","Double Tap"],"relics":["Burning Blood","NeowsBlessing","Smiling Mask","Vajra","Prayer Wheel"],"potions_floor_usage":[7,12],"damage_taken":[{"damage":0,"enemies":"Cultist","floor":1,"turns":1},{"damage":0,"enemies":"Small Slimes","floor":4,"turns":1},{"damage":0,"enemies":"Jaw Worm","floor":5,"turns":1},{"damage":60,"enemies":"3 Sentries","floor":7,"turns":10},{"damage":8,"enemies":"Gremlin Nob","floor":10,"turns":3},{"damage":18,"enemies":"Gremlin Gang","floor":12,"turns":5},{"damage":7,"enemies":"Exordium Wildlife","floor":14,"turns":5},{"damage":65,"enemies":"Slime Boss","floor":16,"turns":7}],"seed_played":"809530229913484761","potions_obtained":[{"floor":5,"key":"PowerPotion"},{"floor":7,"key":"SpeedPotion"},{"floor":10,"key":"Block Potion"}],"is_trial":false,"path_per_floor":["M","?","$","M","M","R","E","R","T","E","$","M","?","M","R","B"],"character_chosen":"IRONCLAD","items_purchased":[],"campfire_rested":2,"item_purchase_floors":[],"current_hp_per_floor":[74,74,74,75,75,75,21,43,43,41,41,29,29,28,50,0],"gold":131,"neow_bonus":"THREE_ENEMY_KILL","is_prod":false,"is_daily":false,"chose_seed":false,"campfire_upgraded":1,"win_rate":0,"timestamp":1553806571,"path_taken":["M","?","$","?","M","R","E","R","T","E","?","M","?","M","R","BOSS"],"build_version":"2019-03-15","purchased_purges":2,"victory":false,"max_hp_per_floor":[75,75,75,75,75,75,75,75,75,75,75,75,75,75,75,75],"card_choices":[{"not_picked":["Perfected Strike","Dual Wield","Second Wind"],"picked":"SKIP","floor":1},{"not_picked":["Battle Trance","Pommel Strike","Armaments"],"picked":"SKIP","floor":4},{"not_picked":["Spot Weakness","Anger"],"picked":"Sword Boomerang","floor":5},{"not_picked":["Warcry","Anger"],"picked":"Pummel","floor":7},{"not_picked":["Wild Strike","Clothesline"],"picked":"Flame Barrier","floor":10},{"not_picked":["True Grit","Havoc"],"picked":"Double Tap","floor":12},{"not_picked":["Thunderclap","Havoc","Headbutt"],"picked":"SKIP","floor":12},{"not_picked":["Fire Breathing","Warcry","Pommel Strike"],"picked":"SKIP","floor":14},{"not_picked":["Reckless Charge","Disarm","Juggernaut"],"picked":"SKIP","floor":14}],"player_experience":1296053,"relics_obtained":[{"floor":7,"key":"Smiling Mask"},{"floor":9,"key":"Vajra"},{"floor":10,"key":"Prayer Wheel"}],"event_choices":[{"cards_removed":["Defend_R"],"damage_healed":0,"gold_gain":0,"player_choice":"Offered Basic","damage_taken":0,"max_hp_gain":0,"max_hp_loss":0,"event_name":"Bonfire Elementals","floor":2,"gold_loss":0},{"damage_healed":0,"gold_gain":0,"player_choice":"Grow","damage_taken":0,"max_hp_gain":0,"max_hp_loss":0,"event_name":"Living Wall","floor":13,"gold_loss":0,"cards_upgraded":["Pummel"]}],"is_beta":true,"boss_relics":[],"items_purged_floors":[3,11],"is_endless":false,"potions_floor_spawned":[5,7,10],"killed_by":"Slime Boss","ascension_level":20}