{"path_per_floor":["M","?","$","M","T","E","R","E","T","R","?","?","R","M","R","B",null],"character_chosen":"IRONCLAD","items_purchased":["Metallicize","Cleave"],"gold_per_floor":[117,97,16,27,27,61,61,95,121,121,121,121,121,132,132,234,234,234],"floor_reached":18,"campfire_rested":0,"playtime":382,"item_purchase_floors":[],"current_hp_per_floor":[80,80,80,80,80,80,80,61,61,61,61,54,54,60,60,15,80,71],"items_purged":[],"gold":234,"score":201,"play_id":"ad3aa817-a8a3-4f6a-9d7f-77cd35614fcd","local_time":"20180607205346","is_prod":false,"is_daily":false,"chose_seed":false,"is_ascension_mode":true,"campfire_upgraded":4,"win_rate":0,"timestamp":1528430026,"campfire_choices":[{"data":"Metallicize","floor":7.0,"key":"SMITH"},{"data":"Cleave","floor":10.0,"key":"SMITH"},{"data":"Bash","floor":13.0,"key":"SMITH"},{"data":"Defend_R","floor":15.0,"key":"SMITH"}],"path_taken":["M","?","?","?","?","E","R","E","T","R","?","?","R","M","R","BOSS","M"],"build_version":"2018-05-30v2","seed_source_timestamp":0,"purchased_purges":0,"victory":false,"master_deck":["Strike_R","Strike_R","Strike_R","Strike_R","Defend_R","Defend_R","Defend_R","Defend_R+1","Bash+1","Metallicize+1","Cleave+1","Flex+1","Limit Break"],"max_hp_per_floor":[80,80,80,80,80,80,80,80,80,80,80,80,80,80,80,80,80,80],"relics":["Burning Blood","NeowsBlessing","Omamori","Regal Pillow","Potion Belt","Orichalcum","Snecko Eye"],"card_choices":[{"not_picked":["Clash","Twin Strike","Fire Breathing"],"picked":"SKIP","floor":1.0},{"not_picked":["Anger","Havoc","Carnage"],"picked":"SKIP","floor":4.0},{"not_picked":["Sword Boomerang","Perfected Strike"],"picked":"Flex","floor":6.0},{"not_picked":["Twin Strike","True Grit","Anger"],"picked":"SKIP","floor":8.0},{"not_picked":["Intimidate","Clash","Sentinel"],"picked":"SKIP","floor":14.0},{"not_picked":["Impervious","Offering"],"picked":"Limit Break","floor":16.0}],"player_experience":126501,"potions_floor_usage":[18],"damage_taken":[{"damage":0.0,"enemies":"Cultist","floor":1.0,"turns":1.0},{"damage":0.0,"enemies":"Jaw Worm","floor":4.0,"turns":1.0},{"damage":0.0,"enemies":"3 Sentries","floor":6.0,"turns":1.0},{"damage":25.0,"enemies":"Gremlin Nob","floor":8.0,"turns":5.0},{"damage":0.0,"enemies":"2 Louse","floor":14.0,"turns":2.0},{"damage":51.0,"enemies":"Slime Boss","floor":16.0,"turns":14.0},{"damage":9,"enemies":"3 Byrds","floor":18,"turns":3}],"relics_obtained":[{"floor":5.0,"key":"Omamori"},{"floor":6.0,"key":"Regal Pillow"},{"floor":8.0,"key":"Potion Belt"},{"floor":9.0,"key":"Orichalcum"}],"event_choices":[{"event_name":"The Woman in Blue","player_choice":"Bought 1 Potion","floor":2.0,"damage_taken":0.0},{"event_name":"Accursed Blacksmith","player_choice":"Forge","floor":11.0,"damage_taken":0.0},{"event_name":"Golden Wing","player_choice":"Card Removal","floor":12.0,"damage_taken":0.0}],"boss_relics":[],"items_purged_floors":[],"potions_floor_spawned":[6,8,16],"seed_played":"-3172290700648112095","killed_by":"3 Byrds","ascension_level":1,"potions_obtained":[{"floor":2.0,"key":"SmokeBomb"},{"floor":6.0,"key":"SpeedPotion"},{"floor":8.0,"key":"Strength Potion"},{"floor":16.0,"key":"AttackPotion"}],"is_trial":false}