{"gold_per_floor":[17,17,36,36,51,78,78,106,106,31,64,58,145,177,189,201],"floor_reached":16,"playtime":534,"items_purged":["Strike_G"],"score":150,"play_id":"1dd77eea-c166-4e4c-9539-8a15630fafbd","local_time":"20180810210537","is_ascension_mode":true,"campfire_choices":[{"floor":15,"key":"REST"}],"neow_cost":"NO_GOLD","seed_source_timestamp":675754109479900,"circlet_count":0,"master_deck":["Defend_G","Defend_G","Defend_G","Defend_G","Defend_G","Strike_G","Strike_G","Strike_G","Strike_G","Survivor","Neutralize","Corpse Explosion+1","Catalyst","Backflip","Dash","After Image"],"relics":["Ring of the Snake","Shovel","Girya","Mercury Hourglass","Bottled Lightning","MawBank"],"potions_floor_usage":[11,12,12],"damage_taken":[{"damage":0,"enemies":"2 Louse","floor":1,"turns":2},{"damage":0,"enemies":"Cultist","floor":3,"turns":3},{"damage":2,"enemies":"Jaw Worm","floor":5,"turns":4},{"damage":10,"enemies":"Lagavulin","floor":6,"turns":6},{"damage":32,"enemies":"3 Sentries","floor":8,"turns":6},{"damage":2,"enemies":"Lagavulin","floor":11,"turns":6},{"damage":1,"enemies":"Exordium Thugs","floor":12,"turns":4},{"damage":6,"enemies":"Exordium Wildlife","floor":14,"turns":2},{"damage":29,"enemies":"Slime Boss","floor":16,"turns":6}],"seed_played":"-8313069234413231601","potions_obtained":[{"floor":3,"key":"SpeedPotion"},{"floor":8,"key":"Weak Potion"},{"floor":11,"key":"Explosive Potion"}],"is_trial":false,"path_per_floor":["M","?","M","?","M","E","T","E","T","$","E","M","?","M","R"],"character_chosen":"THE_SILENT","items_purchased":[],"campfire_rested":1,"item_purchase_floors":[],"current_hp_per_floor":[70,70,70,70,68,58,58,26,26,26,24,23,12,6,27,0],"gold":201,"neow_bonus":"THREE_RARE_CARDS","is_prod":false,"is_daily":false,"chose_seed":false,"campfire_upgraded":0,"win_rate":0,"timestamp":1533960337,"path_taken":["M","?","M","?","?","E","?","E","T","?","E","M","?","M","R","BOSS"],"build_version":"2018-08-08","purchased_purges":1,"victory":false,"max_hp_per_floor":[70,70,70,70,70,70,70,70,70,70,70,70,70,70,70,70],"card_choices":[{"not_picked":["Bullet Time","Envenom"],"picked":"Corpse Explosion","floor":0},{"not_picked":["Deadly Poison","Dagger Spray"],"picked":"Catalyst","floor":1},{"not_picked":["Acrobatics","Concentrate"],"picked":"Backflip","floor":3},{"not_picked":["Blade Dance","Sucker Punch"],"picked":"Dash","floor":5},{"not_picked":["Terror","Distraction"],"picked":"After Image","floor":6},{"not_picked":["Dagger Spray","Setup","Flying Knee"],"picked":"SKIP","floor":8},{"not_picked":["Masterful Stab","Poisoned Stab","Blade Dance"],"picked":"SKIP","floor":11},{"not_picked":["Blade Dance","Underhanded Strike","Quick Slash"],"picked":"SKIP","floor":12},{"not_picked":["Poisoned Stab","Prepared","Dagger Spray"],"picked":"SKIP","floor":14}],"player_experience":220806,"relics_obtained":[{"floor":6,"key":"Shovel"},{"floor":7,"key":"Girya"},{"floor":8,"key":"Mercury Hourglass"},{"floor":9,"key":"Bottled Lightning"},{"floor":11,"key":"MawBank"}],"event_choices":[{"event_name":"Wheel of Change","player_choice":"Full Heal","floor":2,"damage_taken":0},{"event_name":"Living Wall","player_choice":"Grow","floor":4,"damage_taken":0},{"event_name":"World of Goop","player_choice":"Gather Gold","floor":13,"damage_taken":0}],"is_beta":true,"boss_relics":[],"items_purged_floors":[10],"is_endless":false,"potions_floor_spawned":[3,8,11],"killed_by":"Slime Boss","ascension_level":5}