{"gold_per_floor":[118,128,142,132,142,174,174,190,190,206,225,225,237,264,264,366,366,376,376,76,96,111,111,145,70,147,147,160,85,118,131,131,226,226,246,246,258,158,172,172,192,192,219,236,248,258,258,258,258,258],"floor_reached":51,"playtime":1714,"items_purged":["Strike_R","Strike_R"],"score":946,"play_id":"7f859a50-3739-43b8-9f90-4a63531a4922","local_time":"20180720231058","is_ascension_mode":true,"campfire_choices":[{"data":"Inflame","floor":7.0,"key":"SMITH"},{"data":"Heavy Blade","floor":12.0,"key":"SMITH"},{"data":"Heavy Blade","floor":15.0,"key":"SMITH"},{"data":"Shockwave","floor":23.0,"key":"SMITH"},{"data":"Immolate","floor":27.0,"key":"SMITH"},{"floor":32.0,"key":"REST"},{"data":"Shrug It Off","floor":40,"key":"SMITH"},{"data":"Heavy Blade","floor":42,"key":"SMITH"},{"data":"Pummel","floor":47,"key":"SMITH"},{"floor":49,"key":"REST"}],"neow_cost":"","seed_source_timestamp":0,"circlet_count":0,"master_deck":["Strike_R","Defend_R","Defend_R","Defend_R","Defend_R","Cleave","Uppercut","Shrug It Off+1","Inflame+1","Inflame","Twin Strike","Heavy Blade+1","Heavy Blade+1","Shockwave+1","Pommel Strike","Limit Break","Inflame","Pommel Strike","Heavy Blade+1","Pummel+1","Immolate+1","Burning Pact","Corruption","Sentinel","Sentinel","Sentinel+1"],"special_seed":0,"relics":["Burning Blood","Bronze Scales","Mummified Hand","Peace Pipe","Empty Cage","Red Skull","Singing Bowl","Dead Branch","Mark of Pain","Juzu Bracelet"],"potions_floor_usage":[45,46],"damage_taken":[{"damage":18.0,"enemies":"Jaw Worm","floor":1.0,"turns":4.0},{"damage":1.0,"enemies":"Cultist","floor":2.0,"turns":3.0},{"damage":0.0,"enemies":"2 Louse","floor":3.0,"turns":2.0},{"damage":9.0,"enemies":"Exordium Thugs","floor":4.0,"turns":4.0},{"damage":13.0,"enemies":"2 Fungi Beasts","floor":5.0,"turns":4.0},{"damage":36.0,"enemies":"3 Sentries","floor":6.0,"turns":6.0},{"damage":3.0,"enemies":"Exordium Wildlife","floor":8.0,"turns":4.0},{"damage":10.0,"enemies":"Red Slaver","floor":10.0,"turns":2.0},{"damage":1.0,"enemies":"Exordium Thugs","floor":11.0,"turns":3.0},{"damage":0.0,"enemies":"2 Fungi Beasts","floor":13.0,"turns":2.0},{"damage":0.0,"enemies":"Lagavulin","floor":14.0,"turns":3.0},{"damage":0.0,"enemies":"Slime Boss","floor":16.0,"turns":5.0},{"damage":15.0,"enemies":"3 Byrds","floor":18.0,"turns":3.0},{"damage":7.0,"enemies":"Shell Parasite","floor":21.0,"turns":3.0},{"damage":10.0,"enemies":"Centurion and Healer","floor":22.0,"turns":3.0},{"damage":28.0,"enemies":"Book of Stabbing","floor":24.0,"turns":4.0},{"damage":13.0,"enemies":"Snake Plant","floor":28.0,"turns":2.0},{"damage":29.0,"enemies":"Slavers","floor":30.0,"turns":5.0},{"damage":6.0,"enemies":"3 Cultists","floor":31.0,"turns":3.0},{"damage":27.0,"enemies":"Collector","floor":33.0,"turns":3.0},{"damage":38,"enemies":"3 Darklings","floor":35,"turns":3},{"damage":12,"enemies":"Orb Walker","floor":37,"turns":2},{"damage":26,"enemies":"Sphere and 2 Shapes","floor":39,"turns":3},{"damage":0,"enemies":"Maw","floor":41,"turns":4},{"damage":0,"enemies":"Spire Growth","floor":44,"turns":2},{"damage":0,"enemies":"4 Shapes","floor":45,"turns":4},{"damage":25,"enemies":"3 Darklings","floor":46,"turns":5},{"damage":61,"enemies":"Time Eater","floor":50,"turns":6}],"seed_played":"-6167714125132605805","potions_obtained":[{"floor":4.0,"key":"GamblersBrew"},{"floor":6.0,"key":"Regen Potion"},{"floor":8.0,"key":"BloodPotion"},{"floor":13.0,"key":"SpeedPotion"},{"floor":14.0,"key":"Swift Potion"},{"floor":28.0,"key":"EssenceOfSteel"},{"floor":30.0,"key":"Fire Potion"},{"floor":31.0,"key":"Weak Potion"},{"floor":41,"key":"EssenceOfSteel"},{"floor":44,"key":"Energy Potion"}],"is_trial":false,"path_per_floor":["M","M","M","M","M","E","R","M","T","M","M","R","M","E","R","B",null,"M","?","$","M","M","R","E","?","T","R","M","$","E","M","R","B",null,"M","?","M","$","M","R","M","R","T","M","M","M","R","?","R","B"],"character_chosen":"IRONCLAD","items_purchased":["Limit Break","Inflame","Pommel Strike","Corruption"],"campfire_rested":2,"item_purchase_floors":[20,20,20,29],"current_hp_per_floor":[68,73,79,76,69,39,39,54,54,58,63,63,69,75,75,80,80,71,71,71,70,66,66,44,44,44,44,37,37,16,16,40,21,84,52,52,48,48,30,30,38,38,38,46,52,35,35,37,65,10],"gold":258,"neow_bonus":"","is_prod":false,"is_daily":false,"chose_seed":false,"campfire_upgraded":8,"win_rate":0,"timestamp":1532153458,"path_taken":["M","M","M","M","M","E","R","M","T","M","M","R","M","E","R","BOSS","M","?","$","M","?","R","E","?","T","R","?","$","E","M","R","BOSS","M","?","M","?","M","R","M","R","T","M","M","M","R","?","R","BOSS"],"build_version":"2018-07-19","purchased_purges":2,"victory":true,"max_hp_per_floor":[80,80,80,80,80,80,80,80,80,80,80,80,80,80,80,80,80,80,80,80,80,80,80,80,80,80,80,80,80,82,82,82,84,84,84,84,86,86,88,88,90,90,90,92,92,94,94,96,96,96],"card_choices":[{"not_picked":["Sword Boomerang","Clash"],"picked":"Cleave","floor":1.0},{"not_picked":["Warcry","Perfected Strike"],"picked":"Uppercut","floor":2.0},{"not_picked":["Uppercut","Rampage"],"picked":"Shrug It Off","floor":3.0},{"not_picked":["Bloodletting","Clash"],"picked":"Inflame","floor":4.0},{"not_picked":["Anger","Reckless Charge"],"picked":"Inflame","floor":5.0},{"not_picked":["Brutality","Second Wind","Blood for Blood"],"picked":"SKIP","floor":6.0},{"not_picked":["Intimidate","Body Slam","Havoc"],"picked":"SKIP","floor":8.0},{"not_picked":["Clothesline","Sword Boomerang"],"picked":"Twin Strike","floor":10.0},{"not_picked":["Reaper","Clothesline"],"picked":"Heavy Blade","floor":11.0},{"not_picked":["Power Through","Armaments"],"picked":"Heavy Blade","floor":13.0},{"not_picked":["Blood for Blood","Spot Weakness"],"picked":"Shockwave","floor":14.0},{"not_picked":["Exhume","Bludgeon"],"picked":"Demon Form","floor":16.0},{"not_picked":["Sword Boomerang","Warcry"],"picked":"Pommel Strike","floor":18.0},{"not_picked":["Anger","Feel No Pain"],"picked":"Heavy Blade","floor":21.0},{"not_picked":["Pommel Strike","Havoc"],"picked":"Pummel","floor":22.0},{"not_picked":["Carnage+1","Barricade"],"picked":"Immolate","floor":24.0},{"not_picked":["Iron Wave","Havoc"],"picked":"Burning Pact","floor":28.0},{"not_picked":["Clothesline","Heavy Blade","Shockwave"],"picked":"Singing Bowl","floor":30.0},{"not_picked":["Intimidate","Sever Soul"],"picked":"Sentinel","floor":31.0},{"not_picked":["Demon Form","Dark Embrace","Bludgeon"],"picked":"Singing Bowl","floor":33.0},{"not_picked":["Headbutt","Wild Strike"],"picked":"Sentinel","floor":35},{"not_picked":["Carnage","Clothesline+1","Sword Boomerang+1"],"picked":"Singing Bowl","floor":37},{"not_picked":["Cleave+1","Body Slam+1","Wild Strike"],"picked":"Singing Bowl","floor":39},{"not_picked":["Clash","Thunderclap+1","Dropkick"],"picked":"Singing Bowl","floor":41},{"not_picked":["Corruption","Perfected Strike","Anger+1"],"picked":"Singing Bowl","floor":44},{"not_picked":["Infernal Blade+1","Brutality"],"picked":"Sentinel+1","floor":45},{"not_picked":["Clash+1","Rampage+1","Rage+1"],"picked":"Singing Bowl","floor":46},{"not_picked":["HandOfGreed","Impatience","Panache"],"picked":"Singing Bowl","floor":48}],"player_experience":174135,"relics_obtained":[{"floor":6.0,"key":"Bronze Scales"},{"floor":9.0,"key":"Mummified Hand"},{"floor":14.0,"key":"Peace Pipe"},{"floor":24.0,"key":"Red Skull"},{"floor":26.0,"key":"Singing Bowl"},{"floor":30.0,"key":"Dead Branch"},{"floor":43,"key":"Juzu Bracelet"}],"event_choices":[{"event_name":"Bonfire Elementals","player_choice":"BASIC","floor":19.0,"damage_taken":0.0},{"event_name":"Beggar","player_choice":"Gave Gold","floor":25.0,"damage_taken":0.0},{"event_name":"Tomb of Lord Red Mask","player_choice":"Ignored","floor":36,"damage_taken":0},{"event_name":"SensoryStone","player_choice":"Memory 1","floor":48,"damage_taken":0}],"is_beta":true,"boss_relics":[{"not_picked":["Runic Cube","Snecko Eye"],"picked":"Empty Cage"},{"not_picked":["Fusion Hammer","Black Blood"],"picked":"Mark of Pain"}],"items_purged_floors":[20,38],"is_endless":false,"potions_floor_spawned":[4,6,8,13,14,28,30,31,41,44],"ascension_level":3}