{"gold_per_floor":[218,143,143,162,30,30,46,46,46,58,58,73,43,0,0,0],"floor_reached":16,"playtime":364,"items_purged":[],"score":180,"play_id":"49ee394c-d5f5-400a-b59b-c3a6de9250db","local_time":"20190101164122","is_ascension_mode":true,"campfire_choices":[{"data":"Dualcast","floor":6,"key":"SMITH"},{"data":"Go for the Eyes","floor":11,"key":"SMITH"},{"floor":15,"key":"REST"}],"neow_cost":"NONE","seed_source_timestamp":66439051574800,"circlet_count":0,"master_deck":["AscendersBane","Strike_B","Strike_B","Strike_B","Strike_B","Defend_B","Defend_B","Zap","Dualcast+1","Reinforced Body","Melter","Go for the Eyes+1","Coolheaded+1"],"relics":["Cracked Core","Blood Vial","Toxic Egg 2"],"potions_floor_usage":[16],"damage_taken":[{"damage":2,"enemies":"Jaw Worm","floor":1,"turns":3},{"damage":11,"enemies":"2 Louse","floor":4,"turns":2},{"damage":0,"enemies":"Cultist","floor":7,"turns":3},{"damage":8,"enemies":"Large Slime","floor":10,"turns":3},{"damage":16,"enemies":"Exordium Thugs","floor":12,"turns":4},{"damage":58,"enemies":"Slime Boss","floor":16,"turns":8}],"seed_played":"-4235860875772141172","potions_obtained":[{"floor":1,"key":"FocusPotion"},{"floor":10,"key":"Ancient Potion"}],"is_trial":false,"path_per_floor":["M","?","?","M","$","R","M","?","T","M","R","M","$","?","R","B"],"character_chosen":"DEFECT","items_purchased":["Coolheaded","Reinforced Body","Coolheaded+1"],"campfire_rested":1,"item_purchase_floors":[5,5,13],"current_hp_per_floor":[62,62,62,51,51,51,51,51,51,45,45,31,31,31,52,0],"gold":0,"neow_bonus":"HUNDRED_GOLD","is_prod":false,"is_daily":false,"chose_seed":false,"campfire_upgraded":2,"win_rate":0,"timestamp":1546357282,"path_taken":["M","?","?","?","$","R","M","?","T","M","R","M","?","?","R","BOSS"],"build_version":"2018-12-25","purchased_purges":0,"victory":false,"max_hp_per_floor":[71,71,71,71,71,71,71,71,71,71,71,71,71,71,71,71],"card_choices":[{"not_picked":["Barrage","Redo","Turbo"],"picked":"SKIP","floor":1},{"not_picked":["Hello World","Turbo","Streamline"],"picked":"SKIP","floor":4},{"not_picked":["Hello World","Turbo","Streamline"],"picked":"SKIP","floor":4},{"not_picked":["Leap","Turbo"],"picked":"Melter","floor":7},{"not_picked":["Streamline","Rebound"],"picked":"Go for the Eyes","floor":10},{"not_picked":["Redo+1","Gash","Turbo+1"],"picked":"SKIP","floor":12}],"player_experience":999118,"relics_obtained":[{"floor":9,"key":"Toxic Egg 2"}],"event_choices":[{"cards_removed":["Defend_B"],"damage_healed":0,"gold_gain":0,"player_choice":"Card Removal","damage_taken":0,"max_hp_gain":0,"max_hp_loss":0,"event_name":"The Cleric","floor":2,"gold_loss":75},{"cards_removed":["Defend_B"],"damage_healed":0,"gold_gain":0,"player_choice":"Purged","damage_taken":0,"max_hp_gain":0,"max_hp_loss":0,"event_name":"Purifier","floor":3,"gold_loss":0},{"cards_removed":["Coolheaded"],"damage_healed":0,"gold_gain":0,"player_choice":"Gave Card","damage_taken":0,"relics_obtained":["Blood Vial"],"max_hp_gain":0,"max_hp_loss":0,"event_name":"WeMeetAgain","floor":8,"gold_loss":0},{"damage_healed":0,"gold_gain":0,"player_choice":"Left Gold","damage_taken":0,"max_hp_gain":0,"max_hp_loss":0,"event_name":"World of Goop","floor":14,"gold_loss":43}],"is_beta":true,"boss_relics":[],"items_purged_floors":[],"is_endless":false,"potions_floor_spawned":[1,10],"killed_by":"Slime Boss","ascension_level":20}