{"gold_per_floor":[113,113,126,126,126,126,170,190,245,289,303,303,346,346,346,477,477,500,108,122,122,122,156,156,195,195,195,226,108,131,76,76,204,204,217,240,258,64,85,116,140,140,140,155,155,178,217,230,230,230],"floor_reached":51,"playtime":2022,"items_purged":["Strike_R","Strike_R"],"score":1166,"play_id":"27dbf788-bb0f-4214-9fc3-af2a5b806c86","local_time":"20180920202525","is_ascension_mode":true,"campfire_choices":[{"data":"Evolve","floor":6.0,"key":"SMITH"},{"data":"Clothesline","floor":12.0,"key":"SMITH"},{"data":"Disarm","floor":15.0,"key":"SMITH"},{"data":"Barricade","floor":24.0,"key":"SMITH"},{"data":"Immolate","floor":27.0,"key":"SMITH"},{"data":"Shrug It Off","floor":32.0,"key":"SMITH"},{"data":"Power Through","floor":42,"key":"SMITH"},{"data":"Wild Strike","floor":45,"key":"SMITH"},{"data":"Inflame","floor":49,"key":"SMITH"}],"neow_cost":"NONE","seed_source_timestamp":0,"circlet_count":0,"master_deck":["Strike_R","Strike_R","Strike_R","Defend_R","Defend_R","Defend_R","Defend_R","Bash","Evolve+1","Clothesline+1","Cleave","Feed","Disarm+1","Barricade+1","Reaper","Body Slam+1","Immolate+1","Wild Strike+1","Shrug It Off+1","Ghostly Armor+1","Feed","Flame Barrier+1","Power Through+1","Inflame+1"],"special_seed":0,"relics":["Burning Blood","Red Skull","Golden Idol","Vajra","Sundial","Potion Belt","Dodecahedron","Juzu Bracelet","Ornamental Fan","Coffee Dripper","Blood Vial","MutagenicStrength","Bag of Marbles","Orichalcum","Question Card","The Courier","Tiny Chest","Busted Crown","Bottled Tornado","Pantograph","Happy Flower","Strawberry","Meat on the Bone"],"potions_floor_usage":[47,50,50,50],"damage_taken":[{"damage":8.0,"enemies":"Small Slimes","floor":1.0,"turns":3.0},{"damage":6.0,"enemies":"Jaw Worm","floor":3.0,"turns":5.0},{"damage":20.0,"enemies":"3 Sentries","floor":7.0,"turns":13.0},{"damage":0.0,"enemies":"Cultist","floor":8.0,"turns":2.0},{"damage":8.0,"enemies":"Gremlin Nob","floor":10.0,"turns":3.0},{"damage":5.0,"enemies":"2 Fungi Beasts","floor":11.0,"turns":3.0},{"damage":15.0,"enemies":"Lagavulin","floor":13.0,"turns":4.0},{"damage":18.0,"enemies":"The Guardian","floor":16.0,"turns":14.0},{"damage":28.0,"enemies":"2 Thieves","floor":18.0,"turns":5.0},{"damage":8.0,"enemies":"Chosen","floor":20.0,"turns":8.0},{"damage":32.0,"enemies":"Slavers","floor":23.0,"turns":6.0},{"damage":21.0,"enemies":"Book of Stabbing","floor":25.0,"turns":5.0},{"damage":16.0,"enemies":"Slavers","floor":28.0,"turns":2.0},{"damage":16.0,"enemies":"Sentry and Sphere","floor":30.0,"turns":4.0},{"damage":0.0,"enemies":"Champ","floor":33.0,"turns":14.0},{"damage":12,"enemies":"3 Darklings","floor":35,"turns":3},{"damage":4,"enemies":"3 Shapes","floor":36,"turns":1},{"damage":48,"enemies":"Transient","floor":37,"turns":5},{"damage":17,"enemies":"Spire Growth","floor":39,"turns":5},{"damage":12,"enemies":"Giant Head","floor":40,"turns":9},{"damage":0,"enemies":"Reptomancer","floor":44,"turns":3},{"damage":18,"enemies":"4 Shapes","floor":46,"turns":6},{"damage":3,"enemies":"Nemesis","floor":47,"turns":11},{"damage":28,"enemies":"Sphere and 2 Shapes","floor":48,"turns":5},{"damage":65,"enemies":"Donu and Deca","floor":50,"turns":9}],"seed_played":"5788633690630586551","potions_obtained":[{"floor":3.0,"key":"FearPotion"},{"floor":7.0,"key":"FearPotion"},{"floor":11.0,"key":"Energy Potion"},{"floor":20.0,"key":"PowerPotion"},{"floor":28.0,"key":"SkillPotion"},{"floor":35,"key":"PowerPotion"},{"floor":39,"key":"GamblersBrew"},{"floor":44,"key":"SkillPotion"},{"floor":47,"key":"SkillPotion"},{"floor":48,"key":"BloodPotion"}],"is_trial":false,"path_per_floor":["M","?","M","?","?","R","E","M","T","E","M","R","E","T","R","B",null,"M","$","M","?","?","E","R","E","T","R","E","$","M","?","R","B",null,"M","M","M","$","M","E","T","R","T","M","R","M","E","M","R","B"],"character_chosen":"IRONCLAD","items_purchased":["Blood Vial","Reaper","Shrug It Off","Bottled Tornado"],"campfire_rested":0,"item_purchase_floors":[19,19,29,38],"current_hp_per_floor":[70,50,50,50,43,43,29,35,35,33,34,34,28,28,28,19,69,50,50,55,55,55,43,43,30,30,30,70,70,65,65,65,76,88,92,92,50,50,44,59,59,59,66,74,74,93,105,91,91,61],"gold":230,"neow_bonus":"RANDOM_COMMON_RELIC","is_prod":false,"is_daily":false,"chose_seed":false,"campfire_upgraded":9,"win_rate":0,"timestamp":1537500325,"path_taken":["M","?","M","?","?","R","E","M","T","E","M","R","E","?","R","BOSS","M","$","M","?","?","E","R","E","T","R","E","$","M","?","R","BOSS","M","M","M","$","M","E","?","R","T","M","R","M","E","M","R","BOSS"],"build_version":"2018-09-20","purchased_purges":2,"victory":true,"max_hp_per_floor":[80,80,80,80,80,80,80,80,80,80,80,80,83,83,83,86,86,89,89,89,89,89,89,89,89,89,89,89,89,92,92,92,92,92,92,92,92,92,95,95,95,95,102,102,102,105,105,108,108,108],"card_choices":[{"not_picked":["Wild Strike","Pummel","Anger"],"picked":"SKIP","floor":1.0},{"not_picked":["Wild Strike","Twin Strike"],"picked":"Evolve","floor":3.0},{"not_picked":["Clash","Anger","Iron Wave"],"picked":"SKIP","floor":7.0},{"not_picked":["Bloodletting","Spot Weakness"],"picked":"Clothesline","floor":8.0},{"not_picked":["Clothesline","Thunderclap"],"picked":"Cleave","floor":10.0},{"not_picked":["Wild Strike","Shrug It Off"],"picked":"Feed","floor":11.0},{"not_picked":["Second Wind","Shockwave"],"picked":"Disarm","floor":13.0},{"not_picked":["Juggernaut","Brutality"],"picked":"Barricade","floor":16.0},{"not_picked":["Clash","Infernal Blade","Rupture"],"picked":"SKIP","floor":18.0},{"not_picked":["Perfected Strike","Shrug It Off+1"],"picked":"Body Slam+1","floor":20.0},{"not_picked":["Rupture","Havoc"],"picked":"Immolate","floor":23.0},{"not_picked":["Evolve","Anger","Rampage"],"picked":"SKIP","floor":25.0},{"not_picked":["Warcry","Sever Soul","Intimidate+1"],"picked":"Wild Strike","floor":28.0},{"not_picked":["Cleave","Uppercut+1","Clothesline"],"picked":"Ghostly Armor+1","floor":30.0},{"not_picked":["Brutality","Immolate","Barricade"],"picked":"Feed","floor":33.0},{"not_picked":["Shrug It Off"],"picked":"Flame Barrier+1","floor":35},{"not_picked":["Wild Strike","Rampage"],"picked":"SKIP","floor":36},{"not_picked":["Evolve+1","Havoc+1"],"picked":"SKIP","floor":37},{"not_picked":["Flex"],"picked":"Power Through","floor":39},{"not_picked":["Cleave+1","Demon Form"],"picked":"SKIP","floor":40},{"not_picked":["Clash","Sword Boomerang"],"picked":"SKIP","floor":44},{"not_picked":["Cleave+1"],"picked":"Inflame","floor":46},{"not_picked":["Wild Strike+1","Cleave"],"picked":"SKIP","floor":47},{"not_picked":["Feel No Pain+1","Pommel Strike+1"],"picked":"SKIP","floor":48}],"player_experience":300867,"relics_obtained":[{"floor":7.0,"key":"Sundial"},{"floor":9.0,"key":"Potion Belt"},{"floor":10.0,"key":"Dodecahedron"},{"floor":13.0,"key":"Juzu Bracelet"},{"floor":14.0,"key":"Ornamental Fan"},{"floor":23.0,"key":"Bag of Marbles"},{"floor":25.0,"key":"Orichalcum"},{"floor":26.0,"key":"Question Card"},{"floor":28.0,"key":"The Courier"},{"floor":40,"key":"Pantograph"},{"floor":41,"key":"Happy Flower"},{"floor":43,"key":"Strawberry"},{"floor":47,"key":"Meat on the Bone"}],"event_choices":[{"event_name":"Golden Idol","player_choice":"Take Damage","floor":2.0,"damage_taken":0.0},{"event_name":"Liars Game","player_choice":"disagreed","floor":4.0,"damage_taken":0.0},{"event_name":"Scrap Ooze","player_choice":"success","floor":5.0,"damage_taken":7.0},{"event_name":"Ghosts","player_choice":"Ignored","floor":21.0,"damage_taken":0.0},{"event_name":"Drug Dealer","player_choice":"Inject Mutagens","floor":22.0,"damage_taken":0.0},{"event_name":"Addict","player_choice":"Obtained Relic","floor":31.0,"damage_taken":0.0}],"is_beta":true,"boss_relics":[{"not_picked":["Orrery","Fusion Hammer"],"picked":"Coffee Dripper"},{"not_picked":["Black Blood","Astrolabe"],"picked":"Busted Crown"}],"items_purged_floors":[19,29],"is_endless":false,"potions_floor_spawned":[3,7,11,20,28,35,39,44,47,48],"ascension_level":7}