{"gold_per_floor":[369,386,461,461,231,231,259,259,259,289,289,301,326,69,69,168,168,179,202,219,219,65,65,78,108,108,120,120,134,134,166,166,267,267,283,298,315,325,200,230,230,257,284,134,134,134,134,145,145,145,145,145,95,126,126],"floor_reached":55,"playtime":1898,"items_purged":["Defend_R","Strike_R","Doubt","Shame"],"score":781,"play_id":"7077ab3b-d8ec-4e8c-87c6-f5c7b269eabe","local_time":"20190315222142","is_ascension_mode":false,"campfire_choices":[{"data":"Bash","floor":6.0,"key":"SMITH"},{"floor":8.0,"key":"REST"},{"floor":11.0,"key":"REST"},{"data":"Inflame","floor":15.0,"key":"SMITH"},{"data":"Inflame","floor":23,"key":"SMITH"},{"data":"Heavy Blade","floor":28,"key":"SMITH"},{"data":"Pummel","floor":30,"key":"SMITH"},{"data":"Bite","floor":32,"key":"SMITH"},{"data":"Limit Break","floor":41,"key":"SMITH"},{"floor":47,"key":"RECALL"},{"data":"Demon Form","floor":49,"key":"SMITH"},{"data":"Sword Boomerang","floor":52,"key":"SMITH"}],"neow_cost":"CURSE","seed_source_timestamp":0,"circlet_count":0,"master_deck":["Defend_R+1","Defend_R","Defend_R+1","Bash+1","Pummel+1","Shrug It Off","Inflame+1","Inflame+1","Bite+1","Bite","Bite","Bite","Bite","Heavy Blade+1","Offering","Demon Form+1","Sword Boomerang+1","Limit Break+1","Decay"],"special_seed":0,"relics":["Burning Blood","Anchor","Ornamental Fan","Charon\u0027s Ashes","Pocketwatch","Prayer Wheel","War Paint","Cursed Key","Strawberry","PreservedInsect","Meat on the Bone","Happy Flower","Bag of Marbles","Orrery","Art of War","Gambling Chip","Blood Vial"],"potions_floor_usage":[25,35,38,50,54,55,55],"damage_taken":[{"damage":14.0,"enemies":"Cultist","floor":1.0,"turns":4.0},{"damage":6.0,"enemies":"2 Louse","floor":2.0,"turns":5.0},{"damage":48.0,"enemies":"3 Sentries","floor":7.0,"turns":9.0},{"damage":27.0,"enemies":"Lagavulin","floor":10.0,"turns":5.0},{"damage":0.0,"enemies":"Jaw Worm","floor":12.0,"turns":3.0},{"damage":17.0,"enemies":"3 Sentries","floor":13.0,"turns":7.0},{"damage":17,"enemies":"The Guardian","floor":16,"turns":14},{"damage":0,"enemies":"Chosen","floor":18,"turns":3},{"damage":13,"enemies":"Spheric Guardian","floor":20,"turns":4},{"damage":15,"enemies":"Snake Plant","floor":24,"turns":4},{"damage":2,"enemies":"Book of Stabbing","floor":25,"turns":4},{"damage":15,"enemies":"Shelled Parasite and Fungi","floor":27,"turns":5},{"damage":16,"enemies":"Centurion and Healer","floor":29,"turns":6},{"damage":14,"enemies":"Gremlin Leader","floor":31,"turns":4},{"damage":44,"enemies":"Collector","floor":33,"turns":6},{"damage":25,"enemies":"3 Darklings","floor":35,"turns":6},{"damage":15,"enemies":"3 Shapes","floor":36,"turns":3},{"damage":6,"enemies":"Transient","floor":37,"turns":5},{"damage":34,"enemies":"3 Darklings","floor":38,"turns":7},{"damage":15,"enemies":"Giant Head","floor":40,"turns":5},{"damage":51,"enemies":"Nemesis","floor":42,"turns":3},{"damage":16,"enemies":"Sphere and 2 Shapes","floor":48,"turns":3},{"damage":48,"enemies":"Donu and Deca","floor":50,"turns":4},{"damage":52,"enemies":"Shield and Spear","floor":54,"turns":3},{"damage":69,"enemies":"The Heart","floor":55,"turns":2}],"seed_played":"-2703234831384536958","potions_obtained":[{"floor":2.0,"key":"Strength Potion"},{"floor":7.0,"key":"LiquidBronze"},{"floor":10.0,"key":"FearPotion"},{"floor":16,"key":"Fire Potion"},{"floor":24,"key":"Energy Potion"},{"floor":27,"key":"Block Potion"},{"floor":37,"key":"Explosive Potion"},{"floor":42,"key":"AttackPotion"}],"is_trial":false,"path_per_floor":["M","M","?","?","$","R","E","R","T","E","R","M","E","$","R","B",null,"M","T","M","?","$","R","M","E","T","M","R","M","R","E","R","B",null,"M","M","M","M","$","E","R","E","T","$","?","?","R","M","R","B",null,"R","$","E","B"],"character_chosen":"IRONCLAD","items_purchased":["Anchor","War Paint","PreservedInsect","Strength Potion"],"campfire_rested":2,"item_purchase_floors":[5,14,22,53],"current_hp_per_floor":[72,72,61,54,54,54,12,36,36,15,39,45,34,34,34,23,80,80,87,80,60,60,60,59,60,60,60,60,60,60,60,60,45,60,60,54,60,55,55,60,60,32,32,32,32,32,32,40,40,22,60,60,60,30,0],"gold":126,"neow_bonus":"TWO_FIFTY_GOLD","is_prod":false,"is_daily":false,"chose_seed":false,"campfire_upgraded":9,"win_rate":0,"timestamp":1552684902,"path_taken":["M","M","?","?","?","R","E","R","T","E","R","M","E","$","R","BOSS","M","?","M","?","$","R","M","E","T","M","R","M","R","E","R","BOSS","M","M","M","M","$","E","R","E","T","$","?","?","R","M","R","BOSS","R","$","E","BOSS"],"build_version":"2019-02-06","purchased_purges":4,"victory":false,"max_hp_per_floor":[80,80,80,80,80,80,80,80,80,80,80,80,80,80,80,80,80,80,87,87,60,60,60,60,60,60,60,60,60,60,60,60,60,60,60,60,60,60,60,60,60,60,60,60,60,60,60,60,60,60,60,60,60,60,60],"card_choices":[{"not_picked":["Rage","Headbutt","True Grit"],"picked":"SKIP","floor":1.0},{"not_picked":["Battle Trance","Clash"],"picked":"Pummel","floor":2.0},{"not_picked":["Sever Soul","Flex","Warcry"],"picked":"SKIP","floor":7.0},{"not_picked":["Dual Wield","Flame Barrier"],"picked":"Shrug It Off","floor":10.0},{"not_picked":["Pommel Strike","Anger","Thunderclap"],"picked":"SKIP","floor":12.0},{"not_picked":["Brutality","Sentinel"],"picked":"Inflame","floor":13.0},{"not_picked":["Battle Trance","Shockwave"],"picked":"Inflame","floor":18},{"not_picked":["Cleave","Body Slam","Battle Trance"],"picked":"SKIP","floor":18},{"not_picked":["Body Slam+1","Anger","Headbutt+1"],"picked":"SKIP","floor":20},{"not_picked":["Combust+1","Whirlwind","Havoc+1"],"picked":"SKIP","floor":20},{"not_picked":["Blood for Blood","True Grit","Rupture"],"picked":"SKIP","floor":24},{"not_picked":["Ghostly Armor","Evolve","Dual Wield"],"picked":"SKIP","floor":24},{"not_picked":["Headbutt","Intimidate","Whirlwind+1"],"picked":"SKIP","floor":25},{"not_picked":["Body Slam","Iron Wave"],"picked":"Heavy Blade","floor":27},{"not_picked":["Iron Wave","Body Slam"],"picked":"Offering","floor":27},{"not_picked":["Armaments","Dropkick","Pommel Strike"],"picked":"SKIP","floor":29},{"not_picked":["Thunderclap","Battle Trance+1","Feel No Pain"],"picked":"SKIP","floor":29},{"not_picked":["Fire Breathing","Warcry","Evolve+1"],"picked":"SKIP","floor":31},{"not_picked":["Fiend Fire","Exhume"],"picked":"Demon Form","floor":33},{"not_picked":["Feel No Pain","Clothesline"],"picked":"Sword Boomerang","floor":34},{"not_picked":["Flex+1","Rampage+1","Barricade"],"picked":"SKIP","floor":35},{"not_picked":["Flex+1","Pommel Strike","True Grit+1"],"picked":"SKIP","floor":35},{"not_picked":["Shrug It Off+1","Pommel Strike"],"picked":"Limit Break","floor":36},{"not_picked":["Thunderclap","Warcry","Pommel Strike"],"picked":"SKIP","floor":36},{"not_picked":["Battle Trance+1","Clash+1","Warcry"],"picked":"SKIP","floor":37},{"not_picked":["Feel No Pain","Burning Pact","Entrench"],"picked":"SKIP","floor":37},{"not_picked":["Iron Wave+1","Heavy Blade+1","Perfected Strike"],"picked":"SKIP","floor":38},{"not_picked":["Pommel Strike+1","Havoc","Sword Boomerang+1"],"picked":"SKIP","floor":38},{"not_picked":["Warcry+1","Clash+1","Iron Wave+1"],"picked":"SKIP","floor":40},{"not_picked":["Flex+1","Combust","Evolve+1"],"picked":"SKIP","floor":42},{"not_picked":["Sever Soul+1","Whirlwind+1","Spot Weakness"],"picked":"SKIP","floor":48},{"not_picked":["Anger+1","Warcry+1","Entrench"],"picked":"SKIP","floor":48},{"not_picked":["Evolve+1","Sever Soul","Feed"],"picked":"SKIP","floor":54}],"player_experience":1258504,"relics_obtained":[{"floor":7.0,"key":"Ornamental Fan"},{"floor":9.0,"key":"Charon\u0027s Ashes"},{"floor":10.0,"key":"Pocketwatch"},{"floor":13.0,"key":"Prayer Wheel"},{"floor":19,"key":"Strawberry"},{"floor":25,"key":"Meat on the Bone"},{"floor":26,"key":"Happy Flower"},{"floor":31,"key":"Bag of Marbles"},{"floor":40,"key":"Art of War"},{"floor":42,"key":"Gambling Chip"},{"floor":54,"key":"Blood Vial"}],"event_choices":[{"damage_healed":0.0,"max_hp_gain":0.0,"max_hp_loss":0.0,"gold_gain":75.0,"event_name":"World of Goop","player_choice":"Gather Gold","floor":3.0,"gold_loss":0.0,"damage_taken":11.0},{"cards_removed":["Pain"],"damage_healed":0.0,"max_hp_gain":0.0,"max_hp_loss":0.0,"gold_gain":0.0,"event_name":"Golden Wing","player_choice":"Card Removal","floor":4.0,"gold_loss":0.0,"damage_taken":7.0},{"damage_healed":0,"gold_gain":0,"player_choice":"Became a vampire","damage_taken":0,"max_hp_gain":0,"max_hp_loss":27,"event_name":"Vampires","floor":21,"gold_loss":0,"cards_obtained":["Bite","Bite","Bite","Bite","Bite"]},{"damage_healed":0,"gold_gain":0,"player_choice":"Memory 1","damage_taken":0,"max_hp_gain":0,"max_hp_loss":0,"event_name":"SensoryStone","floor":45,"gold_loss":0},{"damage_healed":0,"gold_gain":0,"player_choice":"Ignored","damage_taken":0,"max_hp_gain":0,"max_hp_loss":0,"event_name":"Mysterious Sphere","floor":46,"gold_loss":0}],"is_beta":true,"boss_relics":[{"not_picked":["Calling Bell","Black Star"],"picked":"Cursed Key"},{"not_picked":["Sozu","White Beast Statue"],"picked":"Orrery"}],"items_purged_floors":[5,14,39,44],"is_endless":false,"potions_floor_spawned":[2,7,10,16,18,24,27,29,37,42],"killed_by":"The Heart","ascension_level":0}