{"gold_per_floor":[119,44,44,119,19,19,54,74,99,110,142,142,162,162,162,257,257,274,64,74,85,185,185,196,212,237,38,38,38,70,169,169,266,266,278,278,76,93,93,108,136,88,160,108,108],"floor_reached":45,"playtime":3756,"items_purged":["Strike_B","Strike_B","Shame","Pain"],"score":741,"play_id":"d301a0a9-748a-4c34-aadf-7b3b20a1ab27","local_time":"20190501011641","is_ascension_mode":true,"campfire_choices":[{"data":"Zap","floor":6,"key":"SMITH"},{"floor":15,"key":"REST"},{"data":"Hologram","floor":23,"key":"SMITH"},{"data":"FTL","floor":28,"key":"SMITH"},{"data":"Machine Learning","floor":32,"key":"SMITH"}],"neow_cost":"NONE","seed_source_timestamp":231499600341111,"circlet_count":0,"master_deck":["Strike_B+1","Defend_B+1","Defend_B","Defend_B","Defend_B","Zap+1","Dualcast+1","Melter","Hologram+1","Loop","Streamline","Ball Lightning","Glacier","Recycle","All For One","Gash+1","Go for the Eyes+1","Steam","Gash","BootSequence","Streamline","FTL+1","Ghostly","Ghostly","Ghostly","Ghostly","Ghostly","Machine Learning+1","Go for the Eyes+1","Coolheaded+1","Shame"],"relics":["Cracked Core","NeowsBlessing","Anchor","Vajra","Ancient Tea Set","Cursed Key","Lantern","Calipers","Mercury Hourglass","Dream Catcher","Regal Pillow","Lizard Tail","WarpedTongs","Whetstone","Bottled Lightning"],"potions_floor_usage":[11,16,22,22,30,33,41,41,45,45],"damage_taken":[{"damage":0,"enemies":"2 Louse","floor":1,"turns":1},{"damage":0,"enemies":"3 Sentries","floor":7,"turns":1},{"damage":0,"enemies":"Jaw Worm","floor":8,"turns":1},{"damage":0,"enemies":"Small Slimes","floor":10,"turns":2},{"damage":22,"enemies":"Lagavulin","floor":11,"turns":5},{"damage":0,"enemies":"Blue Slaver","floor":13,"turns":2},{"damage":15,"enemies":"Slime Boss","floor":16,"turns":8},{"damage":2,"enemies":"Chosen","floor":18,"turns":3},{"damage":4,"enemies":"2 Thieves","floor":20,"turns":3},{"damage":0,"enemies":"Snecko","floor":21,"turns":4},{"damage":13,"enemies":"Colosseum Slavers","floor":22,"turns":4},{"damage":0,"enemies":"Colosseum Nobs","floor":22,"turns":3},{"damage":0,"enemies":"Cultist and Chosen","floor":24,"turns":4},{"damage":3,"enemies":"Centurion and Healer","floor":25,"turns":5},{"damage":4,"enemies":"Book of Stabbing","floor":30,"turns":5},{"damage":4,"enemies":"Collector","floor":33,"turns":9},{"damage":2,"enemies":"3 Darklings","floor":35,"turns":5},{"damage":0,"enemies":"3 Shapes","floor":38,"turns":3},{"damage":20,"enemies":"Spire Growth","floor":40,"turns":6},{"damage":30,"enemies":"Giant Head","floor":41,"turns":9},{"damage":26,"enemies":"Reptomancer","floor":45,"turns":7}],"seed_played":"-8754376868693322585","potions_obtained":[{"floor":1,"key":"PowerPotion"},{"floor":10,"key":"FocusPotion"},{"floor":13,"key":"Dexterity Potion"},{"floor":16,"key":"Dexterity Potion"},{"floor":18,"key":"Fire Potion"},{"floor":22,"key":"Poison Potion"},{"floor":25,"key":"PowerPotion"},{"floor":38,"key":"LiquidBronze"},{"floor":41,"key":"Weak Potion"}],"is_trial":false,"path_per_floor":["M","$","?","?","$","R","E","M","T","M","E","?","M","?","R","B",null,"M","$","M","M","?","R","M","M","T","$","R","?","E","?","R","B",null,"M","?","$","M","$","M","E","$","T","$","E"],"character_chosen":"DEFECT","items_purchased":["Go for the Eyes","Lantern","FTL","Strength Potion","Block Potion","SteroidPotion"],"campfire_rested":1,"item_purchase_floors":[19,19,27,37,42,44],"current_hp_per_floor":[68,68,68,57,57,57,57,57,57,57,35,20,20,8,30,15,60,58,58,54,54,41,41,41,38,38,38,38,37,33,33,33,29,35,33,33,33,33,33,13,18,18,18,18,0],"gold":108,"neow_bonus":"THREE_ENEMY_KILL","is_prod":false,"is_daily":false,"chose_seed":false,"campfire_upgraded":4,"win_rate":0,"timestamp":1556709401,"path_taken":["M","$","?","?","?","R","E","M","T","M","E","?","M","?","R","BOSS","M","$","M","M","?","R","M","M","T","$","R","?","E","?","R","BOSS","M","?","$","M","?","M","E","$","T","$","E"],"build_version":"2019-01-23","purchased_purges":4,"victory":false,"max_hp_per_floor":[75,75,75,75,75,75,75,75,75,75,75,75,75,75,75,75,75,75,75,75,75,75,75,75,75,75,75,75,37,37,37,37,37,37,37,37,37,37,37,37,37,37,37,37,37],"card_choices":[{"not_picked":["Force Field","Heatsinks"],"picked":"Melter","floor":1},{"not_picked":["Fission","Compile Driver"],"picked":"Loop","floor":7},{"not_picked":["Turbo","Steam Power"],"picked":"Streamline","floor":8},{"not_picked":["Heatsinks","Barrage"],"picked":"Ball Lightning","floor":10},{"not_picked":["Machine Learning","Compile Driver"],"picked":"Glacier","floor":11},{"not_picked":["White Noise","Cold Snap"],"picked":"Recycle","floor":13},{"not_picked":["Rainbow","Meteor Strike"],"picked":"All For One","floor":16},{"not_picked":["Turbo+1","Redo"],"picked":"Gash+1","floor":18},{"not_picked":["Streamline","Chill"],"picked":"Steam","floor":20},{"not_picked":["Stack","Steam Power","Rebound"],"picked":"SKIP","floor":21},{"not_picked":["Go for the Eyes","Recycle"],"picked":"Gash","floor":22},{"not_picked":["Cold Snap","Barrage"],"picked":"BootSequence","floor":24},{"not_picked":["Heatsinks","Turbo+1"],"picked":"Streamline","floor":25},{"not_picked":["Cold Snap+1","Chaos"],"picked":"Machine Learning","floor":30},{"not_picked":["Lockon+1","Rip and Tear","Heatsinks"],"picked":"SKIP","floor":35},{"not_picked":["Rebound+1","Ball Lightning","Stack"],"picked":"SKIP","floor":38},{"not_picked":["Ball Lightning+1","Sweeping Beam+1"],"picked":"Go for the Eyes+1","floor":40},{"not_picked":["Creative AI","Beam Cell"],"picked":"Coolheaded+1","floor":41}],"player_experience":340531,"relics_obtained":[{"floor":7,"key":"Anchor"},{"floor":9,"key":"Vajra"},{"floor":11,"key":"Ancient Tea Set"},{"floor":22,"key":"Calipers"},{"floor":22,"key":"Mercury Hourglass"},{"floor":26,"key":"Dream Catcher"},{"floor":30,"key":"Regal Pillow"},{"floor":41,"key":"Whetstone"},{"floor":43,"key":"Bottled Lightning"}],"event_choices":[{"damage_healed":0,"gold_gain":0,"cards_transformed":["Strike_B"],"player_choice":"Change","damage_taken":0,"max_hp_gain":0,"max_hp_loss":0,"event_name":"Living Wall","floor":3,"gold_loss":0,"cards_obtained":["Hologram"]},{"damage_healed":0,"gold_gain":75,"player_choice":"Gather Gold","damage_taken":11,"max_hp_gain":0,"max_hp_loss":0,"event_name":"World of Goop","floor":4,"gold_loss":0},{"damage_healed":0,"gold_gain":0,"player_choice":"Entered Light","damage_taken":15,"max_hp_gain":0,"max_hp_loss":0,"event_name":"Shining Light","floor":12,"gold_loss":0,"cards_upgraded":["Defend_B","Dualcast"]},{"damage_healed":0,"gold_gain":0,"player_choice":"Fled","damage_taken":12,"max_hp_gain":0,"max_hp_loss":0,"event_name":"Scrap Ooze","floor":14,"gold_loss":0},{"damage_healed":0,"gold_gain":0,"player_choice":"Fight","damage_taken":0,"max_hp_gain":0,"max_hp_loss":0,"event_name":"Colosseum","floor":22,"gold_loss":0},{"damage_healed":0,"gold_gain":0,"player_choice":"Fought Nobs","damage_taken":0,"max_hp_gain":0,"max_hp_loss":0,"event_name":"Colosseum","floor":22,"gold_loss":0},{"damage_healed":0,"gold_gain":0,"player_choice":"Became a Ghost","damage_taken":0,"max_hp_gain":0,"max_hp_loss":38,"event_name":"Ghosts","floor":29,"gold_loss":0,"cards_obtained":["Ghostly","Ghostly","Ghostly","Ghostly","Ghostly"]},{"damage_healed":0,"gold_gain":99,"player_choice":"Stole From Cult","damage_taken":0,"max_hp_gain":0,"max_hp_loss":0,"event_name":"Nest","floor":31,"gold_loss":0},{"damage_healed":0,"gold_gain":0,"player_choice":"Rummage","damage_taken":0,"relics_obtained":["WarpedTongs"],"max_hp_gain":0,"max_hp_loss":0,"event_name":"Accursed Blacksmith","floor":36,"gold_loss":0,"cards_obtained":["Pain"]}],"is_beta":false,"boss_relics":[{"not_picked":["Coffee Dripper","Runic Dome"],"picked":"Cursed Key"},{"not_picked":["Orrery","Calling Bell"],"picked":"Lizard Tail"}],"items_purged_floors":[2,5,27,37],"is_endless":false,"potions_floor_spawned":[1,10,13,16,18,22,22,25,38,41],"killed_by":"Reptomancer","ascension_level":9}