{"gold_per_floor":[109,123,48,68,68,68,87,118,118,146,158,170,216,248,260,346,358,390,416,34,34,6,36,36,55,55,55,55,85,98,98,98,98],"floor_reached":33,"playtime":1845,"items_purged":["Strike_B"],"score":590,"play_id":"2c0cdd9a-9e83-48a1-b040-4fb0408b386e","local_time":"20190430233836","is_ascension_mode":true,"campfire_choices":[{"data":"Zap","floor":6.0,"key":"SMITH"},{"data":"Sunder","floor":15.0,"key":"SMITH"},{"data":"Buffer","floor":24.0,"key":"SMITH"},{"data":"Sunder","floor":28.0,"key":"SMITH"},{"data":"Defragment","floor":32,"key":"SMITH"}],"neow_cost":"NONE","seed_source_timestamp":1049377378688586,"circlet_count":0,"master_deck":["AscendersBane","Strike_B","Strike_B","Strike_B","Defend_B","Defend_B","Defend_B","Defend_B","Zap+1","Dualcast","Hologram","Go for the Eyes","Undo","Ball Lightning","Sunder+1","Gash","Sunder+1","Capacitor","Buffer+1","Steam+1","Coolheaded","Core Surge","Leap","Glacier","White Noise+1","Defragment+1"],"special_seed":0,"relics":["Cracked Core","Oddly Smooth Stone","Blue Candle","MawBank","Potion Belt","Coffee Dripper","Pen Nib","Pantograph","Matryoshka","Lantern","Juzu Bracelet","Letter Opener"],"potions_floor_usage":[],"damage_taken":[{"damage":6.0,"enemies":"Cultist","floor":1.0,"turns":3.0},{"damage":7.0,"enemies":"Jaw Worm","floor":2.0,"turns":3.0},{"damage":7.0,"enemies":"Small Slimes","floor":4.0,"turns":3.0},{"damage":0.0,"enemies":"2 Fungi Beasts","floor":7.0,"turns":3.0},{"damage":9.0,"enemies":"Lagavulin","floor":8.0,"turns":6.0},{"damage":0.0,"enemies":"Gremlin Gang","floor":10.0,"turns":5.0},{"damage":30.0,"enemies":"3 Sentries","floor":13.0,"turns":6.0},{"damage":12.0,"enemies":"Exordium Thugs","floor":14.0,"turns":3.0},{"damage":22.0,"enemies":"Hexaghost","floor":16.0,"turns":9.0},{"damage":8.0,"enemies":"Shell Parasite","floor":18.0,"turns":6.0},{"damage":3.0,"enemies":"Chosen","floor":19.0,"turns":3.0},{"damage":14.0,"enemies":"Gremlin Leader","floor":23.0,"turns":7.0},{"damage":8.0,"enemies":"Shelled Parasite and Fungi","floor":25.0,"turns":9.0},{"damage":2.0,"enemies":"Slavers","floor":29.0,"turns":6.0},{"damage":5,"enemies":"Centurion and Healer","floor":30,"turns":4},{"damage":108,"enemies":"Champ","floor":33,"turns":24}],"seed_played":"-1299835801635900705","potions_obtained":[{"floor":1.0,"key":"SmokeBomb"},{"floor":4.0,"key":"FearPotion"},{"floor":8.0,"key":"LiquidBronze"},{"floor":13.0,"key":"FearPotion"},{"floor":19.0,"key":"GamblersBrew"},{"floor":23.0,"key":"Energy Potion"}],"is_trial":false,"path_per_floor":["M","M","$","M","?","R","M","E","T","M","?","?","E","M","R","B",null,"M","M","$","?","$","E","R","M","T","?","R","E","M","T","R","B"],"character_chosen":"DEFECT","items_purchased":["Pen Nib","Core Surge","PowerPotion","Leap"],"campfire_rested":0,"item_purchase_floors":[20,20,20,22],"current_hp_per_floor":[65,58,58,51,51,51,51,42,42,42,42,78,48,36,36,14,62,54,51,51,51,51,37,37,29,29,29,29,27,22,22,22,0],"gold":98,"neow_bonus":"TEN_PERCENT_HP_BONUS","is_prod":false,"is_daily":false,"chose_seed":false,"campfire_upgraded":5,"win_rate":0,"timestamp":1556689116,"path_taken":["M","M","?","M","?","R","?","E","T","M","?","?","E","M","R","BOSS","M","?","$","?","?","E","R","M","T","?","R","E","M","?","R","BOSS"],"build_version":"2019-04-23","purchased_purges":1,"victory":false,"max_hp_per_floor":[78,78,78,78,78,78,78,78,78,78,78,78,78,78,78,78,78,78,78,78,78,78,78,78,78,78,78,78,78,78,78,78,78],"card_choices":[{"not_picked":["Turbo","Streamline"],"picked":"Hologram","floor":1.0},{"not_picked":["Double Energy","Aggregate"],"picked":"Go for the Eyes","floor":2.0},{"not_picked":["Turbo","Fusion"],"picked":"Undo","floor":4.0},{"not_picked":["Force Field","Redo"],"picked":"Ball Lightning","floor":7.0},{"not_picked":["Compile Driver","Chill"],"picked":"Sunder","floor":8.0},{"not_picked":["Steam","Streamline"],"picked":"Gash","floor":10.0},{"not_picked":["Compile Driver","Rainbow"],"picked":"Sunder","floor":13.0},{"not_picked":["Go for the Eyes","Consume"],"picked":"Capacitor","floor":14.0},{"not_picked":["Fission","Creative AI"],"picked":"Buffer","floor":16.0},{"not_picked":["Leap","Ball Lightning"],"picked":"Steam+1","floor":18.0},{"not_picked":["Storm","Compile Driver+1"],"picked":"Coolheaded","floor":19.0},{"not_picked":["Heatsinks","Tempest"],"picked":"Glacier","floor":23.0},{"not_picked":["Coolheaded","Conserve Battery"],"picked":"White Noise+1","floor":25.0},{"not_picked":["Heatsinks","Rebound"],"picked":"Defragment","floor":29.0},{"not_picked":["Redo","Steam Power","Beam Cell"],"picked":"SKIP","floor":30}],"player_experience":3095105,"relics_obtained":[{"floor":8.0,"key":"Blue Candle"},{"floor":9.0,"key":"MawBank"},{"floor":13.0,"key":"Potion Belt"},{"floor":23.0,"key":"Pantograph"},{"floor":26.0,"key":"Matryoshka"},{"floor":29.0,"key":"Lantern"},{"floor":31,"key":"Juzu Bracelet"},{"floor":31,"key":"Letter Opener"}],"event_choices":[{"damage_healed":0.0,"max_hp_gain":0.0,"max_hp_loss":0.0,"gold_gain":0.0,"event_name":"WeMeetAgain","player_choice":"Gave Potion","floor":5.0,"gold_loss":0.0,"damage_taken":0.0,"relics_obtained":["Oddly Smooth Stone"]},{"damage_healed":0.0,"max_hp_gain":0.0,"max_hp_loss":0.0,"gold_gain":0.0,"event_name":"Liars Game","player_choice":"Ignored","floor":11.0,"gold_loss":0.0,"damage_taken":0.0},{"damage_healed":36.0,"max_hp_gain":0.0,"max_hp_loss":0.0,"gold_gain":0.0,"event_name":"Wheel of Change","player_choice":"Full Heal","floor":12.0,"gold_loss":0.0,"damage_taken":0.0},{"damage_healed":0.0,"max_hp_gain":0.0,"max_hp_loss":0.0,"gold_gain":0.0,"event_name":"Beggar","player_choice":"Ignored","floor":21.0,"gold_loss":0.0,"damage_taken":0.0}],"is_beta":true,"boss_relics":[{"not_picked":["Black Star","Astrolabe"],"picked":"Coffee Dripper"}],"items_purged_floors":[3],"is_endless":false,"potions_floor_spawned":[1,4,8,10,13,19,23],"killed_by":"Champ","ascension_level":20}