{"gold_per_floor":[12,87,87,87,87,87,119,119,119,135,159,159,159,179,179,282,282],"floor_reached":17,"playtime":268,"items_purged":[],"score":151,"play_id":"6e6f4827-f5ea-4d8f-96b4-5d50fe655093","local_time":"20190210001507","is_ascension_mode":false,"campfire_choices":[{"floor":6,"key":"REST"},{"data":"Bash","floor":8,"key":"SMITH"},{"data":"Cleave","floor":12,"key":"SMITH"},{"data":"Strike_R","floor":15,"key":"SMITH"}],"neow_cost":"NO_GOLD","seed_source_timestamp":1856605690390400,"circlet_count":0,"master_deck":["Bash+1","Cleave+1"],"relics":["Burning Blood","Vajra","War Paint","Matryoshka","Odd Mushroom","Pandora\u0027s Box"],"potions_floor_usage":[7,11,16],"damage_taken":[{"damage":17,"enemies":"Jaw Worm","floor":1,"turns":5},{"damage":6,"enemies":"Gremlin Nob","floor":7,"turns":3},{"damage":0,"enemies":"2 Louse","floor":10,"turns":2},{"damage":12,"enemies":"The Mushroom Lair","floor":11,"turns":5},{"damage":2,"enemies":"Small Slimes","floor":14,"turns":2},{"damage":52,"enemies":"Hexaghost","floor":16,"turns":7}],"seed_played":"3938278288995993066","potions_obtained":[{"floor":1,"key":"EntropicBrew"},{"floor":16,"key":"Swift Potion"}],"is_trial":false,"path_per_floor":["M","?","?","?","?","R","E","R","T","M","?","R","?","M","R","B",null],"character_chosen":"IRONCLAD","items_purchased":[],"campfire_rested":1,"item_purchase_floors":[],"current_hp_per_floor":[69,58,63,51,34,59,59,59,59,65,73,73,73,77,77,31,31],"gold":282,"neow_bonus":"REMOVE_TWO","is_prod":false,"is_daily":false,"chose_seed":false,"campfire_upgraded":3,"win_rate":0,"timestamp":1549754107,"path_taken":["M","?","?","?","?","R","E","R","T","?","?","R","?","M","R","BOSS"],"build_version":"2019-02-06","purchased_purges":0,"victory":false,"max_hp_per_floor":[80,80,85,85,85,85,85,85,85,85,85,85,85,85,85,85,85],"card_choices":[{"not_picked":["Searing Blow","Spot Weakness","Burning Pact"],"picked":"SKIP","floor":1},{"not_picked":["Power Through","Metallicize","Carnage"],"picked":"SKIP","floor":7},{"not_picked":["Armaments","Heavy Blade","Warcry"],"picked":"SKIP","floor":10},{"not_picked":["Flex","Anger"],"picked":"Cleave","floor":11},{"not_picked":["Body Slam","Anger","Perfected Strike"],"picked":"SKIP","floor":14}],"player_experience":1140400,"relics_obtained":[{"floor":7,"key":"War Paint"},{"floor":9,"key":"Matryoshka"},{"floor":11,"key":"Odd Mushroom"}],"event_choices":[{"damage_healed":0,"gold_gain":75,"player_choice":"Gather Gold","damage_taken":11,"max_hp_gain":0,"max_hp_loss":0,"event_name":"World of Goop","floor":2,"gold_loss":0},{"damage_healed":0,"gold_gain":0,"player_choice":"Donut","damage_taken":0,"max_hp_gain":5,"max_hp_loss":0,"event_name":"Big Fish","floor":3,"gold_loss":0},{"damage_healed":0,"gold_gain":0,"player_choice":"Success","damage_taken":12,"relics_obtained":["Vajra"],"max_hp_gain":0,"max_hp_loss":0,"event_name":"Scrap Ooze","floor":4,"gold_loss":0},{"damage_healed":0,"gold_gain":0,"player_choice":"Entered Light","damage_taken":17,"max_hp_gain":0,"max_hp_loss":0,"event_name":"Shining Light","floor":5,"gold_loss":0,"cards_upgraded":["Strike_R","Strike_R"]},{"damage_healed":0,"gold_gain":0,"player_choice":"Fought Mushrooms","damage_taken":0,"max_hp_gain":0,"max_hp_loss":0,"event_name":"Mushrooms","floor":11,"gold_loss":0},{"damage_healed":0,"gold_gain":0,"player_choice":"Forge","damage_taken":0,"max_hp_gain":0,"max_hp_loss":0,"event_name":"Accursed Blacksmith","floor":13,"gold_loss":0,"cards_upgraded":["Strike_R"]}],"is_beta":true,"boss_relics":[{"not_picked":["Cursed Key","Runic Pyramid"],"picked":"Pandora\u0027s Box"}],"items_purged_floors":[],"is_endless":false,"potions_floor_spawned":[1,7,16],"ascension_level":0}