{"gold_per_floor":[364,539,551,28,28,54,54,70,126,26,43,55,75,88,88,188,188,202,117,131,145,165,165,193,116,116,155,167],"floor_reached":28,"playtime":990,"items_purged":["Doubt","Regret"],"score":353,"play_id":"374b7ac5-60fe-47a0-baa7-ef548274a118","local_time":"20180810212813","is_ascension_mode":true,"campfire_choices":[{"data":"Corruption","floor":15,"key":"SMITH"},{"data":"Whirlwind","floor":23,"key":"SMITH"}],"neow_cost":"CURSE","seed_source_timestamp":676653160331600,"circlet_count":0,"master_deck":["Strike_R","Strike_R","Strike_R","Strike_R","Strike_R","Defend_R","Defend_R","Defend_R","Defend_R+1","Bash","Inflame","Shrug It Off","Hemokinesis+1","Blood for Blood","Armaments","True Grit+1","Metallicize","Cleave","Corruption+1","Shrug It Off","Shrug It Off+1","Whirlwind+1","Shrug It Off","Spot Weakness","Combust"],"relics":["Burning Blood","Bronze Scales","War Paint","Tiny Chest","Sozu","Centennial Puzzle","Bottled Lightning","MawBank","Self Forming Clay"],"potions_floor_usage":[6,12,16,27],"damage_taken":[{"damage":15,"enemies":"Jaw Worm","floor":1,"turns":4},{"damage":0,"enemies":"Small Slimes","floor":3,"turns":3},{"damage":37,"enemies":"Gremlin Nob","floor":6,"turns":4},{"damage":2,"enemies":"Cultist","floor":8,"turns":3},{"damage":5,"enemies":"3 Louse","floor":11,"turns":4},{"damage":3,"enemies":"Large Slime","floor":12,"turns":6},{"damage":5,"enemies":"Blue Slaver","floor":13,"turns":4},{"damage":8,"enemies":"Looter","floor":14,"turns":3},{"damage":32,"enemies":"Hexaghost","floor":16,"turns":8},{"damage":16,"enemies":"3 Byrds","floor":18,"turns":4},{"damage":11,"enemies":"2 Thieves","floor":20,"turns":4},{"damage":3,"enemies":"3 Cultists","floor":21,"turns":4},{"damage":0,"enemies":"Snecko","floor":22,"turns":5},{"damage":36,"enemies":"Gremlin Leader","floor":24,"turns":5},{"damage":29,"enemies":"Slavers","floor":27,"turns":6},{"damage":18,"enemies":"Chosen and Byrds","floor":28,"turns":4}],"seed_played":"3585637261145223516","potions_obtained":[{"floor":1,"key":"Explosive Potion"},{"floor":3,"key":"Swift Potion"},{"floor":11,"key":"BloodPotion"},{"floor":14,"key":"Poison Potion"}],"is_trial":false,"path_per_floor":["M","?","M","$","?","E","?","M","T","$","M","M","M","M","R","B",null,"M","?","M","M","M","R","E","$","T","E"],"character_chosen":"IRONCLAD","items_purchased":["Hemokinesis","Blood for Blood","Armaments","True Grit","Metallicize","Bronze Scales","Spot Weakness"],"campfire_rested":0,"item_purchase_floors":[4,4,4,4,4,4,25],"current_hp_per_floor":[71,71,77,77,77,46,46,50,50,50,51,62,63,61,61,35,69,59,59,54,57,63,63,33,33,33,10,0],"gold":167,"neow_bonus":"TWO_FIFTY_GOLD","is_prod":false,"is_daily":false,"chose_seed":false,"campfire_upgraded":2,"win_rate":0,"timestamp":1533961693,"path_taken":["M","?","M","$","?","E","?","?","T","?","M","M","M","M","R","BOSS","M","?","?","M","M","R","E","$","T","E","M"],"build_version":"2018-08-08","purchased_purges":2,"victory":false,"max_hp_per_floor":[80,80,80,80,80,80,80,80,80,80,80,80,80,80,80,80,80,80,80,80,80,80,80,80,80,80,80,80],"card_choices":[{"not_picked":["Heavy Blade","Flex"],"picked":"Inflame","floor":1},{"not_picked":["Warcry","Disarm"],"picked":"Shrug It Off","floor":3},{"not_picked":["Exhume","Reckless Charge","Sword Boomerang"],"picked":"SKIP","floor":6},{"not_picked":["Headbutt","Clash","Perfected Strike"],"picked":"SKIP","floor":8},{"not_picked":["Heavy Blade","Thunderclap"],"picked":"Cleave","floor":11},{"not_picked":["Thunderclap","Headbutt"],"picked":"Corruption","floor":12},{"not_picked":["Clash","Carnage"],"picked":"Shrug It Off","floor":13},{"not_picked":["Intimidate","Clothesline","Warcry"],"picked":"SKIP","floor":14},{"not_picked":["Evolve","Clothesline"],"picked":"Shrug It Off+1","floor":18},{"not_picked":["Armaments+1","True Grit+1"],"picked":"Whirlwind","floor":20},{"not_picked":["Anger","Perfected Strike","Headbutt"],"picked":"SKIP","floor":21},{"not_picked":["Perfected Strike+1","Infernal Blade"],"picked":"Shrug It Off","floor":22},{"not_picked":["Headbutt+1","Clothesline","Seeing Red"],"picked":"SKIP","floor":24},{"not_picked":["Searing Blow+1","Clash"],"picked":"Combust","floor":27}],"player_experience":221686,"relics_obtained":[{"floor":6,"key":"War Paint"},{"floor":9,"key":"Tiny Chest"},{"floor":24,"key":"Bottled Lightning"},{"floor":26,"key":"MawBank"},{"floor":27,"key":"Self Forming Clay"}],"event_choices":[{"event_name":"Liars Game","player_choice":"agreed","floor":2,"damage_taken":0},{"event_name":"The Cleric","player_choice":"Leave","floor":5,"damage_taken":0},{"event_name":"Living Wall","player_choice":"Grow","floor":7,"damage_taken":0},{"event_name":"Addict","player_choice":"Obtained Relic","floor":19,"damage_taken":0}],"is_beta":true,"boss_relics":[{"not_picked":["Calling Bell","Orrery"],"picked":"Sozu"}],"items_purged_floors":[4,10],"is_endless":false,"potions_floor_spawned":[1,3,11,14,20,24],"killed_by":"Chosen and Byrds","ascension_level":5}