{"gold_per_floor":[110,110,35,49,65,65,83,83,109,134,57,76,110,10,10,108,108,126,181,191,66,66,93,113,113,138,167,167,177,206,226,226,329,379,393,88,88,100,117,151,163,163,188,188],"floor_reached":44,"playtime":1490,"items_purged":["Pain","Defend_R","Clumsy","Parasite"],"score":558,"play_id":"bfee7ba1-6b1e-4dcd-8ab6-d0d19ef98d56","local_time":"20190307164508","is_ascension_mode":false,"campfire_choices":[{"data":"Bash","floor":6,"key":"SMITH"},{"data":"Uppercut","floor":15,"key":"SMITH"},{"data":"Inflame","floor":25,"key":"SMITH"},{"data":"Demon Form","floor":32,"key":"SMITH"},{"data":"Double Tap","floor":42,"key":"SMITH"}],"neow_cost":"NONE","seed_source_timestamp":440298823766500,"circlet_count":0,"master_deck":["Strike_R","Strike_R","Strike_R+1","Strike_R+1","Strike_R","Defend_R","Defend_R","Defend_R","Bash+1","Heavy Blade+1","Shrug It Off","Sword Boomerang","Uppercut+1","Double Tap+1","Inflame+1","Demon Form+1","Offering","Demon Form+1"],"relics":["Burning Blood","NeowsBlessing","WarpedTongs","Anchor","Potion Belt","Whetstone","Cursed Key","Happy Flower","Calipers","Omamori","Kunai","Ginger","Bronze Scales","Tiny House","Regal Pillow","Paper Frog"],"potions_floor_usage":[12,13,23,23,23,23,27,27,30,33,38,41,44],"damage_taken":[{"damage":0,"enemies":"Small Slimes","floor":1,"turns":1},{"damage":0,"enemies":"Cultist","floor":4,"turns":1},{"damage":0,"enemies":"Jaw Worm","floor":5,"turns":1},{"damage":0,"enemies":"Large Slime","floor":7,"turns":8},{"damage":28,"enemies":"Gremlin Nob","floor":10,"turns":4},{"damage":11,"enemies":"Exordium Thugs","floor":12,"turns":5},{"damage":13,"enemies":"3 Sentries","floor":13,"turns":9},{"damage":39,"enemies":"Hexaghost","floor":16,"turns":10},{"damage":0,"enemies":"Shell Parasite","floor":18,"turns":4},{"damage":0,"enemies":"3 Byrds","floor":20,"turns":4},{"damage":7,"enemies":"Book of Stabbing","floor":23,"turns":3},{"damage":4,"enemies":"Cultist and Chosen","floor":24,"turns":5},{"damage":0,"enemies":"Gremlin Leader","floor":27,"turns":4},{"damage":0,"enemies":"Snake Plant","floor":29,"turns":3},{"damage":20,"enemies":"Slavers","floor":30,"turns":3},{"damage":4,"enemies":"Chosen and Byrds","floor":31,"turns":3},{"damage":50,"enemies":"Collector","floor":33,"turns":6},{"damage":0,"enemies":"3 Shapes","floor":35,"turns":4},{"damage":6,"enemies":"3 Darklings","floor":38,"turns":5},{"damage":19,"enemies":"4 Shapes","floor":39,"turns":5},{"damage":9,"enemies":"Giant Head","floor":40,"turns":4},{"damage":10,"enemies":"Writhing Mass","floor":41,"turns":4},{"damage":87,"enemies":"Nemesis","floor":44,"turns":6}],"seed_played":"1679411218566558536","potions_obtained":[{"floor":5,"key":"BloodPotion"},{"floor":7,"key":"BloodPotion"},{"floor":8,"key":"EntropicBrew"},{"floor":8,"key":"Fire Potion"},{"floor":8,"key":"Energy Potion"},{"floor":10,"key":"Energy Potion"},{"floor":12,"key":"Strength Potion"},{"floor":20,"key":"AttackPotion"},{"floor":23,"key":"Fire Potion"},{"floor":27,"key":"Swift Potion"},{"floor":30,"key":"SteroidPotion"},{"floor":31,"key":"Strength Potion"},{"floor":33,"key":"LiquidBronze"},{"floor":41,"key":"GamblersBrew"}],"is_trial":false,"path_per_floor":["M","?","$","M","M","R","M","?","T","E","$","M","E","$","R","B",null,"M","T","M","$","?","E","M","R","T","E","?","M","E","M","R","B",null,"M","$","?","M","M","E","M","R","T","E"],"character_chosen":"IRONCLAD","items_purchased":["Uppercut","Regal Pillow"],"campfire_rested":0,"item_purchase_floors":[11,36],"current_hp_per_floor":[80,80,80,80,80,80,80,80,80,58,58,53,46,46,46,13,80,80,80,80,80,80,79,80,80,80,80,80,80,66,68,68,24,85,85,82,82,82,69,66,62,62,62,0],"gold":188,"neow_bonus":"THREE_ENEMY_KILL","is_prod":false,"is_daily":false,"chose_seed":false,"campfire_upgraded":5,"win_rate":0,"timestamp":1551973508,"path_taken":["M","?","?","M","M","R","?","?","T","E","$","M","E","?","R","BOSS","M","?","M","$","?","E","M","R","T","E","?","M","E","M","R","BOSS","M","$","?","M","M","E","?","R","T","E"],"build_version":"2019-02-06","purchased_purges":4,"victory":false,"max_hp_per_floor":[80,80,80,80,80,80,80,80,80,80,80,80,80,80,80,80,80,80,80,80,80,80,80,80,80,80,80,80,80,80,80,80,80,85,85,82,82,82,82,82,82,82,82,82],"card_choices":[{"not_picked":["Wild Strike","Fire Breathing"],"picked":"Heavy Blade","floor":1},{"not_picked":["Cleave","Clothesline","Sentinel"],"picked":"SKIP","floor":4},{"not_picked":["Seeing Red","Rage","Clothesline"],"picked":"SKIP","floor":5},{"not_picked":["Heavy Blade","Pommel Strike"],"picked":"Shrug It Off","floor":7},{"not_picked":["Rupture","Clothesline"],"picked":"Sword Boomerang","floor":10},{"not_picked":["Iron Wave","Headbutt","Armaments"],"picked":"SKIP","floor":12},{"not_picked":["Battle Trance","Wild Strike"],"picked":"Double Tap","floor":13},{"not_picked":["True Grit","Havoc","Fire Breathing"],"picked":"SKIP","floor":18},{"not_picked":["Perfected Strike","Uppercut","Flex+1"],"picked":"SKIP","floor":20},{"not_picked":["Cleave","Wild Strike","Perfected Strike"],"picked":"SKIP","floor":23},{"not_picked":["Fire Breathing","Pommel Strike+1"],"picked":"Inflame","floor":24},{"not_picked":["Spot Weakness","Warcry","Rampage+1"],"picked":"SKIP","floor":27},{"not_picked":["Warcry","Barricade","Anger"],"picked":"SKIP","floor":29},{"not_picked":["Pommel Strike","Body Slam"],"picked":"Demon Form","floor":30},{"not_picked":["Clash+1","Dual Wield","Anger"],"picked":"SKIP","floor":31},{"not_picked":["Reaper","Berserk"],"picked":"Offering","floor":33},{"not_picked":["Wild Strike","Rupture+1","Armaments"],"picked":"SKIP","floor":35},{"not_picked":["Sentinel","Perfected Strike+1","Flex+1"],"picked":"SKIP","floor":38},{"not_picked":["Twin Strike+1","Fiend Fire","Havoc"],"picked":"SKIP","floor":39},{"not_picked":["Intimidate+1","Inflame+1","Feel No Pain+1"],"picked":"SKIP","floor":40},{"not_picked":["Armaments+1","Uppercut+1","Pommel Strike"],"picked":"SKIP","floor":41}],"player_experience":1229607,"relics_obtained":[{"floor":9,"key":"Anchor"},{"floor":10,"key":"Potion Belt"},{"floor":13,"key":"Whetstone"},{"floor":19,"key":"Happy Flower"},{"floor":23,"key":"Calipers"},{"floor":26,"key":"Omamori"},{"floor":27,"key":"Kunai"},{"floor":30,"key":"Bronze Scales"},{"floor":40,"key":"Paper Frog"}],"event_choices":[{"damage_healed":0,"gold_gain":0,"player_choice":"Rummage","damage_taken":0,"relics_obtained":["WarpedTongs"],"max_hp_gain":0,"max_hp_loss":0,"event_name":"Accursed Blacksmith","floor":2,"gold_loss":0,"cards_obtained":["Pain"]},{"damage_healed":0,"gold_gain":0,"player_choice":"Got Potions","damage_taken":0,"max_hp_gain":0,"max_hp_loss":0,"event_name":"Lab","floor":8,"gold_loss":0},{"damage_healed":0,"gold_gain":0,"player_choice":"Ignored","damage_taken":0,"max_hp_gain":0,"max_hp_loss":0,"event_name":"Ghosts","floor":22,"gold_loss":0},{"damage_healed":0,"gold_gain":0,"player_choice":"Opened","damage_taken":0,"relics_obtained":["Ginger"],"max_hp_gain":0,"max_hp_loss":0,"event_name":"The Mausoleum","floor":28,"gold_loss":0,"cards_obtained":["Writhe"]},{"damage_healed":0,"gold_gain":0,"player_choice":"Copied","damage_taken":0,"max_hp_gain":0,"max_hp_loss":0,"event_name":"Duplicator","floor":37,"gold_loss":0,"cards_obtained":["Demon Form"]}],"is_beta":true,"boss_relics":[{"not_picked":["Empty Cage","Runic Pyramid"],"picked":"Cursed Key"},{"not_picked":["Black Blood","Velvet Choker"],"picked":"Tiny House"}],"items_purged_floors":[3,14,21,36],"is_endless":false,"potions_floor_spawned":[5,7,10,12,20,23,27,30,31,33,41],"killed_by":"Nemesis","ascension_level":0}