{"gold_per_floor":[116,127,202,215,230,230,255,255,255,255,286,305,131,131,131,234,234,244,244,244,256,256,256,279,279,279,279,290,215,215],"floor_reached":30,"playtime":2778,"items_purged":["Pain"],"score":354,"play_id":"4dd889c5-7916-4506-af9f-b70b71498afc","local_time":"20190501035558","is_ascension_mode":true,"campfire_choices":[{"data":"True Grit","floor":6,"key":"SMITH"},{"data":"Dark Embrace","floor":15,"key":"SMITH"},{"data":"Barricade","floor":23,"key":"SMITH"},{"data":"True Grit","floor":25,"key":"SMITH"}],"neow_cost":"NONE","seed_source_timestamp":242036003708949,"circlet_count":0,"master_deck":["AscendersBane","Strike_R","Defend_R","Defend_R","Defend_R","Fiend Fire","Shrug It Off","True Grit+1","Iron Wave","Wild Strike","Shrug It Off","Panacea","Impervious","Dark Embrace+1","True Grit+1","Havoc","Barricade+1","Rage+1","Fiend Fire+1","Sever Soul+1","Spot Weakness+1","Reckless Charge+1","Heavy Blade","Metallicize"],"relics":["Burning Blood","Strawberry","Juzu Bracelet","WarpedTongs","Ornamental Fan","Oddly Smooth Stone","Astrolabe","Ancient Tea Set","Bronze Scales"],"potions_floor_usage":[7,7,30],"damage_taken":[{"damage":7,"enemies":"Jaw Worm","floor":1,"turns":2},{"damage":5,"enemies":"Cultist","floor":2,"turns":4},{"damage":3,"enemies":"Small Slimes","floor":4,"turns":3},{"damage":12,"enemies":"Exordium Thugs","floor":5,"turns":6},{"damage":6,"enemies":"Gremlin Nob","floor":7,"turns":5},{"damage":10,"enemies":"3 Sentries","floor":11,"turns":11},{"damage":20,"enemies":"Red Slaver","floor":12,"turns":3},{"damage":21,"enemies":"The Guardian","floor":16,"turns":20},{"damage":23,"enemies":"3 Byrds","floor":18,"turns":12},{"damage":6,"enemies":"Spheric Guardian","floor":21,"turns":9},{"damage":17,"enemies":"Centurion and Healer","floor":28,"turns":10},{"damage":68,"enemies":"Gremlin Leader","floor":30,"turns":6}],"seed_played":"-4005686645150144597","potions_obtained":[{"floor":2,"key":"AttackPotion"},{"floor":5,"key":"Block Potion"},{"floor":12,"key":"SpeedPotion"},{"floor":21,"key":"FairyPotion"},{"floor":28,"key":"Block Potion"}],"is_trial":false,"path_per_floor":["M","M","?","M","M","R","E","?","T","?","E","M","$","T","R","B",null,"M","?","?","M","?","R","T","R","T","?","M","?","E"],"character_chosen":"IRONCLAD","items_purchased":["True Grit","Havoc"],"campfire_rested":0,"item_purchase_floors":[13,13],"current_hp_per_floor":[71,72,64,67,61,61,68,68,68,68,64,50,50,50,50,35,74,57,57,57,57,57,57,57,57,57,57,46,46,0],"gold":215,"neow_bonus":"ONE_RANDOM_RARE_CARD","is_prod":false,"is_daily":false,"chose_seed":false,"campfire_upgraded":4,"win_rate":0,"timestamp":1556718958,"path_taken":["M","M","?","?","M","R","E","?","T","?","E","M","$","?","R","BOSS","M","?","?","M","?","R","?","R","T","?","M","?","E"],"build_version":"2019-01-23","purchased_purges":1,"victory":false,"max_hp_per_floor":[80,80,80,80,80,80,87,87,87,87,87,87,87,87,87,87,87,87,87,87,87,87,87,87,87,87,87,87,87,87],"card_choices":[{"not_picked":["Perfected Strike","Body Slam"],"picked":"Shrug It Off","floor":1},{"not_picked":["Sword Boomerang","Shockwave"],"picked":"True Grit","floor":2},{"not_picked":["Corruption","Clothesline"],"picked":"Iron Wave","floor":4},{"not_picked":["Bloodletting","Warcry"],"picked":"Wild Strike","floor":5},{"not_picked":["Thunderclap","Juggernaut"],"picked":"Shrug It Off","floor":7},{"not_picked":["Warcry","Dual Wield"],"picked":"Dark Embrace","floor":11},{"not_picked":["Clothesline","Rupture","Twin Strike"],"picked":"SKIP","floor":12},{"not_picked":["Dark Embrace","Exhume"],"picked":"Barricade","floor":16},{"not_picked":["Warcry","Sword Boomerang"],"picked":"Spot Weakness+1","floor":18},{"not_picked":["Flex","Shockwave"],"picked":"Reckless Charge+1","floor":21},{"not_picked":["Dual Wield","Havoc+1","Flex"],"picked":"SKIP","floor":28}],"player_experience":351006,"relics_obtained":[{"floor":7,"key":"Strawberry"},{"floor":9,"key":"Juzu Bracelet"},{"floor":11,"key":"Ornamental Fan"},{"floor":14,"key":"Oddly Smooth Stone"},{"floor":24,"key":"Ancient Tea Set"},{"floor":26,"key":"Bronze Scales"}],"event_choices":[{"damage_healed":0,"gold_gain":75,"player_choice":"Touch","damage_taken":8,"max_hp_gain":0,"max_hp_loss":0,"event_name":"FaceTrader","floor":3,"gold_loss":0},{"damage_healed":0,"gold_gain":0,"player_choice":"3 cards matched","damage_taken":0,"max_hp_gain":0,"max_hp_loss":0,"event_name":"Match and Keep!","floor":8,"gold_loss":0,"cards_obtained":["Bash","Panacea","Impervious"]},{"damage_healed":0,"gold_gain":0,"player_choice":"Rummage","damage_taken":0,"relics_obtained":["WarpedTongs"],"max_hp_gain":0,"max_hp_loss":0,"event_name":"Accursed Blacksmith","floor":10,"gold_loss":0,"cards_obtained":["Pain"]},{"damage_healed":0,"gold_gain":0,"player_choice":"Ignored","damage_taken":0,"max_hp_gain":0,"max_hp_loss":0,"event_name":"Ghosts","floor":19,"gold_loss":0},{"damage_healed":0,"gold_gain":0,"player_choice":"Ignored","damage_taken":0,"max_hp_gain":0,"max_hp_loss":0,"event_name":"Vampires","floor":20,"gold_loss":0},{"cards_removed":["Bash"],"damage_healed":0,"gold_gain":0,"player_choice":"Elegance","damage_taken":0,"max_hp_gain":0,"max_hp_loss":0,"event_name":"Back to Basics","floor":22,"gold_loss":0},{"damage_healed":0,"gold_gain":0,"cards_transformed":["Bash","Defend_R"],"player_choice":"Became Test Subject","damage_taken":0,"max_hp_gain":0,"max_hp_loss":0,"event_name":"Drug Dealer","floor":27,"gold_loss":0,"cards_obtained":["Heavy Blade","Metallicize"]},{"cards_removed":["Strike_R"],"damage_healed":0,"gold_gain":0,"player_choice":"Gave Gold","damage_taken":0,"max_hp_gain":0,"max_hp_loss":0,"event_name":"Beggar","floor":29,"gold_loss":75}],"is_beta":false,"boss_relics":[{"not_picked":["Empty Cage","Ectoplasm"],"picked":"Astrolabe"}],"items_purged_floors":[13],"is_endless":false,"potions_floor_spawned":[2,5,12,21,28],"killed_by":"Gremlin Leader","ascension_level":10}