{"gold_per_floor":[116,116,116,116,131,131,175,175,222,222,257,276,276,299,299,397,397,362,137,9,9,9,26,44,44,44,44,44],"floor_reached":28,"playtime":680,"items_purged":["Pain","Defend_R"],"score":498,"play_id":"a76ed7c7-46ab-4888-a779-183e3012c326","local_time":"20190331193117","is_ascension_mode":true,"campfire_choices":[{"data":"Strike_R","floor":6,"key":"SMITH"},{"data":"Heavy Blade","floor":8,"key":"SMITH"},{"floor":10,"key":"RECALL"},{"floor":13,"key":"REST"},{"floor":15,"key":"REST"},{"floor":27,"key":"REST"}],"neow_cost":"NONE","seed_source_timestamp":929521836287200,"circlet_count":0,"master_deck":["AscendersBane","Strike_R","Strike_R","Strike_R","Strike_R","Strike_R+1","Defend_R","Defend_R","Defend_R","Bash+1","Heavy Blade+1","Pummel","Feed","Shrug It Off","Limit Break","Shrug It Off","Sword Boomerang"],"relics":["Burning Blood","NeowsBlessing","Bloody Idol","WarpedTongs","Matryoshka","Potion Belt","Happy Flower","Sundial","Lizard Tail","Regal Pillow","Ornamental Fan","Kunai"],"potions_floor_usage":[16,16,24],"damage_taken":[{"damage":0,"enemies":"2 Louse","floor":1,"turns":1},{"damage":0,"enemies":"Jaw Worm","floor":5,"turns":1},{"damage":0,"enemies":"Lagavulin","floor":7,"turns":1},{"damage":44,"enemies":"3 Sentries","floor":11,"turns":10},{"damage":3,"enemies":"Cultist","floor":12,"turns":3},{"damage":20,"enemies":"Red Slaver","floor":14,"turns":4},{"damage":51,"enemies":"Hexaghost","floor":16,"turns":9},{"damage":59,"enemies":"2 Thieves","floor":18,"turns":5},{"damage":42,"enemies":"Shell Parasite","floor":23,"turns":8},{"damage":19,"enemies":"Centurion and Healer","floor":24,"turns":7},{"damage":60,"enemies":"Snake Plant","floor":28,"turns":5}],"seed_played":"-4926036906129068947","potions_obtained":[{"floor":1,"key":"Weak Potion"},{"floor":7,"key":"SteroidPotion"},{"floor":23,"key":"Block Potion"}],"is_trial":false,"path_per_floor":["M","?","?","?","M","R","E","R","T","R","E","M","R","M","R","B",null,"M","$","$","T","?","M","M","$","T","R","M"],"character_chosen":"IRONCLAD","items_purchased":["Limit Break","Shrug It Off"],"campfire_rested":3,"item_purchase_floors":[19,20],"current_hp_per_floor":[74,48,48,48,54,54,60,60,60,60,22,25,47,33,55,10,59,9,9,9,9,9,21,17,17,17,56,0],"gold":44,"neow_bonus":"THREE_ENEMY_KILL","is_prod":false,"is_daily":false,"chose_seed":false,"campfire_upgraded":2,"win_rate":0,"timestamp":1554053477,"path_taken":["M","?","?","?","?","R","E","R","T","R","E","M","R","M","R","BOSS","M","?","$","?","?","M","M","$","T","R","M"],"build_version":"2019-03-15","purchased_purges":2,"victory":false,"max_hp_per_floor":[75,75,75,75,75,75,75,75,75,75,75,75,75,75,75,75,75,78,78,78,78,78,78,82,82,82,82,82],"card_choices":[{"not_picked":["Reckless Charge","Armaments","Spot Weakness"],"picked":"SKIP","floor":1},{"not_picked":["Perfected Strike","Havoc","Flex"],"picked":"SKIP","floor":5},{"not_picked":["Pommel Strike","Intimidate"],"picked":"Heavy Blade","floor":7},{"not_picked":["Body Slam","Seeing Red"],"picked":"Pummel","floor":11},{"not_picked":["Clash","Carnage","Searing Blow"],"picked":"SKIP","floor":12},{"not_picked":["Thunderclap","Cleave","Havoc"],"picked":"SKIP","floor":14},{"not_picked":["Juggernaut","Bludgeon"],"picked":"Feed","floor":16},{"not_picked":["Perfected Strike","Uppercut"],"picked":"Shrug It Off","floor":18},{"not_picked":["Perfected Strike","Warcry","Body Slam"],"picked":"SKIP","floor":23},{"not_picked":["Iron Wave","Heavy Blade"],"picked":"Sword Boomerang","floor":24}],"player_experience":1312773,"relics_obtained":[{"floor":7,"key":"Matryoshka"},{"floor":9,"key":"Potion Belt"},{"floor":9,"key":"Happy Flower"},{"floor":11,"key":"Sundial"},{"floor":21,"key":"Regal Pillow"},{"floor":21,"key":"Ornamental Fan"},{"floor":26,"key":"Kunai"}],"event_choices":[{"damage_healed":0,"gold_gain":0,"player_choice":"Take Damage","damage_taken":26,"relics_obtained":["Golden Idol"],"max_hp_gain":0,"max_hp_loss":0,"event_name":"Golden Idol","floor":2,"gold_loss":0},{"damage_healed":0,"gold_gain":0,"player_choice":"Grow","damage_taken":0,"max_hp_gain":0,"max_hp_loss":0,"event_name":"Living Wall","floor":3,"gold_loss":0,"cards_upgraded":["Bash"]},{"damage_healed":0,"gold_gain":0,"player_choice":"Rummage","damage_taken":0,"relics_obtained":["WarpedTongs"],"max_hp_gain":0,"max_hp_loss":0,"event_name":"Accursed Blacksmith","floor":4,"gold_loss":0,"cards_obtained":["Pain"]},{"damage_healed":0,"gold_gain":0,"player_choice":"Gave Idol","damage_taken":0,"relics_obtained":["Bloody Idol"],"max_hp_gain":0,"max_hp_loss":0,"event_name":"Forgotten Altar","floor":22,"relics_lost":["Golden Idol"],"gold_loss":0}],"is_beta":true,"boss_relics":[{"not_picked":["Pandora\u0027s Box","Tiny House"],"picked":"Lizard Tail"}],"items_purged_floors":[19,20],"is_endless":false,"potions_floor_spawned":[1,7,23],"killed_by":"Snake Plant","ascension_level":20}