{"path_per_floor":["M","$","?","M","M","E","R","E","T","M","?","E","?","M","R"],"character_chosen":"IRONCLAD","items_purchased":["Body Slam","Pommel Strike"],"gold_per_floor":[111,17,17,29,44,69,69,96,96,113,113,138,164,176,176,176],"floor_reached":16,"campfire_rested":0,"playtime":549,"item_purchase_floors":[2,2],"current_hp_per_floor":[80,80,80,80,78,75,75,67,67,71,51,29,32,28,28,0],"items_purged":[],"gold":176,"score":151,"play_id":"2619bcb2-a690-490f-ad1b-9bd2374b99cd","local_time":"20180523213524","is_prod":false,"is_daily":false,"chose_seed":false,"is_ascension_mode":true,"campfire_upgraded":2,"win_rate":0,"timestamp":1527136524,"campfire_choices":[{"data":"Body Slam","floor":7,"key":"SMITH"},{"data":"Rampage","floor":15,"key":"SMITH"}],"path_taken":["M","?","?","M","M","E","R","E","T","M","?","E","?","M","R","BOSS"],"build_version":"2018-05-23","seed_source_timestamp":474820382241866,"purchased_purges":0,"victory":false,"master_deck":["Strike_R","Strike_R","Strike_R","Strike_R","Strike_R","Defend_R","Defend_R","Defend_R","Defend_R","Bash+1","Shrug It Off+1","Body Slam+1","Pommel Strike","Body Slam","Cleave","Shrug It Off","Pommel Strike","Rampage+1"],"max_hp_per_floor":[80,80,80,80,80,85,85,99,99,99,99,99,99,99,99,99],"relics":["Burning Blood","Vajra","Bag of Preparation","Mango","Bottled Lightning","Blood Vial","Odd Mushroom"],"card_choices":[{"not_picked":["Flex","Twin Strike"],"picked":"Shrug It Off","floor":1},{"not_picked":["Twin Strike","Warcry"],"picked":"Body Slam","floor":4},{"not_picked":["Warcry","Sword Boomerang"],"picked":"Cleave","floor":5},{"not_picked":["Brutality","Combust"],"picked":"Shrug It Off","floor":6},{"not_picked":["Anger","Burning Pact"],"picked":"Pommel Strike","floor":8},{"not_picked":["Pommel Strike","Feel No Pain","Intimidate"],"picked":"SKIP","floor":10},{"not_picked":["Wild Strike","Twin Strike","Armaments"],"picked":"SKIP","floor":12},{"not_picked":["Second Wind","Infernal Blade"],"picked":"Rampage","floor":14}],"player_experience":111750,"potions_floor_usage":[6,13],"damage_taken":[{"damage":1,"enemies":"Cultist","floor":1,"turns":3},{"damage":5,"enemies":"Jaw Worm","floor":4,"turns":3},{"damage":8,"enemies":"Small Slimes","floor":5,"turns":3},{"damage":14,"enemies":"3 Sentries","floor":6,"turns":8},{"damage":28,"enemies":"Gremlin Nob","floor":8,"turns":4},{"damage":2,"enemies":"Looter","floor":10,"turns":2},{"damage":28,"enemies":"Lagavulin","floor":12,"turns":5},{"damage":5,"enemies":"The Mushroom Lair","floor":13,"turns":3},{"damage":12,"enemies":"Exordium Thugs","floor":14,"turns":4},{"damage":32,"enemies":"The Guardian","floor":16,"turns":8}],"relics_obtained":[{"floor":6,"key":"Bag of Preparation"},{"floor":8,"key":"Mango"},{"floor":9,"key":"Bottled Lightning"},{"floor":12,"key":"Blood Vial"},{"floor":13,"key":"Odd Mushroom"}],"event_choices":[{"event_name":"The Cleric","player_choice":"Leave","floor":3,"damage_taken":0},{"event_name":"Shining Light","player_choice":"Entered Light","floor":11,"damage_taken":0},{"event_name":"Mushrooms","player_choice":"Fought Mushrooms","floor":13,"damage_taken":0}],"boss_relics":[],"items_purged_floors":[],"potions_floor_spawned":[5,8],"seed_played":"-6504565262807928532","killed_by":"The Guardian","ascension_level":1,"potions_obtained":[{"floor":5,"key":"Fruit Juice"},{"floor":8,"key":"Fire Potion"}],"is_trial":false}