{"gold_per_floor":[111,128,53,66,66,101,117,143,143,163,163,63,63,63,63,63],"floor_reached":16,"playtime":352,"items_purged":["Defend_R","Strike_R"],"score":100,"play_id":"0f5e0729-d362-4518-9970-2ee1b188596b","local_time":"20190222002323","is_ascension_mode":false,"campfire_choices":[{"data":"Bash","floor":11,"key":"SMITH"},{"floor":13,"key":"REST"},{"data":"Strike_R","floor":15,"key":"SMITH"}],"neow_cost":"NONE","seed_source_timestamp":174210028192700,"circlet_count":0,"master_deck":["Strike_R+1","Strike_R+1","Strike_R","Strike_R+1","Defend_R","Defend_R","Bash+1"],"relics":["Burning Blood","Pen Nib","Bronze Scales","Whetstone","Potion Belt"],"potions_floor_usage":[7,16],"damage_taken":[{"damage":5,"enemies":"Jaw Worm","floor":1,"turns":4},{"damage":0,"enemies":"Cultist","floor":2,"turns":4},{"damage":0,"enemies":"2 Louse","floor":4,"turns":2},{"damage":36,"enemies":"Lagavulin","floor":6,"turns":6},{"damage":17,"enemies":"Gremlin Gang","floor":7,"turns":4},{"damage":5,"enemies":"Large Slime","floor":10,"turns":6},{"damage":76,"enemies":"Hexaghost","floor":16,"turns":7}],"seed_played":"6696625918818202211","potions_obtained":[{"floor":1,"key":"BloodPotion"},{"floor":4,"key":"FearPotion"},{"floor":6,"key":"Strength Potion"}],"is_trial":false,"path_per_floor":["M","M","$","M","?","E","M","T","T","M","R","$","R","?","R","B"],"character_chosen":"IRONCLAD","items_purchased":[],"campfire_rested":1,"item_purchase_floors":[],"current_hp_per_floor":[80,80,80,80,80,50,47,47,47,48,48,48,72,72,72,0],"gold":63,"neow_bonus":"TRANSFORM_CARD","is_prod":false,"is_daily":false,"chose_seed":false,"campfire_upgraded":2,"win_rate":0,"timestamp":1550791403,"path_taken":["M","M","$","M","?","E","?","?","T","M","R","$","R","?","R","BOSS"],"build_version":"2019-02-06","purchased_purges":2,"victory":false,"max_hp_per_floor":[80,80,80,80,80,80,80,80,80,80,80,80,80,80,80,80],"card_choices":[{"not_picked":["Infernal Blade","Twin Strike","Anger"],"picked":"SKIP","floor":1},{"not_picked":["Wild Strike","Thunderclap","Cleave"],"picked":"SKIP","floor":2},{"not_picked":["Blood for Blood","Ghostly Armor","Iron Wave"],"picked":"SKIP","floor":4},{"not_picked":["Perfected Strike","Reckless Charge","Flex"],"picked":"SKIP","floor":6},{"not_picked":["Inflame","Perfected Strike","Havoc"],"picked":"SKIP","floor":7},{"not_picked":["Sword Boomerang","Perfected Strike","Anger"],"picked":"SKIP","floor":10}],"player_experience":1170059,"relics_obtained":[{"floor":6,"key":"Bronze Scales"},{"floor":8,"key":"Whetstone"},{"floor":9,"key":"Potion Belt"}],"event_choices":[{"cards_removed":["Intimidate"],"damage_healed":0,"gold_gain":0,"player_choice":"Gave Card","damage_taken":0,"relics_obtained":["Pen Nib"],"max_hp_gain":0,"max_hp_loss":0,"event_name":"WeMeetAgain","floor":5,"gold_loss":0},{"damage_healed":0,"gold_gain":0,"player_choice":"0 cards matched","damage_taken":0,"max_hp_gain":0,"max_hp_loss":0,"event_name":"Match and Keep!","floor":14,"gold_loss":0,"cards_obtained":[]}],"is_beta":true,"boss_relics":[],"items_purged_floors":[3,12],"is_endless":false,"potions_floor_spawned":[1,4,6],"killed_by":"Hexaghost","ascension_level":0}