{"gold_per_floor":[114,130,145,157,173,173,198,198,198,228,2,31,31,206,206,303,303,316,330,349,349,349],"floor_reached":22,"playtime":681,"items_purged":["Defend_R"],"score":196,"play_id":"9950f77b-fa01-40e2-b48d-047b6bd54631","local_time":"20190307150131","is_ascension_mode":false,"campfire_choices":[{"data":"Bash","floor":6,"key":"SMITH"},{"data":"Demon Form","floor":8,"key":"SMITH"},{"data":"Sword Boomerang","floor":13,"key":"SMITH"},{"floor":15,"key":"RECALL"}],"neow_cost":"PERCENT_DAMAGE","seed_source_timestamp":434890574864800,"circlet_count":0,"master_deck":["Strike_R","Strike_R","Strike_R","Strike_R","Strike_R","Defend_R","Defend_R","Defend_R","Bash+1","Demon Form+1","Shrug It Off","Dropkick","Sword Boomerang+1","Doubt","Decay","Doubt","Offering+1"],"relics":["Burning Blood","Red Skull","Question Card","Happy Flower","Toxic Egg 2","Calling Bell","Oddly Smooth Stone","Molten Egg 2","StoneCalendar"],"potions_floor_usage":[7,16,19],"damage_taken":[{"damage":1,"enemies":"Cultist","floor":1,"turns":4},{"damage":2,"enemies":"Small Slimes","floor":2,"turns":4},{"damage":1,"enemies":"Jaw Worm","floor":3,"turns":5},{"damage":2,"enemies":"Looter","floor":4,"turns":4},{"damage":2,"enemies":"3 Louse","floor":5,"turns":6},{"damage":15,"enemies":"Gremlin Nob","floor":7,"turns":4},{"damage":18,"enemies":"Lagavulin","floor":12,"turns":5},{"damage":48,"enemies":"The Guardian","floor":16,"turns":7},{"damage":16,"enemies":"Chosen","floor":18,"turns":4},{"damage":33,"enemies":"Spheric Guardian","floor":19,"turns":5},{"damage":37,"enemies":"Snake Plant","floor":20,"turns":5},{"damage":20,"enemies":"Colosseum Slavers","floor":22,"turns":1}],"seed_played":"-4267801499901850067","potions_obtained":[{"floor":1,"key":"SneckoOil"},{"floor":5,"key":"Ancient Potion"},{"floor":12,"key":"Weak Potion"},{"floor":18,"key":"SteroidPotion"},{"floor":20,"key":"Poison Potion"}],"is_trial":false,"path_per_floor":["M","M","M","M","M","R","E","R","T","?","$","E","R","?","R","B",null,"M","M","M","?","?"],"character_chosen":"IRONCLAD","items_purchased":["Happy Flower"],"campfire_rested":0,"item_purchase_floors":[11],"current_hp_per_floor":[61,65,70,74,78,78,69,69,69,69,69,57,57,57,57,15,80,70,43,12,12,0],"gold":349,"neow_bonus":"THREE_RARE_CARDS","is_prod":false,"is_daily":false,"chose_seed":false,"campfire_upgraded":3,"win_rate":0,"timestamp":1551967291,"path_taken":["M","?","M","M","M","R","E","R","T","?","$","E","R","?","R","BOSS","M","M","M","?","?"],"build_version":"2019-02-06","purchased_purges":1,"victory":false,"max_hp_per_floor":[80,80,80,80,80,80,80,80,80,80,80,80,80,80,80,80,80,80,80,80,80,80],"card_choices":[{"not_picked":["Barricade","Reaper"],"picked":"Demon Form","floor":0},{"not_picked":["Shockwave","Inflame","Cleave"],"picked":"SKIP","floor":1},{"not_picked":["Heavy Blade","Pommel Strike"],"picked":"Shrug It Off","floor":2},{"not_picked":["Warcry","Pommel Strike","Armaments"],"picked":"SKIP","floor":3},{"not_picked":["Body Slam","True Grit","Clothesline"],"picked":"SKIP","floor":4},{"not_picked":["Corruption","Shockwave"],"picked":"Dropkick","floor":5},{"not_picked":["Battle Trance","Infernal Blade"],"picked":"Sword Boomerang","floor":7},{"not_picked":["Battle Trance","Bludgeon","Infernal Blade","Clash"],"picked":"SKIP","floor":12},{"not_picked":["Iron Wave+1","Disarm+1","Entrench+1"],"picked":"Offering+1","floor":18},{"not_picked":["Cleave+1","Warcry+1","Thunderclap+1","Pommel Strike+1"],"picked":"SKIP","floor":19},{"not_picked":["Pommel Strike+1","Sword Boomerang+1","Flex+1","Disarm+1"],"picked":"SKIP","floor":20}],"player_experience":1224275,"relics_obtained":[{"floor":7,"key":"Red Skull"},{"floor":12,"key":"Toxic Egg 2"},{"floor":17,"key":"Oddly Smooth Stone"},{"floor":17,"key":"Molten Egg 2"},{"floor":17,"key":"StoneCalendar"}],"event_choices":[{"damage_healed":0,"gold_gain":30,"player_choice":"Searched \u00273\u0027 times","damage_taken":0,"relics_obtained":["Question Card"],"max_hp_gain":0,"max_hp_loss":0,"event_name":"Dead Adventurer","floor":10,"gold_loss":0},{"damage_healed":0,"gold_gain":175,"player_choice":"AGREE","damage_taken":0,"max_hp_gain":0,"max_hp_loss":0,"event_name":"Liars Game","floor":14,"gold_loss":0,"cards_obtained":["Doubt"]},{"cards_removed":["Regret"],"damage_healed":0,"gold_gain":0,"player_choice":"Elegance","damage_taken":0,"max_hp_gain":0,"max_hp_loss":0,"event_name":"Back to Basics","floor":21,"gold_loss":0},{"damage_healed":0,"gold_gain":0,"player_choice":"Fight","damage_taken":0,"max_hp_gain":0,"max_hp_loss":0,"event_name":"Colosseum","floor":22,"gold_loss":0}],"is_beta":true,"boss_relics":[{"not_picked":["Runic Pyramid","Sozu"],"picked":"Calling Bell"}],"items_purged_floors":[11],"is_endless":false,"potions_floor_spawned":[1,5,12,18,20],"killed_by":"Colosseum Slavers","ascension_level":0}