{"gold_per_floor":[369,40,40,53,53,53,228,228,308,324,324,394,437,452,452,572,572,587,607,628,628,377,377,401,401,455,555,595,595,636,636],"floor_reached":31,"playtime":886,"items_purged":["Defend_R","Doubt"],"score":296,"play_id":"2dfbd189-1891-496b-816e-e1e366ff79f1","local_time":"20190209185826","is_ascension_mode":false,"campfire_choices":[{"data":"Bash","floor":6,"key":"SMITH"},{"data":"Strike_R","floor":8,"key":"SMITH"},{"floor":15,"key":"REST"},{"floor":23,"key":"REST"},{"floor":25,"key":"REST"},{"floor":29,"key":"REST"}],"neow_cost":"PERCENT_DAMAGE","seed_source_timestamp":1836986246262200,"circlet_count":0,"master_deck":["Strike_R+1","Strike_R","Strike_R","Strike_R+1","Strike_R+1","Defend_R+1","Defend_R","Defend_R+1","Bash+1","Shrug It Off"],"relics":["Burning Blood","Matryoshka","War Paint","Tiny Chest","Happy Flower","Golden Idol","Strawberry","Shuriken","Darkstone Periapt","Velvet Choker","Nilry\u0027s Codex","PreservedInsect","Pen Nib","Pear","Whetstone"],"potions_floor_usage":[16,28],"damage_taken":[{"damage":7,"enemies":"2 Louse","floor":1,"turns":4},{"damage":6,"enemies":"Cultist","floor":4,"turns":3},{"damage":2,"enemies":"Small Slimes","floor":10,"turns":4},{"damage":27,"enemies":"Gremlin Nob","floor":13,"turns":4},{"damage":12,"enemies":"Blue Slaver","floor":14,"turns":3},{"damage":46,"enemies":"The Guardian","floor":16,"turns":11},{"damage":24,"enemies":"Spheric Guardian","floor":18,"turns":4},{"damage":7,"enemies":"3 Byrds","floor":19,"turns":7},{"damage":37,"enemies":"Cultist and Chosen","floor":20,"turns":7},{"damage":19,"enemies":"3 Cultists","floor":24,"turns":5},{"damage":41,"enemies":"Gremlin Leader","floor":28,"turns":6},{"damage":40,"enemies":"Book of Stabbing","floor":30,"turns":6},{"damage":20,"enemies":"Sentry and Sphere","floor":31,"turns":3}],"seed_played":"-4308230275615158065","potions_obtained":[{"floor":1,"key":"EssenceOfSteel"},{"floor":13,"key":"Poison Potion"},{"floor":20,"key":"AttackPotion"},{"floor":28,"key":"GamblersBrew"}],"is_trial":false,"path_per_floor":["M","$","?","M","$","R","?","R","T","M","?","T","E","M","R","B",null,"M","M","M","?","$","R","M","R","T","?","E","R","E","M"],"character_chosen":"IRONCLAD","items_purchased":["Matryoshka","PreservedInsect"],"campfire_rested":4,"item_purchase_floors":[2,22],"current_hp_per_floor":[55,55,55,55,55,55,55,55,55,59,59,66,45,39,63,23,81,63,62,31,15,15,39,26,50,50,50,25,52,18,0],"gold":636,"neow_bonus":"TWO_FIFTY_GOLD","is_prod":false,"is_daily":false,"chose_seed":false,"campfire_upgraded":2,"win_rate":0,"timestamp":1549735106,"path_taken":["M","$","?","?","$","R","?","R","T","M","?","?","E","M","R","BOSS","M","?","M","?","$","R","M","R","T","?","E","R","E","M"],"build_version":"2019-02-06","purchased_purges":2,"victory":false,"max_hp_per_floor":[80,80,80,80,80,80,80,80,80,80,74,81,81,81,81,81,81,81,81,81,81,81,81,81,81,81,81,91,91,91,91],"card_choices":[{"not_picked":["Fire Breathing","Armaments","Perfected Strike"],"picked":"SKIP","floor":1},{"not_picked":["Anger","Headbutt","Reckless Charge"],"picked":"SKIP","floor":4},{"not_picked":["Sword Boomerang","Metallicize","Thunderclap"],"picked":"SKIP","floor":10},{"not_picked":["Shockwave","Flame Barrier","Wild Strike"],"picked":"SKIP","floor":13},{"not_picked":["Headbutt","Perfected Strike","Pommel Strike"],"picked":"SKIP","floor":14},{"not_picked":["Armaments+1","Seeing Red","Thunderclap"],"picked":"SKIP","floor":18},{"not_picked":["Warcry","Combust+1","Whirlwind"],"picked":"SKIP","floor":19},{"not_picked":["Searing Blow","Iron Wave","Sword Boomerang+1"],"picked":"SKIP","floor":20},{"not_picked":["Armaments","Offering"],"picked":"Shrug It Off","floor":24},{"not_picked":["Body Slam","Armaments+1","Hemokinesis"],"picked":"SKIP","floor":28},{"not_picked":["Seeing Red","Pommel Strike+1","Flex+1"],"picked":"SKIP","floor":30}],"player_experience":1131683,"relics_obtained":[{"floor":9,"key":"Tiny Chest"},{"floor":9,"key":"Happy Flower"},{"floor":12,"key":"Strawberry"},{"floor":12,"key":"Shuriken"},{"floor":13,"key":"Darkstone Periapt"},{"floor":21,"key":"Nilry\u0027s Codex"},{"floor":26,"key":"Pen Nib"},{"floor":28,"key":"Pear"},{"floor":30,"key":"Whetstone"}],"event_choices":[{"damage_healed":0,"gold_gain":0,"player_choice":"Gave Potion","damage_taken":0,"relics_obtained":["War Paint"],"max_hp_gain":0,"max_hp_loss":0,"event_name":"WeMeetAgain","floor":3,"gold_loss":0},{"damage_healed":0,"gold_gain":175,"player_choice":"AGREE","damage_taken":0,"max_hp_gain":0,"max_hp_loss":0,"event_name":"Liars Game","floor":7,"gold_loss":0,"cards_obtained":["Doubt"]},{"damage_healed":0,"gold_gain":0,"player_choice":"Lose Max HP","damage_taken":0,"relics_obtained":["Golden Idol"],"max_hp_gain":0,"max_hp_loss":6,"event_name":"Golden Idol","floor":11,"gold_loss":0},{"damage_healed":0,"gold_gain":0,"player_choice":"Obtained Book","damage_taken":16,"max_hp_gain":0,"max_hp_loss":0,"event_name":"Cursed Tome","floor":21,"gold_loss":0},{"damage_healed":0,"gold_gain":100,"player_choice":"Pray","damage_taken":0,"max_hp_gain":0,"max_hp_loss":0,"event_name":"Golden Shrine","floor":27,"gold_loss":0}],"is_beta":true,"boss_relics":[{"not_picked":["Sozu","White Beast Statue"],"picked":"Velvet Choker"}],"items_purged_floors":[2,22],"is_endless":false,"potions_floor_spawned":[1,13,20,28],"killed_by":"Sentry and Sphere","ascension_level":0}