{"gold_per_floor":[116,136,156,172,172,172,172,202,229,229,229,229,245,245,245,319,319,335,352,368,378,4,4,4,60,85,111,34,34,51,69,69,143,143,160,230,70,118,137,169,169,169,194,227,245,245,278,17,17,17,17],"floor_reached":51,"playtime":1908,"items_purged":["Strike_R"],"score":1476,"play_id":"8e52b9d7-9ccc-4f60-90f1-3d5ccfba2481","local_time":"20190411213100","is_ascension_mode":true,"campfire_choices":[{"data":"Twin Strike","floor":6,"key":"SMITH"},{"floor":10,"key":"REST"},{"floor":12,"key":"RECALL"},{"data":"Sword Boomerang","floor":15,"key":"SMITH"},{"data":"Immolate","floor":23,"key":"SMITH"},{"data":"Heavy Blade","floor":32,"key":"SMITH"},{"floor":41,"key":"REST"},{"floor":46,"key":"DIG"},{"floor":49,"key":"REST"}],"neow_cost":"NONE","seed_source_timestamp":114464677855800,"circlet_count":0,"master_deck":["AscendersBane","Strike_R","Strike_R+1","Strike_R+1","Strike_R+1","Defend_R+1","Defend_R+1","Defend_R","Defend_R","Bash+1","Twin Strike+1","Inflame+1","Double Tap","Sword Boomerang+1","Immolate+1","Heavy Blade+1","Pummel","Shrug It Off","Impervious+1","Inflame","Inflame+1","Offering","Flame Barrier+1","Shrug It Off","Clothesline"],"relics":["Burning Blood","Odd Mushroom","Whetstone","Meat on the Bone","Black Star","Lee\u0027s Waffle","Tiny Chest","Charon\u0027s Ashes","Regal Pillow","Incense Burner","Snecko Eye","Question Card","PreservedInsect","Shovel","Anchor","Bag of Preparation","War Paint","Dream Catcher","The Courier","Pen Nib","Red Skull","Ancient Tea Set","Shuriken"],"potions_floor_usage":[4,16,16,20,21,25,33,44],"damage_taken":[{"damage":19,"enemies":"Jaw Worm","floor":1,"turns":4},{"damage":17,"enemies":"Small Slimes","floor":2,"turns":4},{"damage":2,"enemies":"2 Louse","floor":3,"turns":2},{"damage":7,"enemies":"Looter","floor":4,"turns":3},{"damage":9,"enemies":"The Mushroom Lair","floor":8,"turns":4},{"damage":17,"enemies":"Large Slime","floor":13,"turns":5},{"damage":23,"enemies":"Slime Boss","floor":16,"turns":6},{"damage":11,"enemies":"Spheric Guardian","floor":18,"turns":3},{"damage":31,"enemies":"3 Byrds","floor":19,"turns":4},{"damage":43,"enemies":"Snake Plant","floor":20,"turns":4},{"damage":6,"enemies":"Centurion and Healer","floor":21,"turns":4},{"damage":45,"enemies":"Slavers","floor":25,"turns":4},{"damage":23,"enemies":"Gremlin Leader","floor":27,"turns":4},{"damage":6,"enemies":"3 Cultists","floor":30,"turns":3},{"damage":10,"enemies":"Cultist and Chosen","floor":31,"turns":5},{"damage":35,"enemies":"Collector","floor":33,"turns":6},{"damage":13,"enemies":"Orb Walker","floor":35,"turns":3},{"damage":33,"enemies":"2 Orb Walkers","floor":38,"turns":4},{"damage":14,"enemies":"3 Shapes","floor":39,"turns":5},{"damage":47,"enemies":"Reptomancer","floor":40,"turns":4},{"damage":19,"enemies":"Nemesis","floor":44,"turns":5},{"damage":16,"enemies":"3 Darklings","floor":45,"turns":6},{"damage":5,"enemies":"Giant Head","floor":47,"turns":4},{"damage":66,"enemies":"Time Eater","floor":50,"turns":7},{"damage":56,"enemies":"Donu and Deca","floor":51,"turns":5}],"seed_played":"-4186236739691297223","potions_obtained":[{"floor":1,"key":"Swift Potion"},{"floor":2,"key":"Energy Potion"},{"floor":4,"key":"Fruit Juice"},{"floor":13,"key":"Poison Potion"},{"floor":16,"key":"Swift Potion"},{"floor":19,"key":"BloodPotion"},{"floor":20,"key":"LiquidBronze"},{"floor":21,"key":"EssenceOfSteel"},{"floor":30,"key":"SteroidPotion"},{"floor":39,"key":"Strength Potion"}],"is_trial":false,"path_per_floor":["M","M","M","M","?","R","?","?","T","R","T","R","M","?","R","B",null,"M","M","M","M","$","R","?","E","T","E","$","?","M","M","R","B",null,"M","T","$","?","M","E","R","?","T","E","M","R","E","$","R","B","B"],"character_chosen":"IRONCLAD","items_purchased":["Pummel","Lee\u0027s Waffle","Inflame","PreservedInsect","Shuriken","Clothesline"],"campfire_rested":3,"item_purchase_floors":[22,22,28,37,48,48],"current_hp_per_floor":[55,44,48,52,52,52,28,25,25,49,49,49,50,50,50,45,71,66,53,36,48,87,87,87,60,60,55,55,55,55,51,51,34,74,67,67,67,52,56,27,68,68,68,55,57,57,58,58,87,39,0],"gold":17,"neow_bonus":"UPGRADE_CARD","is_prod":false,"is_daily":false,"chose_seed":false,"campfire_upgraded":4,"win_rate":0,"timestamp":1555011060,"path_taken":["M","M","M","M","?","R","?","?","T","R","?","R","M","?","R","BOSS","M","M","?","M","$","R","?","E","T","E","$","?","M","M","R","BOSS","M","?","$","?","M","E","R","?","T","E","?","R","E","$","R","BOSS","BOSS"],"build_version":"2019-04-04","purchased_purges":1,"victory":false,"max_hp_per_floor":[75,75,75,80,80,80,80,80,80,80,80,80,80,80,80,80,80,80,80,80,80,87,87,87,87,87,87,87,87,87,87,87,87,87,87,87,87,87,87,87,87,87,87,87,87,87,87,87,87,87,87],"card_choices":[{"not_picked":["Uppercut","Intimidate","Corruption"],"picked":"SKIP","floor":1},{"not_picked":["Clothesline","Reckless Charge"],"picked":"Twin Strike","floor":2},{"not_picked":["Pommel Strike","Iron Wave","Wild Strike"],"picked":"SKIP","floor":3},{"not_picked":["Perfected Strike","Clash"],"picked":"Inflame","floor":4},{"not_picked":["Metallicize","Body Slam"],"picked":"Double Tap","floor":8},{"not_picked":["Twin Strike","Flex"],"picked":"Sword Boomerang","floor":13},{"not_picked":["Exhume","Brutality"],"picked":"Immolate","floor":16},{"not_picked":["Twin Strike","Headbutt"],"picked":"Heavy Blade","floor":18},{"not_picked":["Carnage","Perfected Strike","Spot Weakness"],"picked":"SKIP","floor":19},{"not_picked":["Pommel Strike+1","Wild Strike","Evolve"],"picked":"SKIP","floor":20},{"not_picked":["Perfected Strike","Second Wind","Exhume"],"picked":"SKIP","floor":21},{"not_picked":["Seeing Red","Havoc"],"picked":"Impervious","floor":25},{"not_picked":["Carnage","Twin Strike","Dual Wield"],"picked":"SKIP","floor":27},{"not_picked":["Clash","Cleave","Headbutt"],"picked":"SKIP","floor":30},{"not_picked":["Disarm","Cleave","Ghostly Armor"],"picked":"SKIP","floor":31},{"not_picked":["Fiend Fire","Reaper"],"picked":"Offering","floor":33},{"not_picked":["Iron Wave","Pommel Strike+1","Clash"],"picked":"SKIP","floor":35},{"not_picked":["Sword Boomerang","Metallicize+1","Headbutt+1"],"picked":"Flame Barrier","floor":38},{"not_picked":["Sentinel","Heavy Blade","Evolve+1","Sword Boomerang+1"],"picked":"SKIP","floor":39},{"not_picked":["Feel No Pain","Ghostly Armor+1","Clothesline","Cleave"],"picked":"SKIP","floor":40},{"not_picked":["Pommel Strike","Thunderclap","Reaper","Headbutt"],"picked":"SKIP","floor":44},{"not_picked":["Iron Wave","Cleave","Warcry+1"],"picked":"Shrug It Off","floor":45},{"not_picked":["Havoc+1","Fire Breathing","Body Slam","Flex"],"picked":"SKIP","floor":47}],"player_experience":1358500,"relics_obtained":[{"floor":8,"key":"Odd Mushroom"},{"floor":9,"key":"Whetstone"},{"floor":11,"key":"Meat on the Bone"},{"floor":25,"key":"Tiny Chest"},{"floor":25,"key":"Charon\u0027s Ashes"},{"floor":27,"key":"Regal Pillow"},{"floor":27,"key":"Incense Burner"},{"floor":36,"key":"Question Card"},{"floor":38,"key":"Shovel"},{"floor":40,"key":"Anchor"},{"floor":40,"key":"Bag of Preparation"},{"floor":43,"key":"War Paint"},{"floor":44,"key":"Dream Catcher"},{"floor":44,"key":"The Courier"},{"floor":46,"key":"Pen Nib"},{"floor":47,"key":"Red Skull"},{"floor":47,"key":"Ancient Tea Set"}],"event_choices":[{"damage_healed":0,"gold_gain":0,"player_choice":"Grow","damage_taken":0,"max_hp_gain":0,"max_hp_loss":0,"event_name":"Living Wall","floor":5,"gold_loss":0,"cards_upgraded":["Inflame"]},{"damage_healed":0,"gold_gain":0,"player_choice":"Entered Light","damage_taken":24,"max_hp_gain":0,"max_hp_loss":0,"event_name":"Shining Light","floor":7,"gold_loss":0,"cards_upgraded":["Strike_R","Defend_R"]},{"damage_healed":0,"gold_gain":0,"player_choice":"Fought Mushrooms","damage_taken":0,"max_hp_gain":0,"max_hp_loss":0,"event_name":"Mushrooms","floor":8,"gold_loss":0},{"damage_healed":0,"gold_gain":0,"player_choice":"0 cards matched","damage_taken":0,"max_hp_gain":0,"max_hp_loss":0,"event_name":"Match and Keep!","floor":14,"gold_loss":0,"cards_obtained":[]},{"damage_healed":0,"gold_gain":0,"player_choice":"Read","damage_taken":0,"max_hp_gain":0,"max_hp_loss":0,"event_name":"The Library","floor":24,"gold_loss":0,"cards_obtained":["Shrug It Off"]},{"damage_healed":0,"gold_gain":0,"player_choice":"Copied","damage_taken":0,"max_hp_gain":0,"max_hp_loss":0,"event_name":"Duplicator","floor":29,"gold_loss":0,"cards_obtained":["Inflame"]},{"damage_healed":0,"gold_gain":0,"player_choice":"Fight","damage_taken":0,"max_hp_gain":0,"max_hp_loss":0,"event_name":"Mysterious Sphere","floor":38,"gold_loss":0},{"damage_healed":0,"gold_gain":0,"player_choice":"Forge","damage_taken":0,"max_hp_gain":0,"max_hp_loss":0,"event_name":"Accursed Blacksmith","floor":42,"gold_loss":0,"cards_upgraded":["Flame Barrier"]}],"is_beta":true,"boss_relics":[{"not_picked":["Cursed Key","Sozu"],"picked":"Black Star"},{"not_picked":["White Beast Statue","Eternal Feather"],"picked":"Snecko Eye"}],"items_purged_floors":[22],"is_endless":false,"potions_floor_spawned":[1,2,4,13,16,19,20,21,30,39,40],"killed_by":"Donu and Deca","ascension_level":20}