{"gold_per_floor":[111,111,111,121,132,157,177,188,214,248,248,74,88,88,88,88],"floor_reached":16,"playtime":583,"items_purged":["Defend_R"],"score":112,"play_id":"a6b7939f-db3c-4364-b4aa-d1152cecde1c","local_time":"20190209190821","is_ascension_mode":false,"campfire_choices":[{"floor":15,"key":"REST"}],"neow_cost":"NONE","seed_source_timestamp":1837885079051800,"circlet_count":0,"master_deck":["Strike_R","Strike_R","Strike_R","Strike_R","Strike_R","Defend_R","Defend_R+1","Defend_R+1","Bash","Shrug It Off"],"relics":["Burning Blood","NeowsBlessing","Happy Flower","Strawberry","War Paint","Oddly Smooth Stone","Thread and Needle","Shuriken"],"potions_floor_usage":[10,10,16,16],"damage_taken":[{"damage":0,"enemies":"Small Slimes","floor":1,"turns":1},{"damage":0,"enemies":"Jaw Worm","floor":4,"turns":1},{"damage":0,"enemies":"Cultist","floor":5,"turns":1},{"damage":27,"enemies":"3 Sentries","floor":6,"turns":10},{"damage":15,"enemies":"Lots of Slimes","floor":7,"turns":7},{"damage":8,"enemies":"3 Louse","floor":8,"turns":5},{"damage":29,"enemies":"Lagavulin","floor":10,"turns":6},{"damage":0,"enemies":"Gremlin Gang","floor":13,"turns":9},{"damage":66,"enemies":"Hexaghost","floor":16,"turns":11}],"seed_played":"83662208179505134","potions_obtained":[{"floor":4,"key":"Weak Potion"},{"floor":5,"key":"Dexterity Potion"},{"floor":7,"key":"FearPotion"}],"is_trial":false,"path_per_floor":["M","?","?","M","M","E","M","M","T","E","?","$","M","?","R","B"],"character_chosen":"IRONCLAD","items_purchased":["Strength Potion","Block Potion"],"campfire_rested":1,"item_purchase_floors":[12,12],"current_hp_per_floor":[80,80,80,80,80,66,57,55,55,32,32,32,38,38,64,0],"gold":88,"neow_bonus":"THREE_ENEMY_KILL","is_prod":false,"is_daily":false,"chose_seed":false,"campfire_upgraded":0,"win_rate":0,"timestamp":1549735701,"path_taken":["M","?","?","?","?","E","M","M","T","E","?","$","M","?","R","BOSS"],"build_version":"2019-02-06","purchased_purges":1,"victory":false,"max_hp_per_floor":[80,80,80,80,80,87,87,87,87,87,87,87,87,87,87,87],"card_choices":[{"not_picked":["Clash","Dual Wield"],"picked":"Shrug It Off","floor":1},{"not_picked":["Headbutt","Pummel","Spot Weakness"],"picked":"SKIP","floor":4},{"not_picked":["Searing Blow","Fire Breathing","Heavy Blade"],"picked":"SKIP","floor":5},{"not_picked":["Dual Wield","Power Through","Twin Strike"],"picked":"SKIP","floor":6},{"not_picked":["Blood for Blood","Sentinel","Anger"],"picked":"SKIP","floor":7},{"not_picked":["Spot Weakness","Seeing Red","Combust"],"picked":"SKIP","floor":8},{"not_picked":["Feel No Pain","Seeing Red","Reckless Charge"],"picked":"SKIP","floor":10},{"not_picked":["Flex","Thunderclap","Battle Trance"],"picked":"SKIP","floor":13}],"player_experience":1132569,"relics_obtained":[{"floor":6,"key":"Strawberry"},{"floor":9,"key":"War Paint"},{"floor":10,"key":"Oddly Smooth Stone"}],"event_choices":[{"damage_healed":0,"gold_gain":0,"player_choice":"Box","damage_taken":0,"relics_obtained":["Happy Flower"],"max_hp_gain":0,"max_hp_loss":0,"event_name":"Big Fish","floor":2,"gold_loss":0,"cards_obtained":["Regret"]},{"cards_removed":["Regret"],"damage_healed":0,"gold_gain":0,"player_choice":"Purged","damage_taken":0,"max_hp_gain":0,"max_hp_loss":0,"event_name":"Purifier","floor":3,"gold_loss":0},{"damage_healed":0,"gold_gain":0,"player_choice":"Searched \u00272\u0027 times","damage_taken":0,"relics_obtained":["Thread and Needle"],"max_hp_gain":0,"max_hp_loss":0,"event_name":"Dead Adventurer","floor":11,"gold_loss":0},{"damage_healed":0,"gold_gain":0,"player_choice":"Gave Potion","damage_taken":0,"relics_obtained":["Shuriken"],"max_hp_gain":0,"max_hp_loss":0,"event_name":"WeMeetAgain","floor":14,"gold_loss":0}],"is_beta":true,"boss_relics":[],"items_purged_floors":[12],"is_endless":false,"potions_floor_spawned":[4,5,7],"killed_by":"Hexaghost","ascension_level":0}