{"gold_per_floor":[13,33,33,33,33,66,80,80,80,80,107,57,82,93,93,93],"floor_reached":16,"playtime":294,"items_purged":["Defend_R"],"score":216,"play_id":"28c4a199-fac1-49fe-b87f-a84718f35afc","local_time":"20190330190452","is_ascension_mode":true,"campfire_choices":[{"floor":10,"key":"REST"},{"data":"Bash","floor":15,"key":"SMITH"}],"neow_cost":"NO_GOLD","seed_source_timestamp":845517573419400,"circlet_count":0,"master_deck":["AscendersBane","Strike_R","Strike_R","Strike_R","Strike_R","Strike_R","Defend_R","Defend_R+1","Defend_R+1","Bash+1","Immolate","Heavy Blade","Shrug It Off"],"relics":["Burning Blood","Bronze Scales","Smiling Mask","Molten Egg 2","Happy Flower","Strawberry"],"potions_floor_usage":[6,11,16],"damage_taken":[{"damage":1,"enemies":"Cultist","floor":1,"turns":3},{"damage":15,"enemies":"Small Slimes","floor":2,"turns":5},{"damage":28,"enemies":"Gremlin Nob","floor":6,"turns":4},{"damage":0,"enemies":"2 Louse","floor":7,"turns":2},{"damage":42,"enemies":"Lagavulin","floor":11,"turns":6},{"damage":0,"enemies":"2 Fungi Beasts","floor":14,"turns":2},{"damage":48,"enemies":"Slime Boss","floor":16,"turns":5}],"seed_played":"-6491944307856247557","potions_obtained":[{"floor":2,"key":"Poison Potion"},{"floor":7,"key":"Explosive Potion"},{"floor":11,"key":"BloodPotion"}],"is_trial":false,"path_per_floor":["M","M","?","?","?","E","M","?","T","R","E","$","T","M","R","B"],"character_chosen":"IRONCLAD","items_purchased":[],"campfire_rested":1,"item_purchase_floors":[],"current_hp_per_floor":[73,64,41,41,41,19,25,25,25,47,11,11,18,24,24,0],"gold":93,"neow_bonus":"THREE_RARE_CARDS","is_prod":false,"is_daily":false,"chose_seed":false,"campfire_upgraded":1,"win_rate":0,"timestamp":1553969092,"path_taken":["M","M","?","?","?","E","M","?","T","R","E","$","?","M","R","BOSS"],"build_version":"2019-03-15","purchased_purges":1,"victory":false,"max_hp_per_floor":[75,75,75,75,75,75,75,75,75,75,75,75,82,82,82,82],"card_choices":[{"not_picked":["Juggernaut","Feed"],"picked":"Immolate","floor":0},{"not_picked":["Pommel Strike","Clash","Cleave"],"picked":"SKIP","floor":1},{"not_picked":["Wild Strike","Headbutt"],"picked":"Heavy Blade","floor":2},{"not_picked":["Body Slam","Uppercut","Wild Strike"],"picked":"SKIP","floor":6},{"not_picked":["Heavy Blade","Seeing Red","Warcry"],"picked":"SKIP","floor":7},{"not_picked":["Twin Strike+1","Evolve"],"picked":"Shrug It Off","floor":11},{"not_picked":["Warcry","Iron Wave+1","Wild Strike+1"],"picked":"SKIP","floor":14}],"player_experience":1306813,"relics_obtained":[{"floor":6,"key":"Smiling Mask"},{"floor":9,"key":"Molten Egg 2"},{"floor":11,"key":"Happy Flower"},{"floor":13,"key":"Strawberry"}],"event_choices":[{"damage_healed":0,"gold_gain":0,"player_choice":"Entered Light","damage_taken":23,"max_hp_gain":0,"max_hp_loss":0,"event_name":"Shining Light","floor":3,"gold_loss":0,"cards_upgraded":["Defend_R","Defend_R"]},{"damage_healed":0,"gold_gain":0,"player_choice":"Box","damage_taken":0,"relics_obtained":["Bronze Scales"],"max_hp_gain":0,"max_hp_loss":0,"event_name":"Big Fish","floor":4,"gold_loss":0,"cards_obtained":["Regret"]},{"cards_removed":["Regret"],"damage_healed":0,"gold_gain":0,"player_choice":"Forget","damage_taken":0,"max_hp_gain":0,"max_hp_loss":0,"event_name":"Living Wall","floor":5,"gold_loss":0},{"damage_healed":0,"gold_gain":0,"player_choice":"Searched \u00270\u0027 times","damage_taken":0,"max_hp_gain":0,"max_hp_loss":0,"event_name":"Dead Adventurer","floor":8,"gold_loss":0}],"is_beta":true,"boss_relics":[],"items_purged_floors":[12],"is_endless":false,"potions_floor_spawned":[2,7,11],"killed_by":"Slime Boss","ascension_level":20}