{"gold_per_floor":[112,37,37,37,52,82,82,7,7,7,26,43,71,88,88,88],"floor_reached":16,"playtime":483,"items_purged":["Strike_B"],"score":250,"play_id":"35fb48be-66a9-48c0-86a7-b6f21001d4b5","local_time":"20190101161819","is_ascension_mode":true,"campfire_choices":[{"data":"Dualcast","floor":10,"key":"SMITH"},{"data":"1","floor":15,"key":"LIFT"}],"neow_cost":"NONE","seed_source_timestamp":64937257393800,"circlet_count":0,"master_deck":["AscendersBane","Strike_B","Strike_B","Strike_B","Defend_B","Defend_B","Defend_B","Zap","Dualcast+1","Cold Snap","Cold Snap","FTL","BootSequence","Hologram"],"relics":["Cracked Core","NeowsBlessing","Gremlin Horn","Girya","Dodecahedron","Calipers","Odd Mushroom"],"potions_floor_usage":[14,16,16],"damage_taken":[{"damage":0,"enemies":"Small Slimes","floor":1,"turns":1},{"damage":0,"enemies":"2 Louse","floor":5,"turns":1},{"damage":0,"enemies":"3 Sentries","floor":6,"turns":1},{"damage":3,"enemies":"Jaw Worm","floor":11,"turns":2},{"damage":11,"enemies":"Exordium Thugs","floor":12,"turns":4},{"damage":7,"enemies":"The Mushroom Lair","floor":13,"turns":4},{"damage":0,"enemies":"Large Slime","floor":14,"turns":7},{"damage":49,"enemies":"Hexaghost","floor":16,"turns":11}],"seed_played":"8199638134112608078","potions_obtained":[{"floor":11,"key":"SpeedPotion"},{"floor":13,"key":"Regen Potion"},{"floor":14,"key":"Swift Potion"}],"is_trial":false,"path_per_floor":["M","?","$","?","M","E","T","$","T","R","M","M","?","M","R","B"],"character_chosen":"DEFECT","items_purchased":[],"campfire_rested":0,"item_purchase_floors":[],"current_hp_per_floor":[64,64,64,53,53,53,53,53,53,53,50,39,32,46,46,0],"gold":88,"neow_bonus":"THREE_ENEMY_KILL","is_prod":false,"is_daily":false,"chose_seed":false,"campfire_upgraded":1,"win_rate":0,"timestamp":1546355899,"path_taken":["M","?","$","?","M","E","?","$","T","R","?","M","?","M","R","BOSS"],"build_version":"2018-12-25","purchased_purges":1,"victory":false,"max_hp_per_floor":[71,71,71,71,71,71,71,71,71,71,71,71,71,71,71,71],"card_choices":[{"not_picked":["Compile Driver","Hologram"],"picked":"Cold Snap","floor":1},{"not_picked":["Streamline","Leap"],"picked":"Cold Snap","floor":5},{"not_picked":["Static Discharge","Barrage"],"picked":"FTL","floor":6},{"not_picked":["Compile Driver","Auto Shields","Barrage"],"picked":"SKIP","floor":11},{"not_picked":["Rebound","Undo"],"picked":"BootSequence","floor":12},{"not_picked":["Undo","Tempest"],"picked":"Hologram","floor":14}],"player_experience":997637,"relics_obtained":[{"floor":6,"key":"Girya"},{"floor":7,"key":"Dodecahedron"},{"floor":9,"key":"Calipers"},{"floor":13,"key":"Odd Mushroom"}],"event_choices":[{"cards_removed":["Defend_B"],"damage_healed":0,"gold_gain":0,"player_choice":"Card Removal","damage_taken":0,"max_hp_gain":0,"max_hp_loss":0,"event_name":"The Cleric","floor":2,"gold_loss":75},{"damage_healed":0,"gold_gain":0,"player_choice":"Success","damage_taken":11,"relics_obtained":["Gremlin Horn"],"max_hp_gain":0,"max_hp_loss":0,"event_name":"Scrap Ooze","floor":4,"gold_loss":0},{"damage_healed":0,"gold_gain":0,"player_choice":"Fought Mushrooms","damage_taken":0,"max_hp_gain":0,"max_hp_loss":0,"event_name":"Mushrooms","floor":13,"gold_loss":0}],"is_beta":true,"boss_relics":[],"items_purged_floors":[8],"is_endless":false,"potions_floor_spawned":[11,13,14],"killed_by":"Hexaghost","ascension_level":20}