{"gold_per_floor":[112,112,112,123,123,123,158,158,158,185,185,9,26,38,38,112,112,72,72,91,111,111,111,138,152,205,205,217,250,250,250,250,324,324,343,363,1362,1386,1399,1429,1440,1440],"floor_reached":42,"playtime":3928,"items_purged":["Strike_G"],"score":1027,"play_id":"bd5f24f9-447d-4fd3-86fc-07d5aad81424","local_time":"20190501210733","is_ascension_mode":true,"campfire_choices":[{"data":"Predator","floor":6.0,"key":"SMITH"},{"floor":8.0,"key":"REST"},{"data":"After Image","floor":11.0,"key":"SMITH"},{"data":"Noxious Fumes","floor":15.0,"key":"SMITH"},{"floor":23,"key":"REST"},{"data":"Night Terror","floor":30,"key":"SMITH"},{"data":"Catalyst","floor":32,"key":"SMITH"}],"neow_cost":"NONE","seed_source_timestamp":21705186185555,"circlet_count":0,"master_deck":["AscendersBane","Defend_G","Defend_G","Defend_G+1","Survivor","Neutralize","Leg Sweep+1","Predator+1","All Out Attack","After Image+1","Quick Slash","Noxious Fumes+1","Backflip","Leg Sweep","PiercingWail","After Image","PiercingWail+1","Flying Knee+1","After Image+1","Deadly Poison","Blade Dance","Deadly Poison","Night Terror+1","Backflip","Noxious Fumes","Catalyst+1","Venomology","Deflect+1","Prepared","Caltrops","Doppelganger","Blur"],"special_seed":0,"relics":["Ring of the Snake","Omamori","Du-Vu Doll","Gremlin Horn","Astrolabe","PreservedInsect","Strawberry","Ancient Tea Set","Sozu","Art of War","Dream Catcher"],"potions_floor_usage":[24,24,29],"damage_taken":[{"damage":7.0,"enemies":"Jaw Worm","floor":1.0,"turns":7.0},{"damage":2.0,"enemies":"Cultist","floor":4.0,"turns":6.0},{"damage":24.0,"enemies":"Gremlin Nob","floor":7.0,"turns":4.0},{"damage":7.0,"enemies":"Lagavulin","floor":10.0,"turns":9.0},{"damage":0.0,"enemies":"2 Louse","floor":13.0,"turns":3.0},{"damage":0.0,"enemies":"Exordium Thugs","floor":14.0,"turns":4.0},{"damage":3.0,"enemies":"The Guardian","floor":16.0,"turns":13.0},{"damage":5.0,"enemies":"2 Thieves","floor":18.0,"turns":5.0},{"damage":4.0,"enemies":"Spheric Guardian","floor":20.0,"turns":7.0},{"damage":14,"enemies":"Cultist and Chosen","floor":21,"turns":8},{"damage":20,"enemies":"Book of Stabbing","floor":24,"turns":9},{"damage":4,"enemies":"Centurion and Healer","floor":25,"turns":7},{"damage":12,"enemies":"Sentry and Sphere","floor":28,"turns":7},{"damage":6,"enemies":"Gremlin Leader","floor":29,"turns":6},{"damage":39,"enemies":"Collector","floor":33,"turns":4},{"damage":17,"enemies":"3 Shapes","floor":35,"turns":6},{"damage":5,"enemies":"Orb Walker","floor":36,"turns":5},{"damage":3,"enemies":"Maw","floor":39,"turns":9},{"damage":20,"enemies":"Nemesis","floor":40,"turns":13},{"damage":0,"enemies":"Spire Growth","floor":41,"turns":5},{"damage":20,"enemies":"3 Darklings","floor":42,"turns":2}],"seed_played":"1788496250164678932","potions_obtained":[{"floor":1.0,"key":"SkillPotion"},{"floor":4.0,"key":"GamblersBrew"},{"floor":10.0,"key":"Block Potion"},{"floor":13.0,"key":"Energy Potion"},{"floor":14.0,"key":"Fire Potion"},{"floor":21,"key":"Poison Potion"},{"floor":25,"key":"Energy Potion"},{"floor":33,"key":"SpeedPotion"}],"is_trial":false,"path_per_floor":["M","?","?","M","?","R","E","R","T","E","R","$","M","M","R","B",null,"M","?","M","M","?","R","E","M","T","?","M","E","R","?","R","B",null,"M","M","?","T","M","E","M","M"],"character_chosen":"THE_SILENT","items_purchased":["Noxious Fumes","Backflip"],"campfire_rested":2,"item_purchase_floors":[12,12],"current_hp_per_floor":[52,32,32,30,30,30,6,25,25,18,18,18,18,18,18,15,53,48,48,44,30,30,49,29,25,32,73,61,55,55,55,55,16,59,42,37,37,37,34,14,14,0],"gold":1440,"neow_bonus":"RANDOM_COMMON_RELIC","is_prod":false,"is_daily":false,"chose_seed":false,"campfire_upgraded":5,"win_rate":0,"timestamp":1556766453,"path_taken":["M","?","?","?","?","R","E","R","T","E","R","?","?","M","R","BOSS","M","?","?","M","?","R","E","M","T","?","?","E","R","?","R","BOSS","M","M","?","?","M","E","M","M"],"build_version":"2019-04-23","purchased_purges":1,"victory":false,"max_hp_per_floor":[66,66,66,66,66,66,66,66,66,66,66,66,66,66,66,66,66,66,66,66,66,66,66,66,66,73,73,73,73,73,73,73,73,73,73,73,73,73,73,73,73,73],"card_choices":[{"not_picked":["Poisoned Stab","Dagger Spray"],"picked":"Leg Sweep","floor":1.0},{"not_picked":["Flechettes","Sucker Punch"],"picked":"Predator","floor":4.0},{"not_picked":["Caltrops","Deflect"],"picked":"After Image","floor":7.0},{"not_picked":["Prepared","Predator"],"picked":"Quick Slash","floor":10.0},{"not_picked":["Dagger Spray","Concentrate"],"picked":"Leg Sweep","floor":13.0},{"not_picked":["Dagger Throw","Sucker Punch"],"picked":"PiercingWail","floor":14.0},{"not_picked":["A Thousand Cuts","Venomology"],"picked":"After Image","floor":16.0},{"not_picked":["Dagger Throw","Dodge and Roll","Tactician"],"picked":"SKIP","floor":18.0},{"not_picked":["Quick Slash+1","Riddle With Holes"],"picked":"Deadly Poison","floor":20.0},{"not_picked":["Slice","Quick Slash"],"picked":"Blade Dance","floor":21},{"not_picked":["Slice","Finisher"],"picked":"Deadly Poison","floor":24},{"not_picked":["Bane","Dagger Spray"],"picked":"Night Terror","floor":25},{"not_picked":["Bane","Terror"],"picked":"Backflip","floor":28},{"not_picked":["Bullet Time","Predator"],"picked":"Noxious Fumes","floor":29},{"not_picked":["Glass Knife","Unload"],"picked":"Venomology","floor":33},{"not_picked":["Bane","Deadly Poison+1"],"picked":"Deflect+1","floor":35},{"not_picked":["Concentrate","Dodge and Roll"],"picked":"Prepared","floor":36},{"not_picked":["Blade Dance","Expertise"],"picked":"Caltrops","floor":39},{"not_picked":["Slice","Masterful Stab"],"picked":"Doppelganger","floor":40},{"not_picked":["Underhanded Strike+1","Dagger Throw+1"],"picked":"Blur","floor":41}],"player_experience":3111517,"relics_obtained":[{"floor":7.0,"key":"Du-Vu Doll"},{"floor":10.0,"key":"Gremlin Horn"},{"floor":24,"key":"PreservedInsect"},{"floor":26,"key":"Strawberry"},{"floor":29,"key":"Ancient Tea Set"},{"floor":38,"key":"Art of War"},{"floor":40,"key":"Dream Catcher"}],"event_choices":[{"damage_healed":0.0,"max_hp_gain":0.0,"max_hp_loss":0.0,"gold_gain":0.0,"event_name":"Shining Light","player_choice":"Entered Light","floor":2.0,"gold_loss":0.0,"damage_taken":20.0,"cards_upgraded":["Leg Sweep","Defend_G"]},{"cards_removed":["Strike_G"],"damage_healed":0.0,"max_hp_gain":0.0,"max_hp_loss":0.0,"gold_gain":0.0,"event_name":"Purifier","player_choice":"Purged","floor":3.0,"gold_loss":0.0,"damage_taken":0.0},{"damage_healed":0.0,"max_hp_gain":0.0,"max_hp_loss":0.0,"gold_gain":0.0,"cards_transformed":["Strike_G"],"event_name":"Transmorgrifier","player_choice":"Transformed","floor":5.0,"gold_loss":0.0,"damage_taken":0.0,"cards_obtained":["All Out Attack"]},{"cards_removed":["Defend_G"],"damage_healed":0.0,"max_hp_gain":0.0,"max_hp_loss":0.0,"gold_gain":0.0,"event_name":"Bonfire Elementals","player_choice":"Offered Basic","floor":19.0,"gold_loss":0.0,"damage_taken":0.0},{"damage_healed":0,"gold_gain":0,"player_choice":"Ignored","damage_taken":0,"max_hp_gain":0,"max_hp_loss":0,"event_name":"Vampires","floor":22,"gold_loss":0},{"damage_healed":41,"gold_gain":0,"player_choice":"Full Heal","damage_taken":0,"max_hp_gain":0,"max_hp_loss":0,"event_name":"Wheel of Change","floor":27,"gold_loss":0},{"damage_healed":0,"gold_gain":0,"player_choice":"Read","damage_taken":0,"max_hp_gain":0,"max_hp_loss":0,"event_name":"The Library","floor":31,"gold_loss":0,"cards_obtained":["Catalyst"]},{"damage_healed":0,"gold_gain":999,"player_choice":"Gold","damage_taken":0,"max_hp_gain":0,"max_hp_loss":0,"event_name":"MindBloom","floor":37,"gold_loss":0,"cards_obtained":["Normality","Normality"]}],"is_beta":true,"boss_relics":[{"not_picked":["Empty Cage","WristBlade"],"picked":"Astrolabe"},{"not_picked":["Lizard Tail","Velvet Choker"],"picked":"Sozu"}],"items_purged_floors":[12],"is_endless":false,"potions_floor_spawned":[1,4,10,13,14,21,25,33,36],"killed_by":"3 Darklings","ascension_level":20}