{"gold_per_floor":[19,35,52,70,70,70,86,86,111,130,143,68,83,94,94,173,173,186,186],"floor_reached":19,"playtime":637,"items_purged":["Defend_G"],"score":330,"play_id":"8adb9a83-4739-4b9d-8a8f-1ab85ac7cfb1","local_time":"20190128213845","is_ascension_mode":true,"campfire_choices":[{"data":"Dagger Spray","floor":6,"key":"SMITH"},{"data":"Neutralize","floor":8,"key":"SMITH"},{"data":"Noxious Fumes","floor":15,"key":"SMITH"}],"neow_cost":"NO_GOLD","seed_source_timestamp":810006613334200,"circlet_count":0,"master_deck":["AscendersBane","Defend_G","Defend_G","Defend_G","Defend_G","Strike_G","Strike_G","Strike_G","Strike_G","Strike_G","Survivor","Neutralize+1","Heel Hook","Dagger Spray+1","Noxious Fumes+1","Backflip","Die Die Die","Venomology"],"relics":["Ring of the Snake","Blood Vial","Lizard Tail"],"potions_floor_usage":[4,4,16,18,19],"damage_taken":[{"damage":1,"enemies":"Cultist","floor":1,"turns":4},{"damage":0,"enemies":"2 Louse","floor":2,"turns":4},{"damage":4,"enemies":"Jaw Worm","floor":3,"turns":5},{"damage":1,"enemies":"Looter","floor":4,"turns":3},{"damage":0,"enemies":"3 Louse","floor":7,"turns":2},{"damage":12,"enemies":"Lots of Slimes","floor":10,"turns":4},{"damage":7,"enemies":"Looter","floor":11,"turns":4},{"damage":3,"enemies":"Large Slime","floor":13,"turns":5},{"damage":5,"enemies":"Exordium Thugs","floor":14,"turns":5},{"damage":45,"enemies":"Slime Boss","floor":16,"turns":8},{"damage":42,"enemies":"Spheric Guardian","floor":18,"turns":7},{"damage":6,"enemies":"Colosseum Slavers","floor":19,"turns":2}],"seed_played":"2177951375230895685","potions_obtained":[{"floor":1,"key":"Block Potion"},{"floor":3,"key":"Swift Potion"},{"floor":7,"key":"Dexterity Potion"},{"floor":10,"key":"SpeedPotion"},{"floor":14,"key":"Strength Potion"}],"is_trial":false,"path_per_floor":["M","M","M","M","$","R","M","R","T","M","M","$","M","M","R","B",null,"M","?"],"character_chosen":"THE_SILENT","items_purchased":[],"campfire_rested":0,"item_purchase_floors":[],"current_hp_per_floor":[70,70,66,65,65,65,65,65,65,55,50,50,49,46,46,3,59,19,15],"gold":186,"neow_bonus":"TWENTY_PERCENT_HP_BONUS","is_prod":false,"is_daily":false,"chose_seed":false,"campfire_upgraded":3,"win_rate":0,"timestamp":1548707925,"path_taken":["M","?","M","M","$","R","?","R","T","M","M","$","M","M","R","BOSS","M","?"],"build_version":"2019-01-23","purchased_purges":1,"victory":false,"max_hp_per_floor":[78,78,78,78,78,78,78,78,78,78,78,78,78,78,78,78,78,78,78],"card_choices":[{"not_picked":["Setup","Predator"],"picked":"Heel Hook","floor":1},{"not_picked":["Dodge and Roll","Backflip"],"picked":"Dagger Spray","floor":2},{"not_picked":["All Out Attack","Calculated Gamble"],"picked":"Noxious Fumes","floor":3},{"not_picked":["Masterful Stab","Outmaneuver","Skewer"],"picked":"SKIP","floor":4},{"not_picked":["PiercingWail","Blade Dance","Bane"],"picked":"SKIP","floor":7},{"not_picked":["Cloak And Dagger","Caltrops"],"picked":"Backflip","floor":10},{"not_picked":["Dodge and Roll","Finisher","Cloak And Dagger"],"picked":"SKIP","floor":11},{"not_picked":["PiercingWail","Masterful Stab","Outmaneuver"],"picked":"SKIP","floor":13},{"not_picked":["Cloak And Dagger","Skewer"],"picked":"Die Die Die","floor":14},{"not_picked":["Wraith Form v2","Night Terror"],"picked":"Venomology","floor":16},{"not_picked":["Choke","Deflect+1","PiercingWail"],"picked":"SKIP","floor":18}],"player_experience":1101537,"relics_obtained":[{"floor":9,"key":"Blood Vial"}],"event_choices":[{"damage_healed":0,"gold_gain":0,"player_choice":"Fight","damage_taken":0,"max_hp_gain":0,"max_hp_loss":0,"event_name":"Colosseum","floor":19,"gold_loss":0}],"is_beta":true,"boss_relics":[{"not_picked":["Ectoplasm","Busted Crown"],"picked":"Lizard Tail"}],"items_purged_floors":[12],"is_endless":false,"potions_floor_spawned":[1,3,7,10,14],"killed_by":"Colosseum Slavers","ascension_level":20}