{"gold_per_floor":[119,135,151,116,127,127,162,192,243,243,270,289,289,300,300,398,398,412,412],"floor_reached":19,"playtime":1217,"items_purged":[],"score":270,"play_id":"ad129e7d-8881-49a4-9559-a85525ea1435","local_time":"20190412172613","is_ascension_mode":true,"campfire_choices":[{"data":"Bash","floor":6,"key":"SMITH"},{"floor":13,"key":"REST"},{"data":"Berserk","floor":15,"key":"SMITH"}],"neow_cost":"PERCENT_DAMAGE","seed_source_timestamp":975688399884125,"circlet_count":0,"master_deck":["AscendersBane","Strike_R","Strike_R","Strike_R","Strike_R","Strike_R","Defend_R","Defend_R","Defend_R","Defend_R","Bash+1","Impervious","Cleave","Spot Weakness","Thunderclap","Dropkick","Heavy Blade","Shrug It Off","Berserk+1","Feed","Rampage"],"relics":["Black Blood","Sundial","Smiling Mask","Odd Mushroom"],"potions_floor_usage":[7,16,16],"damage_taken":[{"damage":12,"enemies":"Jaw Worm","floor":1,"turns":5},{"damage":2,"enemies":"2 Louse","floor":2,"turns":3},{"damage":0,"enemies":"Cultist","floor":3,"turns":4},{"damage":20,"enemies":"Looter","floor":5,"turns":4},{"damage":30,"enemies":"3 Sentries","floor":7,"turns":7},{"damage":13,"enemies":"The Mushroom Lair","floor":11,"turns":3},{"damage":16,"enemies":"Blue Slaver","floor":12,"turns":3},{"damage":7,"enemies":"Lots of Slimes","floor":14,"turns":2},{"damage":34,"enemies":"The Guardian","floor":16,"turns":10},{"damage":53,"enemies":"3 Byrds","floor":18,"turns":6},{"damage":35,"enemies":"Colosseum Slavers","floor":19,"turns":2}],"seed_played":"-7930962559750049961","potions_obtained":[{"floor":5,"key":"Fire Potion"},{"floor":11,"key":"SteroidPotion"},{"floor":14,"key":"FearPotion"}],"is_trial":false,"path_per_floor":["M","M","M","?","M","R","E","?","T","?","?","M","R","M","R","B",null,"M","?"],"character_chosen":"IRONCLAD","items_purchased":[],"campfire_rested":1,"item_purchase_floors":[],"current_hp_per_floor":[45,49,55,75,61,61,37,37,37,37,30,20,44,43,43,15,64,24,0],"gold":412,"neow_bonus":"THREE_RARE_CARDS","is_prod":false,"is_daily":false,"chose_seed":false,"campfire_upgraded":2,"win_rate":0,"timestamp":1555068373,"path_taken":["M","M","M","?","M","R","E","?","T","?","?","M","R","M","R","BOSS","M","?"],"build_version":"2019-01-23","purchased_purges":0,"victory":false,"max_hp_per_floor":[80,80,80,80,80,80,80,80,80,80,80,80,80,80,80,80,80,83,83],"card_choices":[{"not_picked":["Dark Embrace","Brutality"],"picked":"Impervious","floor":0},{"not_picked":["Headbutt","Carnage"],"picked":"Cleave","floor":1},{"not_picked":["Clothesline","Thunderclap"],"picked":"Spot Weakness","floor":2},{"not_picked":["Pommel Strike","Twin Strike"],"picked":"Thunderclap","floor":3},{"not_picked":["Clothesline","Armaments"],"picked":"Dropkick","floor":5},{"not_picked":["Burning Pact","Sentinel","Clash"],"picked":"SKIP","floor":7},{"not_picked":["Wild Strike","Feel No Pain"],"picked":"Heavy Blade","floor":11},{"not_picked":["Anger","Sever Soul"],"picked":"Shrug It Off","floor":12},{"not_picked":["Wild Strike","Blood for Blood"],"picked":"Berserk","floor":14},{"not_picked":["Immolate","Juggernaut"],"picked":"Feed","floor":16},{"not_picked":["Twin Strike","Anger"],"picked":"Rampage","floor":18}],"player_experience":1137301,"relics_obtained":[{"floor":7,"key":"Sundial"},{"floor":9,"key":"Smiling Mask"},{"floor":11,"key":"Odd Mushroom"}],"event_choices":[{"damage_healed":20,"gold_gain":0,"player_choice":"Healed","damage_taken":0,"max_hp_gain":0,"max_hp_loss":0,"event_name":"The Cleric","floor":4,"gold_loss":35},{"damage_healed":0,"gold_gain":30,"player_choice":"Searched \u00271\u0027 times","damage_taken":0,"max_hp_gain":0,"max_hp_loss":0,"event_name":"Dead Adventurer","floor":8,"gold_loss":0},{"damage_healed":0,"gold_gain":0,"player_choice":"Fled","damage_taken":0,"max_hp_gain":0,"max_hp_loss":0,"event_name":"Scrap Ooze","floor":10,"gold_loss":0},{"damage_healed":0,"gold_gain":0,"player_choice":"Fought Mushrooms","damage_taken":0,"max_hp_gain":0,"max_hp_loss":0,"event_name":"Mushrooms","floor":11,"gold_loss":0},{"damage_healed":0,"gold_gain":0,"player_choice":"Fight","damage_taken":0,"max_hp_gain":0,"max_hp_loss":0,"event_name":"Colosseum","floor":19,"gold_loss":0}],"is_beta":false,"boss_relics":[{"not_picked":["Black Star","Mark of Pain"],"picked":"Black Blood"}],"items_purged_floors":[],"is_endless":false,"potions_floor_spawned":[5,11,14],"killed_by":"Colosseum Slavers","ascension_level":12}