{"gold_per_floor":[112,112,112,112,112,156,156,199,225,243,266,416,416,439,439,537,537,560,560,560,560,105,138,138,159,159,159],"floor_reached":27,"playtime":653,"items_purged":["Doubt"],"score":574,"play_id":"799d987f-c13a-443c-97ce-498902227077","local_time":"20190428224257","is_ascension_mode":true,"campfire_choices":[{"data":"Bash","floor":7,"key":"SMITH"},{"floor":13,"key":"REST"},{"data":"Demon Form","floor":15,"key":"SMITH"},{"floor":24,"key":"REST"}],"neow_cost":"NONE","seed_source_timestamp":1588929592860100,"circlet_count":0,"master_deck":["AscendersBane","Strike_R","Strike_R+1","Strike_R+1","Strike_R","Defend_R","Defend_R","Bash+1","Twin Strike","Sword Boomerang","Pummel","Shrug It Off","Demon Form+1","Feed","Double Tap+1","Inflame+1","Flame Barrier+1","True Grit"],"relics":["Burning Blood","NeowsBlessing","Magic Flower","Golden Idol","Potion Belt","Blue Candle","Matryoshka","Dream Catcher","PreservedInsect","Astrolabe","Cauldron","Bag of Preparation","Kunai","Oddly Smooth Stone"],"potions_floor_usage":[16,20,20,22,23,23,23,27],"damage_taken":[{"damage":0,"enemies":"Small Slimes","floor":1,"turns":1},{"damage":0,"enemies":"Gremlin Nob","floor":6,"turns":1},{"damage":1,"enemies":"3 Sentries","floor":8,"turns":2},{"damage":10,"enemies":"2 Louse","floor":10,"turns":3},{"damage":8,"enemies":"Jaw Worm","floor":11,"turns":3},{"damage":9,"enemies":"Large Slime","floor":14,"turns":6},{"damage":40,"enemies":"Hexaghost","floor":16,"turns":7},{"damage":46,"enemies":"Spheric Guardian","floor":18,"turns":5},{"damage":20,"enemies":"Colosseum Slavers","floor":20,"turns":5},{"damage":27,"enemies":"Gremlin Leader","floor":23,"turns":5},{"damage":33,"enemies":"2 Thieves","floor":25,"turns":5},{"damage":24,"enemies":"Sentry and Sphere","floor":27,"turns":5}],"seed_played":"-1096574406436154474","potions_obtained":[{"floor":6,"key":"SpeedPotion"},{"floor":14,"key":"GamblersBrew"},{"floor":18,"key":"FearPotion"},{"floor":22,"key":"Fruit Juice"},{"floor":22,"key":"EssenceOfSteel"},{"floor":22,"key":"EssenceOfSteel"},{"floor":22,"key":"SneckoOil"},{"floor":22,"key":"FairyPotion"},{"floor":25,"key":"Dexterity Potion"}],"is_trial":false,"path_per_floor":["M","?","?","?","?","E","R","E","T","M","M","?","R","M","R","B",null,"M","?","?","?","$","E","R","M","T","M"],"character_chosen":"IRONCLAD","items_purchased":["Cauldron","Bag of Preparation"],"campfire_rested":2,"item_purchase_floors":[22,22],"current_hp_per_floor":[74,74,51,25,7,16,16,24,24,23,24,24,46,46,46,15,60,23,23,12,12,17,21,45,21,21,0],"gold":159,"neow_bonus":"THREE_ENEMY_KILL","is_prod":false,"is_daily":false,"chose_seed":false,"campfire_upgraded":2,"win_rate":0,"timestamp":1556484177,"path_taken":["M","?","?","?","?","E","R","E","T","M","?","?","R","M","R","BOSS","M","?","?","?","$","E","R","M","T","M"],"build_version":"2019-04-23","purchased_purges":1,"victory":false,"max_hp_per_floor":[75,75,75,75,75,75,75,75,75,75,75,75,75,75,75,75,75,75,75,75,75,80,80,80,80,80,80],"card_choices":[{"not_picked":["Clash","Evolve"],"picked":"Twin Strike","floor":1},{"not_picked":["Cleave","Heavy Blade"],"picked":"Sword Boomerang","floor":6},{"not_picked":["Wild Strike","Entrench","Perfected Strike"],"picked":"SKIP","floor":8},{"not_picked":["Body Slam","Fire Breathing"],"picked":"Pummel","floor":10},{"not_picked":["True Grit","Rupture"],"picked":"Shrug It Off","floor":11},{"not_picked":["Shrug It Off","Thunderclap"],"picked":"Demon Form","floor":14},{"not_picked":["Demon Form","Double Tap"],"picked":"Feed","floor":16},{"not_picked":["Warcry","Thunderclap","Clothesline"],"picked":"SKIP","floor":18},{"not_picked":["Perfected Strike+1","Thunderclap","Clothesline"],"picked":"SKIP","floor":23},{"not_picked":["Combust","Blood for Blood"],"picked":"True Grit","floor":24},{"not_picked":["Intimidate+1","Sentinel","True Grit"],"picked":"SKIP","floor":25}],"player_experience":1422843,"relics_obtained":[{"floor":6,"key":"Blue Candle"},{"floor":8,"key":"Matryoshka"},{"floor":9,"key":"Dream Catcher"},{"floor":9,"key":"PreservedInsect"},{"floor":23,"key":"Kunai"},{"floor":26,"key":"Oddly Smooth Stone"}],"event_choices":[{"damage_healed":0,"gold_gain":0,"player_choice":"Box","damage_taken":0,"relics_obtained":["Magic Flower"],"max_hp_gain":0,"max_hp_loss":0,"event_name":"Big Fish","floor":2,"gold_loss":0,"cards_obtained":["Regret"]},{"damage_healed":0,"gold_gain":0,"player_choice":"Entered Light","damage_taken":23,"max_hp_gain":0,"max_hp_loss":0,"event_name":"Shining Light","floor":3,"gold_loss":0,"cards_upgraded":["Strike_R","Strike_R"]},{"damage_healed":0,"gold_gain":0,"player_choice":"Take Damage","damage_taken":26,"relics_obtained":["Golden Idol"],"max_hp_gain":0,"max_hp_loss":0,"event_name":"Golden Idol","floor":4,"gold_loss":0},{"damage_healed":0,"gold_gain":0,"player_choice":"Success","damage_taken":18,"relics_obtained":["Potion Belt"],"max_hp_gain":0,"max_hp_loss":0,"event_name":"Scrap Ooze","floor":5,"gold_loss":0},{"damage_healed":0,"gold_gain":150,"player_choice":"AGREE","damage_taken":0,"max_hp_gain":0,"max_hp_loss":0,"event_name":"Liars Game","floor":12,"gold_loss":0,"cards_obtained":["Doubt"]},{"damage_healed":0,"gold_gain":0,"player_choice":"Ignored","damage_taken":0,"max_hp_gain":0,"max_hp_loss":0,"event_name":"Ghosts","floor":19,"gold_loss":0},{"damage_healed":0,"gold_gain":0,"player_choice":"Fight","damage_taken":0,"max_hp_gain":0,"max_hp_loss":0,"event_name":"Colosseum","floor":20,"gold_loss":0},{"damage_healed":0,"gold_gain":0,"player_choice":"Fled From Nobs","damage_taken":0,"max_hp_gain":0,"max_hp_loss":0,"event_name":"Colosseum","floor":20,"gold_loss":0},{"cards_removed":["Regret"],"damage_healed":0,"gold_gain":0,"player_choice":"Elegance","damage_taken":0,"max_hp_gain":0,"max_hp_loss":0,"event_name":"Back to Basics","floor":21,"gold_loss":0}],"is_beta":true,"boss_relics":[{"not_picked":["Sozu","Philosopher\u0027s Stone"],"picked":"Astrolabe"}],"items_purged_floors":[22],"is_endless":false,"potions_floor_spawned":[6,14,18,25],"killed_by":"Sentry and Sphere","ascension_level":20}