{"gold_per_floor":[118,268,268,268,268,268,300,199,224,256,267,267,283,183,183,262,262,280,155,173,23,23,23,38,52,75,88,88,88,104,121,121,197,197,216,236,236,146,126,126,126],"floor_reached":41,"playtime":1043,"items_purged":["Strike_R","Strike_R","Defend_R","Defend_R"],"score":923,"play_id":"df3e3429-641a-4bb7-8278-f22f4dda220c","local_time":"20190430000904","is_ascension_mode":true,"campfire_choices":[{"data":"Bash","floor":6.0,"key":"SMITH"},{"data":"Defend_R","floor":15.0,"key":"SMITH"},{"data":"Demon Form","floor":23.0,"key":"SMITH"},{"floor":29.0,"key":"REST"},{"floor":32.0,"key":"REST"},{"data":"Limit Break","floor":40.0,"key":"SMITH"}],"neow_cost":"NONE","seed_source_timestamp":0,"circlet_count":0,"master_deck":["AscendersBane","Strike_R+1","Strike_R+1","Strike_R+1","Defend_R+1","Defend_R","Bash+1","Heavy Blade+1","Demon Form+1","Shrug It Off","Shrug It Off","Pummel","Shrug It Off+1","Pummel","Twin Strike","Limit Break+1","Shrug It Off","Flame Barrier"],"special_seed":0,"relics":["Burning Blood","NeowsBlessing","Self Forming Clay","Bag of Marbles","Whetstone","Ornamental Fan","Orrery","FaceOfCleric","Strawberry","Snecko Eye"],"potions_floor_usage":[41,41],"damage_taken":[{"damage":0.0,"enemies":"Jaw Worm","floor":1.0,"turns":1.0},{"damage":0.0,"enemies":"3 Sentries","floor":7.0,"turns":2.0},{"damage":0.0,"enemies":"Lagavulin","floor":10.0,"turns":1.0},{"damage":0.0,"enemies":"Small Slimes","floor":11.0,"turns":3.0},{"damage":0.0,"enemies":"2 Louse","floor":13.0,"turns":2.0},{"damage":41.0,"enemies":"The Guardian","floor":16.0,"turns":13.0},{"damage":10.0,"enemies":"Chosen","floor":18.0,"turns":4.0},{"damage":19.0,"enemies":"Shell Parasite","floor":20.0,"turns":8.0},{"damage":3.0,"enemies":"Snecko","floor":24.0,"turns":4.0},{"damage":32.0,"enemies":"Shelled Parasite and Fungi","floor":25.0,"turns":4.0},{"damage":27.0,"enemies":"Cultist and Chosen","floor":27.0,"turns":7.0},{"damage":17.0,"enemies":"3 Cultists","floor":30.0,"turns":5.0},{"damage":6.0,"enemies":"Chosen and Byrds","floor":31.0,"turns":5.0},{"damage":24.0,"enemies":"Champ","floor":33.0,"turns":9.0},{"damage":34.0,"enemies":"3 Darklings","floor":35.0,"turns":4.0},{"damage":5.0,"enemies":"Orb Walker","floor":36.0,"turns":3.0},{"damage":73,"enemies":"Reptomancer","floor":41,"turns":3}],"seed_played":"4291685511590047310","potions_obtained":[{"floor":7.0,"key":"Weak Potion"},{"floor":10.0,"key":"Poison Potion"},{"floor":20.0,"key":"FairyPotion"},{"floor":24.0,"key":"EssenceOfSteel"},{"floor":31.0,"key":"FearPotion"},{"floor":33.0,"key":"BloodPotion"},{"floor":39.0,"key":"SneckoOil"}],"is_trial":false,"path_per_floor":["M","?","?","?","?","R","E","$","T","E","M","T","M","$","R","B",null,"M","$","M","$","?","R","M","M","T","M","?","R","M","M","R","B",null,"M","M","?","$","?","R","E"],"character_chosen":"IRONCLAD","items_purchased":["Heavy Blade","Flame Barrier"],"campfire_rested":2,"item_purchase_floors":[8,38],"current_hp_per_floor":[74,74,69,46,39,39,45,45,45,51,57,57,63,63,63,28,63,59,59,46,46,46,46,50,25,32,12,12,37,27,28,54,37,75,56,58,58,58,58,58,0],"gold":126,"neow_bonus":"THREE_ENEMY_KILL","is_prod":false,"is_daily":false,"chose_seed":false,"campfire_upgraded":4,"win_rate":0,"timestamp":1556575744,"path_taken":["M","?","?","?","?","R","E","$","T","E","?","?","?","?","R","BOSS","M","$","M","$","?","R","M","M","T","?","?","R","M","M","R","BOSS","M","M","?","$","?","R","E"],"build_version":"2019-04-23","purchased_purges":4,"victory":false,"max_hp_per_floor":[75,75,75,75,75,75,75,75,75,75,75,75,75,75,75,75,75,75,75,75,75,75,75,76,77,84,85,85,85,86,87,87,88,88,89,90,90,90,90,90,90],"card_choices":[{"not_picked":["Armaments","Pommel Strike","Body Slam"],"picked":"SKIP","floor":1.0},{"not_picked":["Ghostly Armor","Battle Trance","Thunderclap"],"picked":"SKIP","floor":7.0},{"not_picked":["Seeing Red","Bloodletting","Iron Wave"],"picked":"SKIP","floor":10.0},{"not_picked":["Thunderclap","Fire Breathing","Pommel Strike"],"picked":"SKIP","floor":11.0},{"not_picked":["Iron Wave","Thunderclap","Headbutt"],"picked":"SKIP","floor":13.0},{"not_picked":["Double Tap","Fiend Fire"],"picked":"Demon Form","floor":16.0},{"not_picked":["Havoc","Metallicize"],"picked":"Shrug It Off","floor":17.0},{"not_picked":["Havoc","Flex"],"picked":"Shrug It Off","floor":17.0},{"not_picked":["Reckless Charge","Feel No Pain"],"picked":"Pummel","floor":17.0},{"not_picked":["Anger","Infernal Blade"],"picked":"Shrug It Off+1","floor":18.0},{"not_picked":["Havoc","Hemokinesis","Flex+1"],"picked":"SKIP","floor":20.0},{"not_picked":["Flex","Headbutt","Demon Form"],"picked":"SKIP","floor":24.0},{"not_picked":["Dual Wield","Sword Boomerang"],"picked":"Pummel","floor":25.0},{"not_picked":["Flex","Iron Wave","Hemokinesis"],"picked":"SKIP","floor":27.0},{"not_picked":["Dropkick","Warcry"],"picked":"Twin Strike","floor":30.0},{"not_picked":["Feel No Pain","True Grit","Clothesline+1"],"picked":"SKIP","floor":31.0},{"not_picked":["Offering","Reaper"],"picked":"Limit Break","floor":33.0},{"not_picked":["Warcry","Blood for Blood","Anger"],"picked":"SKIP","floor":35.0},{"not_picked":["Battle Trance","Headbutt"],"picked":"Shrug It Off","floor":36.0}],"player_experience":1425044,"relics_obtained":[{"floor":7.0,"key":"Bag of Marbles"},{"floor":10.0,"key":"Whetstone"},{"floor":12.0,"key":"Ornamental Fan"},{"floor":26.0,"key":"Strawberry"}],"event_choices":[{"damage_healed":0.0,"max_hp_gain":0.0,"max_hp_loss":0.0,"gold_gain":150.0,"event_name":"Liars Game","player_choice":"AGREE","floor":2.0,"gold_loss":0.0,"damage_taken":0.0,"cards_obtained":["Doubt"]},{"damage_healed":0.0,"max_hp_gain":0.0,"max_hp_loss":0.0,"gold_gain":0.0,"event_name":"Scrap Ooze","player_choice":"Success","floor":3.0,"gold_loss":0.0,"damage_taken":5.0,"relics_obtained":["Self Forming Clay"]},{"damage_healed":0.0,"max_hp_gain":0.0,"max_hp_loss":0.0,"gold_gain":0.0,"event_name":"Shining Light","player_choice":"Entered Light","floor":4.0,"gold_loss":0.0,"damage_taken":23.0,"cards_upgraded":["Strike_R","Strike_R"]},{"cards_removed":["Doubt"],"damage_healed":0.0,"max_hp_gain":0.0,"max_hp_loss":0.0,"gold_gain":0.0,"event_name":"Golden Wing","player_choice":"Card Removal","floor":5.0,"gold_loss":0.0,"damage_taken":7.0},{"damage_healed":0.0,"max_hp_gain":0.0,"max_hp_loss":0.0,"gold_gain":0.0,"event_name":"FaceTrader","player_choice":"Trade","floor":22.0,"gold_loss":0.0,"damage_taken":0.0,"relics_obtained":["FaceOfCleric"]},{"damage_healed":0.0,"max_hp_gain":0.0,"max_hp_loss":0.0,"gold_gain":0.0,"event_name":"Ghosts","player_choice":"Ignored","floor":28.0,"gold_loss":0.0,"damage_taken":0.0},{"damage_healed":0.0,"max_hp_gain":0.0,"max_hp_loss":0.0,"gold_gain":0.0,"event_name":"Mysterious Sphere","player_choice":"Ignored","floor":37.0,"gold_loss":0.0,"damage_taken":0.0},{"damage_healed":0.0,"max_hp_gain":0.0,"max_hp_loss":0.0,"gold_gain":0.0,"event_name":"The Woman in Blue","player_choice":"Bought 1 Potion","floor":39.0,"gold_loss":0.0,"damage_taken":0.0}],"is_beta":true,"boss_relics":[{"not_picked":["Eternal Feather","Ectoplasm"],"picked":"Orrery"},{"not_picked":["Tiny House","Cursed Key"],"picked":"Snecko Eye"}],"items_purged_floors":[8,14,19,21],"is_endless":false,"potions_floor_spawned":[7,10,16,20,24,31,33],"killed_by":"Reptomancer","ascension_level":20}