{"gold_per_floor":[117,135,135,154,79,79,99,135,147,159,184,88,114,139,151,256,268,265,295,307,319],"floor_reached":21,"playtime":774,"items_purged":["Doubt"],"score":366,"play_id":"062b760d-e829-4757-b2d9-503f28401705","local_time":"20190201230427","is_ascension_mode":true,"campfire_choices":[{"data":"Neutralize","floor":6,"key":"SMITH"},{"floor":10,"key":"REST"},{"floor":15,"key":"REST"}],"neow_cost":"CURSE","seed_source_timestamp":1160625139449100,"circlet_count":0,"master_deck":["AscendersBane","Defend_G","Defend_G","Defend_G","Defend_G","Strike_G","Strike_G","Strike_G","Strike_G","Survivor","Neutralize+1","Noxious Fumes","Wraith Form v2","Dash","Caltrops+1","Envenom+1","A Thousand Cuts+1","Crippling Poison+1","Dagger Throw"],"relics":["Ring of the Snake","Golden Idol","MawBank","Frozen Egg 2","Turnip","Nloth\u0027s Gift"],"potions_floor_usage":[8,8,14],"damage_taken":[{"damage":3,"enemies":"Jaw Worm","floor":1,"turns":9},{"damage":7,"enemies":"Small Slimes","floor":2,"turns":6},{"damage":7,"enemies":"Cultist","floor":4,"turns":5},{"damage":11,"enemies":"3 Louse","floor":7,"turns":5},{"damage":25,"enemies":"3 Sentries","floor":8,"turns":10},{"damage":2,"enemies":"Red Slaver","floor":11,"turns":4},{"damage":4,"enemies":"Blue Slaver","floor":13,"turns":4},{"damage":3,"enemies":"Lots of Slimes","floor":14,"turns":4},{"damage":32,"enemies":"Hexaghost","floor":16,"turns":10},{"damage":23,"enemies":"2 Thieves","floor":18,"turns":4},{"damage":8,"enemies":"Spheric Guardian","floor":19,"turns":9},{"damage":16,"enemies":"Snake Plant","floor":21,"turns":1}],"seed_played":"9034029700551242929","potions_obtained":[{"floor":2,"key":"Strength Potion"},{"floor":7,"key":"EssenceOfSteel"},{"floor":11,"key":"GhostInAJar"},{"floor":16,"key":"FearPotion"}],"is_trial":false,"path_per_floor":["M","M","?","M","$","R","M","E","T","R","M","?","M","M","R","B",null,"M","M","?","M"],"character_chosen":"THE_SILENT","items_purchased":[],"campfire_rested":2,"item_purchase_floors":[],"current_hp_per_floor":[56,49,49,42,42,42,31,6,6,24,22,22,18,15,33,1,45,22,14,14,0],"gold":319,"neow_bonus":"TRANSFORM_TWO_CARDS","is_prod":false,"is_daily":false,"chose_seed":false,"campfire_upgraded":1,"win_rate":0,"timestamp":1549058667,"path_taken":["M","M","?","M","$","R","M","E","T","R","M","?","M","?","R","BOSS","M","M","?","M"],"build_version":"2019-01-23","purchased_purges":1,"victory":false,"max_hp_per_floor":[66,66,60,60,60,60,60,60,60,60,60,60,60,60,60,60,60,60,60,60,60],"card_choices":[{"not_picked":["Choke","Slice","Finisher"],"picked":"SKIP","floor":1},{"not_picked":["Flechettes","Dagger Throw","Bane"],"picked":"SKIP","floor":2},{"not_picked":["Predator","Dagger Throw","Underhanded Strike"],"picked":"SKIP","floor":4},{"not_picked":["Slice","Flechettes","Outmaneuver"],"picked":"SKIP","floor":7},{"not_picked":["Skewer","Poisoned Stab"],"picked":"Dash","floor":8},{"not_picked":["Slice","Cloak And Dagger","Blade Dance"],"picked":"SKIP","floor":11},{"not_picked":["Deadly Poison","Flying Knee"],"picked":"Caltrops+1","floor":13},{"not_picked":["Dagger Throw","Slice"],"picked":"Envenom+1","floor":14},{"not_picked":["Doppelganger","Wraith Form v2+1"],"picked":"A Thousand Cuts+1","floor":16},{"not_picked":["Deadly Poison","PiercingWail"],"picked":"Crippling Poison+1","floor":18},{"not_picked":["Setup","Prepared"],"picked":"Dagger Throw","floor":19}],"player_experience":1114663,"relics_obtained":[{"floor":8,"key":"MawBank"},{"floor":9,"key":"Frozen Egg 2"}],"event_choices":[{"damage_healed":0,"gold_gain":0,"player_choice":"Lose Max HP","damage_taken":0,"relics_obtained":["Golden Idol"],"max_hp_gain":0,"max_hp_loss":6,"event_name":"Golden Idol","floor":3,"gold_loss":0},{"damage_healed":0,"gold_gain":0,"player_choice":"Paid Gold","damage_taken":0,"relics_obtained":["Turnip"],"max_hp_gain":0,"max_hp_loss":0,"event_name":"WeMeetAgain","floor":12,"gold_loss":108},{"damage_healed":0,"gold_gain":0,"player_choice":"Traded Relic","damage_taken":0,"relics_obtained":["Nloth\u0027s Gift"],"max_hp_gain":0,"max_hp_loss":0,"event_name":"N\u0027loth","floor":20,"relics_lost":["Runic Pyramid"],"gold_loss":0}],"is_beta":true,"boss_relics":[{"not_picked":["Ectoplasm","HoveringKite"],"picked":"Runic Pyramid"}],"items_purged_floors":[5],"is_endless":false,"potions_floor_spawned":[2,7,11,16],"killed_by":"Snake Plant","ascension_level":20}