{"gold_per_floor":[365,248,398,398,398,398,71,120,144,144,161,161,189,214,214,291,291,308,308,328,328,344,344,354,354,354,7,7,7,25,37,37,37],"floor_reached":33,"playtime":904,"items_purged":["Defend_R"],"score":544,"play_id":"5652bc38-1254-4e90-ad45-193f4ba16ea0","local_time":"20181019185003","is_ascension_mode":true,"campfire_choices":[{"data":"Bash","floor":6,"key":"SMITH"},{"floor":10,"key":"REST"},{"data":"Heavy Blade","floor":15,"key":"SMITH"},{"floor":23,"key":"REST"},{"floor":29,"key":"REST"},{"floor":32,"key":"REST"}],"neow_cost":"TEN_PERCENT_HP_LOSS","seed_source_timestamp":772335682760799,"circlet_count":0,"master_deck":["Defend_R","Defend_R","Defend_R","Bash+1","AscendersBane","Power Through+1","Heavy Blade+1","Reaper","Immolate","Uppercut","Bite","Bite","Bite","Bite","Bite","Inflame","Pommel Strike","Dropkick","Twin Strike","Disarm"],"relics":["Burning Blood","Vajra","Bronze Scales","PreservedInsect","Whetstone","Odd Mushroom","Lantern","Fusion Hammer","MutagenicStrength","Red Skull","Kunai","Meat on the Bone"],"potions_floor_usage":[16,16,18,33,33],"damage_taken":[{"damage":4,"enemies":"Jaw Worm","floor":1,"turns":6},{"damage":1,"enemies":"2 Louse","floor":11,"turns":2},{"damage":23,"enemies":"The Mushroom Lair","floor":13,"turns":4},{"damage":0,"enemies":"Lagavulin","floor":14,"turns":3},{"damage":35,"enemies":"The Guardian","floor":16,"turns":12},{"damage":19,"enemies":"Shell Parasite","floor":18,"turns":4},{"damage":12,"enemies":"2 Thieves","floor":20,"turns":3},{"damage":31,"enemies":"Colosseum Slavers","floor":21,"turns":5},{"damage":33,"enemies":"Shelled Parasite and Fungi","floor":22,"turns":4},{"damage":33,"enemies":"Sentry and Sphere","floor":24,"turns":4},{"damage":24,"enemies":"Chosen and Byrds","floor":30,"turns":5},{"damage":0,"enemies":"Snecko","floor":31,"turns":2},{"damage":77,"enemies":"Automaton","floor":33,"turns":6}],"seed_played":"-8732188407283895642","potions_obtained":[{"floor":11,"key":"Dexterity Potion"},{"floor":13,"key":"EssenceOfSteel"},{"floor":16,"key":"Fire Potion"},{"floor":18,"key":"PowerPotion"},{"floor":24,"key":"BloodPotion"},{"floor":31,"key":"Strength Potion"}],"is_trial":false,"path_per_floor":["M","$","?","?","?","R","$","T","T","R","M","?","?","E","R","B",null,"M","?","M","?","M","R","M","?","T","$","T","R","M","M","R"],"character_chosen":"IRONCLAD","items_purchased":["Power Through","Vajra","Bronze Scales","Kunai","Dropkick"],"campfire_rested":4,"item_purchase_floors":[2,7,7,27,27],"current_hp_per_floor":[68,68,68,61,41,41,41,41,41,61,66,56,39,45,45,23,57,51,47,47,28,20,34,17,17,17,17,17,31,30,36,47,0],"gold":37,"neow_bonus":"TWO_FIFTY_GOLD","is_prod":false,"is_daily":false,"chose_seed":false,"campfire_upgraded":2,"win_rate":0,"timestamp":1539967803,"path_taken":["M","$","?","?","?","R","$","?","T","R","M","?","?","E","R","BOSS","M","?","M","?","M","R","M","?","T","?","?","R","M","?","R","BOSS"],"build_version":"2018-10-18","purchased_purges":1,"victory":false,"max_hp_per_floor":[68,68,68,68,68,68,68,68,68,68,68,68,68,68,68,68,68,68,47,47,47,47,47,47,47,47,47,47,47,47,47,47,47],"card_choices":[{"not_picked":["Headbutt","Rupture","Flex"],"picked":"SKIP","floor":1},{"not_picked":["Flex","Body Slam"],"picked":"Heavy Blade","floor":11},{"not_picked":["Anger","Sentinel"],"picked":"Reaper","floor":14},{"not_picked":["Exhume","Berserk"],"picked":"Immolate","floor":16},{"not_picked":["Rage","Clothesline+1"],"picked":"Uppercut","floor":18},{"not_picked":["Wild Strike","Iron Wave","Body Slam+1"],"picked":"SKIP","floor":20},{"not_picked":["Headbutt","Pommel Strike"],"picked":"Inflame","floor":22},{"not_picked":["Clash+1","Anger"],"picked":"Pommel Strike","floor":24},{"not_picked":["Iron Wave","Sever Soul"],"picked":"Twin Strike","floor":30},{"not_picked":["Armaments","Whirlwind"],"picked":"Disarm","floor":31}],"player_experience":841091,"relics_obtained":[{"floor":8,"key":"PreservedInsect"},{"floor":9,"key":"Whetstone"},{"floor":13,"key":"Odd Mushroom"},{"floor":14,"key":"Lantern"},{"floor":26,"key":"Red Skull"},{"floor":28,"key":"Meat on the Bone"}],"event_choices":[{"damage_healed":0,"gold_gain":150,"player_choice":"AGREE","damage_taken":0,"max_hp_gain":0,"max_hp_loss":0,"event_name":"Liars Game","floor":3,"gold_loss":0,"cards_obtained":["Doubt"]},{"cards_removed":["Doubt"],"damage_healed":0,"gold_gain":0,"player_choice":"Card Removal","damage_taken":7,"max_hp_gain":0,"max_hp_loss":0,"event_name":"Golden Wing","floor":4,"gold_loss":0},{"damage_healed":0,"gold_gain":0,"player_choice":"Entered Light","damage_taken":20,"max_hp_gain":0,"max_hp_loss":0,"event_name":"Shining Light","floor":5,"gold_loss":0,"cards_upgraded":["Strike_R","Power Through"]},{"damage_healed":0,"gold_gain":0,"player_choice":"Damaged","damage_taken":10,"max_hp_gain":0,"max_hp_loss":0,"event_name":"Wheel of Change","floor":12,"gold_loss":0},{"damage_healed":0,"gold_gain":0,"player_choice":"Fought Mushrooms","damage_taken":0,"max_hp_gain":0,"max_hp_loss":0,"event_name":"Mushrooms","floor":13,"gold_loss":0},{"damage_healed":0,"gold_gain":0,"player_choice":"Became a vampire","damage_taken":0,"max_hp_gain":0,"max_hp_loss":21,"event_name":"Vampires","floor":19,"gold_loss":0,"cards_obtained":["Bite","Bite","Bite","Bite","Bite"]},{"damage_healed":0,"gold_gain":0,"player_choice":"Fight","damage_taken":0,"max_hp_gain":0,"max_hp_loss":0,"event_name":"Colosseum","floor":21,"gold_loss":0},{"damage_healed":0,"gold_gain":0,"player_choice":"Fled From Nobs","damage_taken":0,"max_hp_gain":0,"max_hp_loss":0,"event_name":"Colosseum","floor":21,"gold_loss":0},{"damage_healed":0,"gold_gain":0,"player_choice":"Inject Mutagens","damage_taken":0,"relics_obtained":["MutagenicStrength"],"max_hp_gain":0,"max_hp_loss":0,"event_name":"Drug Dealer","floor":25,"gold_loss":0}],"is_beta":true,"boss_relics":[{"not_picked":["Runic Pyramid","Orrery"],"picked":"Fusion Hammer"}],"items_purged_floors":[2],"is_endless":false,"potions_floor_spawned":[11,13,16,18,24,31],"killed_by":"Automaton","ascension_level":19}