{"gold_per_floor":[114,114,126,41,41,70,70,87,111,111,143,155,155,176,176,254,254,274,164,182,182,107,107,123,123,123,123,134,134],"floor_reached":29,"playtime":622,"items_purged":["Strike_R"],"score":612,"play_id":"436dda81-8dea-46a3-9f42-f4b786db22c6","local_time":"20190402001803","is_ascension_mode":true,"campfire_choices":[{"data":"Inflame","floor":7,"key":"SMITH"},{"floor":13,"key":"REST"},{"data":"Uppercut","floor":15,"key":"SMITH"},{"floor":23,"key":"REST"},{"data":"Limit Break","floor":25,"key":"SMITH"},{"data":"Heavy Blade","floor":27,"key":"SMITH"}],"neow_cost":"NONE","seed_source_timestamp":1033189707098500,"circlet_count":0,"master_deck":["AscendersBane","Strike_R","Strike_R","Strike_R+1","Defend_R","Defend_R","Bash","Uppercut+1","Inflame+1","Heavy Blade+1","Shrug It Off","Shrug It Off","Sword Boomerang","Limit Break+1","Wild Strike+1","Pommel Strike+1","Flame Barrier+1","Shrug It Off"],"relics":["Burning Blood","NeowsBlessing","Blue Candle","Pocketwatch","Oddly Smooth Stone","Regal Pillow","Happy Flower","Odd Mushroom","Astrolabe","Shuriken"],"potions_floor_usage":[11,16,29],"damage_taken":[{"damage":0,"enemies":"Cultist","floor":1,"turns":1},{"damage":0,"enemies":"2 Louse","floor":3,"turns":1},{"damage":0,"enemies":"3 Sentries","floor":6,"turns":2},{"damage":7,"enemies":"Small Slimes","floor":8,"turns":3},{"damage":51,"enemies":"Gremlin Nob","floor":11,"turns":5},{"damage":22,"enemies":"Gremlin Gang","floor":12,"turns":5},{"damage":7,"enemies":"The Mushroom Lair","floor":14,"turns":4},{"damage":1,"enemies":"Slime Boss","floor":16,"turns":5},{"damage":25,"enemies":"Shell Parasite","floor":18,"turns":3},{"damage":27,"enemies":"Spheric Guardian","floor":20,"turns":4},{"damage":9,"enemies":"Centurion and Healer","floor":24,"turns":5},{"damage":20,"enemies":"Snake Plant","floor":28,"turns":4},{"damage":50,"enemies":"Slavers","floor":29,"turns":5}],"seed_played":"-5925930719974763507","potions_obtained":[{"floor":1,"key":"LiquidBronze"},{"floor":6,"key":"GamblersBrew"},{"floor":14,"key":"Strength Potion"},{"floor":28,"key":"EssenceOfSteel"}],"is_trial":false,"path_per_floor":["M","T","M","$","?","E","R","M","T","?","E","M","R","?","R","B",null,"M","?","M","?","$","R","M","R","T","R","M","E"],"character_chosen":"IRONCLAD","items_purchased":["Inflame"],"campfire_rested":2,"item_purchase_floors":[4],"current_hp_per_floor":[74,74,75,75,75,75,75,74,74,74,29,13,50,49,49,54,70,51,51,30,30,30,67,64,64,64,64,50,0],"gold":134,"neow_bonus":"THREE_ENEMY_KILL","is_prod":false,"is_daily":false,"chose_seed":false,"campfire_upgraded":4,"win_rate":0,"timestamp":1554157083,"path_taken":["M","?","M","$","?","E","R","M","T","?","E","?","R","?","R","BOSS","M","?","?","?","$","R","M","R","T","R","M","E"],"build_version":"2019-03-15","purchased_purges":1,"victory":false,"max_hp_per_floor":[75,75,75,75,75,75,75,75,75,75,75,75,75,75,75,75,75,75,75,75,75,75,75,75,75,75,75,75,75],"card_choices":[{"not_picked":["True Grit","Pommel Strike"],"picked":"Uppercut","floor":1},{"not_picked":["Dual Wield","Cleave","Body Slam"],"picked":"SKIP","floor":3},{"not_picked":["Feel No Pain","Armaments"],"picked":"Heavy Blade","floor":6},{"not_picked":["Heavy Blade","Reaper"],"picked":"Shrug It Off","floor":8},{"not_picked":["Wild Strike","Flex"],"picked":"Shrug It Off","floor":11},{"not_picked":["Combust","Spot Weakness","Rampage"],"picked":"SKIP","floor":12},{"not_picked":["Clash","Reckless Charge"],"picked":"Sword Boomerang","floor":14},{"not_picked":["Brutality","Feed"],"picked":"Limit Break","floor":16},{"not_picked":["Flex","Shockwave","Fire Breathing"],"picked":"SKIP","floor":18},{"not_picked":["Rage","Iron Wave","Corruption+1"],"picked":"SKIP","floor":20},{"not_picked":["Whirlwind","Twin Strike"],"picked":"Shrug It Off","floor":24},{"not_picked":["Searing Blow","Havoc+1","Uppercut"],"picked":"SKIP","floor":28}],"player_experience":1321735,"relics_obtained":[{"floor":2,"key":"Blue Candle"},{"floor":6,"key":"Oddly Smooth Stone"},{"floor":9,"key":"Regal Pillow"},{"floor":11,"key":"Happy Flower"},{"floor":14,"key":"Odd Mushroom"},{"floor":26,"key":"Shuriken"}],"event_choices":[{"damage_healed":0,"gold_gain":0,"player_choice":"Box","damage_taken":0,"relics_obtained":["Pocketwatch"],"max_hp_gain":0,"max_hp_loss":0,"event_name":"Big Fish","floor":5,"gold_loss":0,"cards_obtained":["Regret"]},{"damage_healed":0,"gold_gain":0,"player_choice":"Got Potions","damage_taken":0,"max_hp_gain":0,"max_hp_loss":0,"event_name":"Lab","floor":10,"gold_loss":0},{"damage_healed":0,"gold_gain":0,"player_choice":"Fought Mushrooms","damage_taken":0,"max_hp_gain":0,"max_hp_loss":0,"event_name":"Mushrooms","floor":14,"gold_loss":0},{"cards_removed":["Regret"],"damage_healed":0,"gold_gain":0,"player_choice":"Upgrade and Remove","damage_taken":0,"max_hp_gain":0,"max_hp_loss":0,"event_name":"Designer","floor":19,"gold_loss":110,"cards_upgraded":["Strike_R"]},{"damage_healed":0,"gold_gain":0,"player_choice":"Ignored","damage_taken":0,"max_hp_gain":0,"max_hp_loss":0,"event_name":"Ghosts","floor":21,"gold_loss":0}],"is_beta":true,"boss_relics":[{"not_picked":["Black Star","Pandora\u0027s Box"],"picked":"Astrolabe"}],"items_purged_floors":[22],"is_endless":false,"potions_floor_spawned":[1,6,8,14,28],"killed_by":"Slavers","ascension_level":20}