{"gold_per_floor":[118,193,207,207,222,222,40,40,40,52,52,67,79,79,79,158,158,172,148,162,162,182,182,182],"floor_reached":24,"playtime":723,"items_purged":[],"score":380,"play_id":"a7fd630c-488b-4b5f-a693-77ba2caa185f","local_time":"20190106201326","is_ascension_mode":true,"campfire_choices":[{"data":"Bash","floor":6,"key":"SMITH"},{"data":"Pommel Strike","floor":8,"key":"SMITH"},{"data":"Twin Strike","floor":11,"key":"SMITH"},{"data":"Warcry","floor":15,"key":"SMITH"},{"floor":23,"key":"REST"}],"neow_cost":"TEN_PERCENT_HP_LOSS","seed_source_timestamp":510834280284700,"circlet_count":0,"master_deck":["AscendersBane","Strike_R","Strike_R","Strike_R","Strike_R","Strike_R","Defend_R","Defend_R","Defend_R","Bash+1","Warcry+1","Twin Strike+1","Pommel Strike+1","Shrug It Off","Demon Form","Spot Weakness","Clumsy"],"relics":["Burning Blood","Thread and Needle","Tiny Chest","Self Forming Clay","Boot","Cursed Key","Bag of Marbles"],"potions_floor_usage":[13,13,22],"damage_taken":[{"damage":4,"enemies":"Small Slimes","floor":1,"turns":4},{"damage":7,"enemies":"Jaw Worm","floor":3,"turns":5},{"damage":2,"enemies":"Cultist","floor":5,"turns":3},{"damage":0,"enemies":"Red Slaver","floor":10,"turns":3},{"damage":2,"enemies":"Exordium Wildlife","floor":12,"turns":4},{"damage":1,"enemies":"Gremlin Gang","floor":13,"turns":4},{"damage":36,"enemies":"The Guardian","floor":16,"turns":14},{"damage":14,"enemies":"Chosen","floor":18,"turns":5},{"damage":13,"enemies":"2 Thieves","floor":19,"turns":4},{"damage":5,"enemies":"Centurion and Healer","floor":20,"turns":4},{"damage":20,"enemies":"3 Cultists","floor":22,"turns":5},{"damage":56,"enemies":"Book of Stabbing","floor":24,"turns":4}],"seed_played":"5796205680625678367","potions_obtained":[{"floor":3,"key":"AttackPotion"},{"floor":5,"key":"GamblersBrew"},{"floor":19,"key":"Fire Potion"}],"is_trial":false,"path_per_floor":["M","?","M","?","M","R","$","R","T","M","R","M","M","T","R","B",null,"M","M","M","T","M","R","E"],"character_chosen":"IRONCLAD","items_purchased":["Tiny Chest","Shrug It Off"],"campfire_rested":1,"item_purchase_floors":[7,7],"current_hp_per_floor":[68,57,56,56,60,60,60,60,60,66,66,68,68,68,68,38,61,53,46,47,47,33,53,0],"gold":182,"neow_bonus":"ONE_RARE_RELIC","is_prod":false,"is_daily":false,"chose_seed":false,"campfire_upgraded":4,"win_rate":0,"timestamp":1546802006,"path_taken":["M","?","M","?","?","R","?","R","T","M","R","M","M","?","R","BOSS","M","?","M","?","?","R","E"],"build_version":"2019-01-03v4","purchased_purges":0,"victory":false,"max_hp_per_floor":[68,68,68,68,68,68,68,68,68,68,68,68,68,68,68,68,68,68,68,68,68,68,68,68],"card_choices":[{"not_picked":["Intimidate","Heavy Blade"],"picked":"Warcry","floor":1},{"not_picked":["Clothesline","Anger"],"picked":"Twin Strike","floor":3},{"not_picked":["Sever Soul","Wild Strike"],"picked":"Pommel Strike","floor":5},{"not_picked":["Clash","Flex","Heavy Blade"],"picked":"SKIP","floor":10},{"not_picked":["Body Slam","Iron Wave","Clothesline"],"picked":"SKIP","floor":12},{"not_picked":["Metallicize","Thunderclap","Rage"],"picked":"SKIP","floor":13},{"not_picked":["Offering","Juggernaut"],"picked":"Demon Form","floor":16},{"not_picked":["Thunderclap","Headbutt+1","Pommel Strike"],"picked":"SKIP","floor":18},{"not_picked":["Body Slam","Pommel Strike"],"picked":"Spot Weakness","floor":19},{"not_picked":["Pommel Strike","Infernal Blade+1","Warcry"],"picked":"SKIP","floor":20},{"not_picked":["Sentinel","Pommel Strike","Flex"],"picked":"SKIP","floor":22}],"player_experience":1021122,"relics_obtained":[{"floor":9,"key":"Self Forming Clay"},{"floor":14,"key":"Boot"},{"floor":21,"key":"Bag of Marbles"}],"event_choices":[{"damage_healed":0,"gold_gain":75,"player_choice":"Gather Gold","damage_taken":11,"max_hp_gain":0,"max_hp_loss":0,"event_name":"World of Goop","floor":2,"gold_loss":0},{"cards_removed":["Defend_R"],"damage_healed":0,"gold_gain":0,"player_choice":"Offered Basic","damage_taken":0,"max_hp_gain":0,"max_hp_loss":0,"event_name":"Bonfire Elementals","floor":4,"gold_loss":0}],"is_beta":true,"boss_relics":[{"not_picked":["Empty Cage","Coffee Dripper"],"picked":"Cursed Key"}],"items_purged_floors":[],"is_endless":false,"potions_floor_spawned":[3,5,10,19],"killed_by":"Book of Stabbing","ascension_level":20}