{"gold_per_floor":[13,13,13,13,31,60,80,111,111,186,212,67,81,96,96,198,198,213,230,230,246,264,296,296,324,324,324,339,438,438,448,448,544,544,564,564,612,628,639,668,682,682,682,713,713,713,190,203,203,203,203,203,0,25,25],"floor_reached":55,"playtime":2614,"items_purged":["Feel No Pain"],"score":877,"play_id":"e119f79d-0f06-4496-b6d3-24de31525e9f","local_time":"20190311001039","is_ascension_mode":false,"campfire_choices":[{"floor":15,"key":"REST"},{"floor":24,"key":"REST"},{"floor":32,"key":"REST"},{"data":"Demon Form","floor":42,"key":"SMITH"},{"data":"Heavy Blade","floor":45,"key":"SMITH"},{"floor":49,"key":"RECALL"},{"data":"Bash","floor":52,"key":"SMITH"}],"neow_cost":"NO_GOLD","seed_source_timestamp":725122822001100,"circlet_count":0,"master_deck":["Bash+1","Shrug It Off+1","Shrug It Off","Sword Boomerang","Offering","Heavy Blade+1","Shrug It Off+1","Evolve+1","Inflame","Demon Form+1","Pommel Strike+1","Wild Strike+1","Impervious+1","Inflame","Reckless Charge+1","Power Through","Headbutt+1","Rage","Shrug It Off+1","Flame Barrier+1"],"relics":["Burning Blood","Mummified Hand","Lantern","Shuriken","Odd Mushroom","PreservedInsect","Mark of Pain","Molten Egg 2","Unceasing Top","Self Forming Clay","Pandora\u0027s Box","Mango","Strawberry","Singing Bowl","Darkstone Periapt","StoneCalendar","Ancient Tea Set","Oddly Smooth Stone","War Paint"],"potions_floor_usage":[11,19,23,28,33,33,33,50,50,55],"damage_taken":[{"damage":6,"enemies":"Cultist","floor":1,"turns":3},{"damage":0,"enemies":"Jaw Worm","floor":5,"turns":4},{"damage":32,"enemies":"3 Sentries","floor":6,"turns":12},{"damage":0,"enemies":"Small Slimes","floor":7,"turns":3},{"damage":34,"enemies":"Gremlin Nob","floor":8,"turns":5},{"damage":15,"enemies":"The Mushroom Lair","floor":11,"turns":3},{"damage":1,"enemies":"2 Fungi Beasts","floor":13,"turns":3},{"damage":5,"enemies":"Looter","floor":14,"turns":3},{"damage":42,"enemies":"The Guardian","floor":16,"turns":14},{"damage":24,"enemies":"Shell Parasite","floor":18,"turns":6},{"damage":12,"enemies":"2 Thieves","floor":19,"turns":3},{"damage":38,"enemies":"Centurion and Healer","floor":21,"turns":9},{"damage":10,"enemies":"Cultist and Chosen","floor":22,"turns":7},{"damage":11,"enemies":"Book of Stabbing","floor":23,"turns":3},{"damage":10,"enemies":"Gremlin Leader","floor":25,"turns":5},{"damage":10,"enemies":"Snecko","floor":28,"turns":5},{"damage":11,"enemies":"Shelled Parasite and Fungi","floor":31,"turns":5},{"damage":57,"enemies":"Automaton","floor":33,"turns":11},{"damage":6,"enemies":"3 Darklings","floor":35,"turns":4},{"damage":18,"enemies":"2 Orb Walkers","floor":37,"turns":4},{"damage":3,"enemies":"3 Shapes","floor":38,"turns":4},{"damage":18,"enemies":"Jaw Worm Horde","floor":39,"turns":3},{"damage":0,"enemies":"Nemesis","floor":40,"turns":5},{"damage":18,"enemies":"3 Darklings","floor":41,"turns":5},{"damage":6,"enemies":"Reptomancer","floor":44,"turns":5},{"damage":6,"enemies":"Maw","floor":48,"turns":6},{"damage":40,"enemies":"Time Eater","floor":50,"turns":9},{"damage":7,"enemies":"Shield and Spear","floor":54,"turns":4},{"damage":146,"enemies":"The Heart","floor":55,"turns":11}],"seed_played":"3706027289331737529","potions_obtained":[{"floor":5,"key":"EssenceOfSteel"},{"floor":6,"key":"Fire Potion"},{"floor":16,"key":"Swift Potion"},{"floor":22,"key":"PowerPotion"},{"floor":25,"key":"Block Potion"},{"floor":28,"key":"Explosive Potion"},{"floor":31,"key":"Dexterity Potion"},{"floor":37,"key":"AttackPotion"},{"floor":38,"key":"FairyPotion"},{"floor":40,"key":"Poison Potion"}],"is_trial":false,"path_per_floor":["M","$","?","$","M","E","M","E","T","?","?","$","M","M","R","B",null,"M","M","?","M","M","E","R","E","T","?","M","?","?","M","R","B",null,"M","?","?","M","M","E","M","R","T","E","R","?","$","M","R","B",null,"R","$","E","B"],"character_chosen":"IRONCLAD","items_purchased":["PreservedInsect","StoneCalendar","Ancient Tea Set","Oddly Smooth Stone","Poison Potion"],"campfire_rested":3,"item_purchase_floors":[12,47,47,53,53],"current_hp_per_floor":[96,96,77,77,83,57,63,35,35,24,15,15,20,21,49,13,96,78,72,53,21,17,12,42,38,38,38,34,34,34,29,59,8,101,101,96,98,101,89,102,90,90,90,92,92,94,94,96,96,62,123,123,123,122,0],"gold":25,"neow_bonus":"TWENTY_PERCENT_HP_BONUS","is_prod":false,"is_daily":false,"chose_seed":false,"campfire_upgraded":3,"win_rate":0,"timestamp":1552259439,"path_taken":["M","?","?","?","M","E","M","E","T","?","?","?","M","M","R","BOSS","M","M","?","M","M","E","R","E","T","?","M","?","?","M","R","BOSS","M","?","?","M","M","E","M","R","T","E","R","?","$","M","R","BOSS","R","$","E","BOSS"],"build_version":"2019-02-06","purchased_purges":1,"victory":false,"max_hp_per_floor":[96,96,96,96,96,96,96,96,96,96,96,96,96,96,96,96,96,96,96,101,101,101,101,101,101,101,101,101,101,101,101,101,101,101,101,96,110,110,110,117,117,117,117,119,119,121,121,123,123,123,123,123,123,123,123],"card_choices":[{"not_picked":["Pommel Strike","Entrench"],"picked":"Shrug It Off","floor":1},{"not_picked":["Warcry","Wild Strike"],"picked":"Shrug It Off","floor":5},{"not_picked":["Cleave","Flame Barrier"],"picked":"Sword Boomerang","floor":6},{"not_picked":["Armaments","Clash"],"picked":"Offering","floor":7},{"not_picked":["Rage","Pommel Strike"],"picked":"Heavy Blade","floor":8},{"not_picked":["Thunderclap","Blood for Blood","Twin Strike"],"picked":"SKIP","floor":13},{"not_picked":["Armaments","Shrug It Off","Whirlwind"],"picked":"SKIP","floor":14},{"not_picked":["Body Slam","Carnage","Rupture"],"picked":"SKIP","floor":18},{"not_picked":["Iron Wave","Headbutt"],"picked":"Shrug It Off","floor":19},{"not_picked":["Spot Weakness","Iron Wave"],"picked":"Evolve+1","floor":21},{"not_picked":["Offering","Carnage","Havoc"],"picked":"SKIP","floor":22},{"not_picked":["Flex","Perfected Strike+1"],"picked":"Inflame","floor":23},{"not_picked":["Shockwave","Pommel Strike+1","Clash+1"],"picked":"SKIP","floor":25},{"not_picked":["Twin Strike+1","Fiend Fire+1","Headbutt+1"],"picked":"SKIP","floor":28},{"not_picked":["Seeing Red","Pommel Strike+1","Fire Breathing"],"picked":"SKIP","floor":31},{"not_picked":["Double Tap","Brutality"],"picked":"Demon Form","floor":33},{"not_picked":["Headbutt+1","Disarm+1"],"picked":"Shrug It Off+1","floor":35},{"not_picked":["Iron Wave+1","Twin Strike+1","Combust+1"],"picked":"SKIP","floor":38},{"not_picked":["Clothesline+1","Uppercut+1","Cleave+1"],"picked":"SKIP","floor":39},{"not_picked":["Bludgeon+1","Spot Weakness","Blood for Blood+1"],"picked":"SKIP","floor":40},{"not_picked":["Sword Boomerang+1","Iron Wave+1","Headbutt+1"],"picked":"SKIP","floor":41},{"not_picked":["Heavy Blade+1","Cleave+1","Ghostly Armor+1"],"picked":"Singing Bowl","floor":44},{"not_picked":["Master of Strategy","Sadistic Nature","Chrysalis"],"picked":"Singing Bowl","floor":46},{"not_picked":["Clothesline+1","True Grit","Shockwave"],"picked":"Singing Bowl","floor":48},{"not_picked":["Pommel Strike+1","Cleave+1"],"picked":"Flame Barrier+1","floor":54}],"player_experience":1245416,"relics_obtained":[{"floor":6,"key":"Mummified Hand"},{"floor":8,"key":"Lantern"},{"floor":9,"key":"Shuriken"},{"floor":11,"key":"Odd Mushroom"},{"floor":23,"key":"Molten Egg 2"},{"floor":25,"key":"Unceasing Top"},{"floor":37,"key":"Mango"},{"floor":40,"key":"Strawberry"},{"floor":43,"key":"Singing Bowl"},{"floor":44,"key":"Darkstone Periapt"},{"floor":54,"key":"War Paint"}],"event_choices":[{"damage_healed":0,"gold_gain":0,"player_choice":"Entered Light","damage_taken":19,"max_hp_gain":0,"max_hp_loss":0,"event_name":"Shining Light","floor":3,"gold_loss":0,"cards_upgraded":["Strike_R","Shrug It Off"]},{"damage_healed":0,"gold_gain":75,"player_choice":"Gather Gold","damage_taken":11,"max_hp_gain":0,"max_hp_loss":0,"event_name":"World of Goop","floor":10,"gold_loss":0},{"damage_healed":0,"gold_gain":0,"player_choice":"Fought Mushrooms","damage_taken":0,"max_hp_gain":0,"max_hp_loss":0,"event_name":"Mushrooms","floor":11,"gold_loss":0},{"damage_healed":0,"gold_gain":0,"player_choice":"Shed Blood","damage_taken":24,"max_hp_gain":5,"max_hp_loss":0,"event_name":"Forgotten Altar","floor":20,"gold_loss":0},{"damage_healed":0,"gold_gain":0,"player_choice":"Ignored","damage_taken":0,"max_hp_gain":0,"max_hp_loss":0,"event_name":"Ghosts","floor":27,"gold_loss":0},{"damage_healed":0,"gold_gain":99,"player_choice":"Stole From Cult","damage_taken":0,"max_hp_gain":0,"max_hp_loss":0,"event_name":"Nest","floor":29,"gold_loss":0},{"damage_healed":0,"gold_gain":0,"player_choice":"Opened","damage_taken":0,"relics_obtained":["Self Forming Clay"],"max_hp_gain":0,"max_hp_loss":0,"event_name":"The Mausoleum","floor":30,"gold_loss":0},{"damage_healed":0,"gold_gain":0,"player_choice":"Max HP","damage_taken":0,"max_hp_gain":0,"max_hp_loss":5,"event_name":"Winding Halls","floor":36,"gold_loss":0},{"damage_healed":0,"gold_gain":0,"player_choice":"Fight","damage_taken":0,"max_hp_gain":0,"max_hp_loss":0,"event_name":"Mysterious Sphere","floor":37,"gold_loss":0},{"damage_healed":0,"gold_gain":0,"player_choice":"Memory 1","damage_taken":0,"max_hp_gain":0,"max_hp_loss":0,"event_name":"SensoryStone","floor":46,"gold_loss":0}],"is_beta":true,"boss_relics":[{"not_picked":["Fusion Hammer","Eternal Feather"],"picked":"Mark of Pain"},{"not_picked":["White Beast Statue","Snecko Eye"],"picked":"Pandora\u0027s Box"}],"items_purged_floors":[47],"is_endless":false,"potions_floor_spawned":[5,6,16,22,25,28,31,37,38,40],"killed_by":"The Heart","ascension_level":0}