{"gold_per_floor":[111,111,8,8,19,19,49,49,75,75,93,168,82,113,113,184,184,204,204,104,118,118,118,0,35,111,111,140,156,156,167,167,239,239,255,255,274,274,294,294,306,306,331,331,37,48,67,67,67,67],"floor_reached":50,"playtime":1985,"items_purged":["Regret","Decay","Bite"],"score":1097,"play_id":"b405d8d5-b529-4585-b491-2b1f86315b44","local_time":"20190326001505","is_ascension_mode":true,"campfire_choices":[{"data":"Bash","floor":6,"key":"SMITH"},{"data":"Sword Boomerang","floor":8,"key":"SMITH"},{"floor":10,"key":"RECALL"},{"data":"Defend_R","floor":15,"key":"SMITH"},{"floor":27,"key":"REST"},{"floor":30,"key":"REST"},{"data":"Bite","floor":32,"key":"SMITH"},{"data":"Limit Break","floor":40,"key":"SMITH"},{"data":"Heavy Blade","floor":42,"key":"SMITH"},{"floor":44,"key":"REST"},{"floor":49,"key":"REST"}],"neow_cost":"NONE","seed_source_timestamp":430415341739000,"circlet_count":0,"master_deck":["AscendersBane","Defend_R+1","Defend_R","Defend_R+1","Defend_R+1","Bash+1","Sword Boomerang+1","Uppercut+1","Feed","Bite","Bite","Bite","Bite+1","Dropkick","Limit Break+1","Heavy Blade+1","Shrug It Off+1"],"relics":["Burning Blood","NeowsBlessing","Orichalcum","Red Skull","War Paint","Whetstone","Velvet Choker","Shuriken","Pear","Bag of Preparation","Orrery","Oddly Smooth Stone"],"potions_floor_usage":[14,25,28,33,39,39,50],"damage_taken":[{"damage":0,"enemies":"2 Louse","floor":1,"turns":1},{"damage":0,"enemies":"Jaw Worm","floor":5,"turns":1},{"damage":0,"enemies":"Gremlin Nob","floor":7,"turns":1},{"damage":4,"enemies":"Small Slimes","floor":11,"turns":2},{"damage":24,"enemies":"Lagavulin","floor":14,"turns":5},{"damage":21,"enemies":"The Guardian","floor":16,"turns":12},{"damage":16,"enemies":"Shell Parasite","floor":18,"turns":5},{"damage":10,"enemies":"Chosen","floor":21,"turns":5},{"damage":62,"enemies":"Slavers","floor":25,"turns":5},{"damage":27,"enemies":"Gremlin Leader","floor":28,"turns":7},{"damage":35,"enemies":"Shelled Parasite and Fungi","floor":29,"turns":3},{"damage":12,"enemies":"Cultist and Chosen","floor":31,"turns":5},{"damage":19,"enemies":"Champ","floor":33,"turns":7},{"damage":15,"enemies":"Orb Walker","floor":35,"turns":3},{"damage":23,"enemies":"3 Shapes","floor":37,"turns":8},{"damage":34,"enemies":"Jaw Worm Horde","floor":39,"turns":5},{"damage":22,"enemies":"4 Shapes","floor":41,"turns":10},{"damage":36,"enemies":"Maw","floor":46,"turns":7},{"damage":23,"enemies":"Transient","floor":47,"turns":6},{"damage":93,"enemies":"Donu and Deca","floor":50,"turns":5}],"seed_played":"5828852531682970011","potions_obtained":[{"floor":1,"key":"AttackPotion"},{"floor":16,"key":"LiquidBronze"},{"floor":21,"key":"PowerPotion"},{"floor":29,"key":"PowerPotion"},{"floor":31,"key":"Energy Potion"},{"floor":37,"key":"Block Potion"},{"floor":41,"key":"Strength Potion"},{"floor":47,"key":"Swift Potion"}],"is_trial":false,"path_per_floor":["M","?","$","?","M","R","E","R","T","R","M","?","$","E","R","B",null,"M","?","$","M","?","?","?","E","T","R","E","M","R","M","R","B",null,"M","?","M","?","M","R","M","R","T","R","$","M","M","?","R","B"],"character_chosen":"IRONCLAD","items_purchased":["Sword Boomerang","Uppercut","Oddly Smooth Stone"],"campfire_rested":4,"item_purchase_floors":[3,13,45],"current_hp_per_floor":[74,74,74,74,75,75,75,75,75,75,75,64,64,46,46,31,64,57,57,57,56,56,56,56,12,22,41,44,30,50,61,61,72,72,68,68,58,58,48,48,47,47,47,69,69,55,53,53,75,0],"gold":67,"neow_bonus":"THREE_ENEMY_KILL","is_prod":false,"is_daily":false,"chose_seed":false,"campfire_upgraded":6,"win_rate":0,"timestamp":1553555705,"path_taken":["M","?","?","?","M","R","E","R","T","R","M","?","$","E","R","BOSS","M","?","$","M","?","?","?","E","T","R","E","M","R","M","R","BOSS","M","?","M","?","M","R","M","R","T","R","$","M","M","?","R","BOSS"],"build_version":"2019-03-15","purchased_purges":3,"victory":false,"max_hp_per_floor":[75,75,75,75,75,75,75,75,75,75,75,75,75,75,75,75,75,78,78,78,81,81,56,56,56,66,66,66,69,69,72,72,72,72,72,72,72,72,72,72,75,75,75,75,75,75,75,75,75,75],"card_choices":[{"not_picked":["Evolve","Infernal Blade","Dual Wield"],"picked":"SKIP","floor":1},{"not_picked":["Cleave","Perfected Strike","Armaments"],"picked":"SKIP","floor":5},{"not_picked":["Body Slam","True Grit","Carnage"],"picked":"SKIP","floor":7},{"not_picked":["Rupture","Fire Breathing","Wild Strike"],"picked":"SKIP","floor":11},{"not_picked":["Battle Trance","Iron Wave","Bloodletting"],"picked":"SKIP","floor":14},{"not_picked":["Brutality","Double Tap"],"picked":"Feed","floor":16},{"not_picked":["Pommel Strike","Clash","Cleave+1"],"picked":"SKIP","floor":18},{"not_picked":["Bloodletting","True Grit","Pommel Strike"],"picked":"SKIP","floor":21},{"not_picked":["Blood for Blood","Bludgeon","Power Through+1"],"picked":"SKIP","floor":25},{"not_picked":["Bloodletting","Fiend Fire"],"picked":"Dropkick","floor":28},{"not_picked":["Metallicize","Shockwave","Warcry"],"picked":"SKIP","floor":29},{"not_picked":["Anger","Reckless Charge","Wild Strike"],"picked":"SKIP","floor":31},{"not_picked":["Bludgeon","Dark Embrace"],"picked":"Limit Break","floor":33},{"not_picked":["Anger","Infernal Blade"],"picked":"Heavy Blade","floor":34},{"not_picked":["Body Slam","Pummel"],"picked":"Shrug It Off","floor":34},{"not_picked":["Cleave+1","Perfected Strike","Flex+1"],"picked":"SKIP","floor":35},{"not_picked":["Blood for Blood","Iron Wave","Thunderclap+1"],"picked":"SKIP","floor":37},{"not_picked":["Headbutt","Perfected Strike","Infernal Blade"],"picked":"SKIP","floor":39},{"not_picked":["Searing Blow+1","True Grit","Flex"],"picked":"SKIP","floor":41},{"not_picked":["Heavy Blade","Sword Boomerang","Carnage"],"picked":"SKIP","floor":46},{"not_picked":["Metallicize","Second Wind","Fiend Fire"],"picked":"SKIP","floor":47}],"player_experience":1282623,"relics_obtained":[{"floor":7,"key":"Red Skull"},{"floor":9,"key":"War Paint"},{"floor":14,"key":"Whetstone"},{"floor":25,"key":"Shuriken"},{"floor":26,"key":"Pear"},{"floor":28,"key":"Bag of Preparation"}],"event_choices":[{"damage_healed":0,"gold_gain":0,"player_choice":"Box","damage_taken":0,"relics_obtained":["Orichalcum"],"max_hp_gain":0,"max_hp_loss":0,"event_name":"Big Fish","floor":2,"gold_loss":0,"cards_obtained":["Regret"]},{"damage_healed":0,"gold_gain":0,"player_choice":"Leave","damage_taken":0,"max_hp_gain":0,"max_hp_loss":0,"event_name":"The Cleric","floor":4,"gold_loss":0},{"damage_healed":0,"gold_gain":75,"player_choice":"Gather Gold","damage_taken":11,"max_hp_gain":0,"max_hp_loss":0,"event_name":"World of Goop","floor":12,"gold_loss":0},{"damage_healed":0,"gold_gain":0,"player_choice":"Smashed Altar","damage_taken":0,"max_hp_gain":0,"max_hp_loss":0,"event_name":"Forgotten Altar","floor":19,"gold_loss":0,"cards_obtained":["Decay"]},{"damage_healed":0,"gold_gain":0,"player_choice":"Ignored","damage_taken":0,"max_hp_gain":0,"max_hp_loss":0,"event_name":"Cursed Tome","floor":22,"gold_loss":0},{"damage_healed":0,"gold_gain":0,"player_choice":"Became a vampire","damage_taken":0,"max_hp_gain":0,"max_hp_loss":25,"event_name":"Vampires","floor":23,"gold_loss":0,"cards_obtained":["Bite","Bite","Bite","Bite","Bite"]},{"damage_healed":0,"gold_gain":0,"player_choice":"Paid Fearfully","damage_taken":0,"max_hp_gain":0,"max_hp_loss":0,"event_name":"Masked Bandits","floor":24,"gold_loss":118},{"damage_healed":0,"gold_gain":0,"player_choice":"Ignored","damage_taken":0,"max_hp_gain":0,"max_hp_loss":0,"event_name":"Mysterious Sphere","floor":36,"gold_loss":0},{"damage_healed":0,"gold_gain":0,"player_choice":"Memory 1","damage_taken":0,"max_hp_gain":0,"max_hp_loss":0,"event_name":"SensoryStone","floor":38,"gold_loss":0},{"damage_healed":0,"gold_gain":0,"player_choice":"Upgraded","damage_taken":0,"max_hp_gain":0,"max_hp_loss":0,"event_name":"Upgrade Shrine","floor":48,"gold_loss":0,"cards_upgraded":["Shrug It Off"]}],"is_beta":true,"boss_relics":[{"not_picked":["Busted Crown","Pandora\u0027s Box"],"picked":"Velvet Choker"},{"not_picked":["Black Star","White Beast Statue"],"picked":"Orrery"}],"items_purged_floors":[3,20,45],"is_endless":false,"potions_floor_spawned":[1,16,21,29,31,37,41,47],"killed_by":"Donu and Deca","ascension_level":20}