{"gold_per_floor":[119,130,148,298,36,36,111,126,153,153,166,166,195,211,211,211],"floor_reached":16,"playtime":583,"items_purged":[],"score":204,"play_id":"8b48b938-a261-495b-bd5a-28d722690c70","local_time":"20190421081659","is_ascension_mode":true,"campfire_choices":[{"data":"Zap","floor":6.0,"key":"SMITH"},{"data":"Barrage","floor":10.0,"key":"SMITH"},{"data":"Loop","floor":12,"key":"SMITH"},{"data":"Go for the Eyes","floor":15,"key":"SMITH"}],"neow_cost":"NONE","seed_source_timestamp":217828037848434,"circlet_count":0,"master_deck":["AscendersBane","Strike_B","Strike_B","Strike_B","Strike_B","Defend_B","Defend_B","Defend_B","Defend_B","Zap+1","Dualcast","Self Repair","Barrage+1","Capacitor","Doubt","Loop+1","Go for the Eyes+1"],"special_seed":0,"relics":["Cracked Core","Juzu Bracelet","Meat on the Bone","Ancient Tea Set","Strawberry"],"potions_floor_usage":[11,13],"damage_taken":[{"damage":1.0,"enemies":"Cultist","floor":1.0,"turns":3.0},{"damage":11.0,"enemies":"Small Slimes","floor":2.0,"turns":4.0},{"damage":2.0,"enemies":"2 Louse","floor":3.0,"turns":3.0},{"damage":24.0,"enemies":"Blue Slaver","floor":8.0,"turns":5.0},{"damage":14,"enemies":"Large Slime","floor":11,"turns":5},{"damage":40,"enemies":"Gremlin Nob","floor":13,"turns":5},{"damage":18,"enemies":"2 Fungi Beasts","floor":14,"turns":4},{"damage":53,"enemies":"Slime Boss","floor":16,"turns":6}],"seed_played":"-8215775787931953627","potions_obtained":[{"floor":1.0,"key":"Ancient Potion"},{"floor":3.0,"key":"Fire Potion"}],"is_trial":false,"path_per_floor":["M","M","M","?","$","R","?","M","T","R","M","R","E","M","R","B"],"character_chosen":"DEFECT","items_purchased":["Meat on the Bone"],"campfire_rested":0,"item_purchase_floors":[5],"current_hp_per_floor":[63,59,64,64,64,64,53,48,48,48,53,53,39,40,40,0],"gold":211,"neow_bonus":"RANDOM_COMMON_RELIC","is_prod":false,"is_daily":false,"chose_seed":false,"campfire_upgraded":4,"win_rate":0,"timestamp":1555856219,"path_taken":["M","M","M","?","$","R","?","M","T","R","M","R","E","M","R","BOSS"],"build_version":"2019-04-04","purchased_purges":0,"victory":false,"max_hp_per_floor":[71,71,71,71,71,71,71,71,71,71,71,71,78,78,78,78],"card_choices":[{"not_picked":["Hello World","Sweeping Beam"],"picked":"Self Repair","floor":1.0},{"not_picked":["Blizzard","Hologram"],"picked":"Barrage","floor":2.0},{"not_picked":["Blizzard","Leap"],"picked":"Capacitor","floor":3.0},{"not_picked":["White Noise","Beam Cell","Turbo"],"picked":"SKIP","floor":8.0},{"not_picked":["Conserve Battery","Genetic Algorithm"],"picked":"Loop","floor":11},{"not_picked":["Steam","Blizzard","Redo"],"picked":"SKIP","floor":13},{"not_picked":["BootSequence","Scrape"],"picked":"Go for the Eyes","floor":14}],"player_experience":2943378,"relics_obtained":[{"floor":9.0,"key":"Ancient Tea Set"},{"floor":13,"key":"Strawberry"}],"event_choices":[{"damage_healed":0.0,"max_hp_gain":0.0,"max_hp_loss":0.0,"gold_gain":150.0,"event_name":"Liars Game","player_choice":"AGREE","floor":4.0,"gold_loss":0.0,"damage_taken":0.0,"cards_obtained":["Doubt"]},{"damage_healed":0.0,"max_hp_gain":0.0,"max_hp_loss":0.0,"gold_gain":75.0,"event_name":"World of Goop","player_choice":"Gather Gold","floor":7.0,"gold_loss":0.0,"damage_taken":11.0}],"is_beta":true,"boss_relics":[],"items_purged_floors":[],"is_endless":false,"potions_floor_spawned":[1,3,8],"killed_by":"Slime Boss","ascension_level":20}