{"path_per_floor":["M","?","M","$","?","E","?","E","T","E","M","R","?","M","R","B",null,"M","?","?","?","M","R"],"character_chosen":"THE_SILENT","items_purchased":["Noxious Fumes"],"gold_per_floor":[117,192,210,57,57,90,90,116,165,195,210,210,210,235,235,354,354,379,379,379,379,402,402,402],"floor_reached":24,"campfire_rested":0,"playtime":1286,"item_purchase_floors":[4],"current_hp_per_floor":[70,59,59,59,59,31,31,17,17,7,19,19,19,19,19,2,65,51,51,51,35,25,25,26],"items_purged":["Strike_G"],"gold":402,"score":244,"play_id":"b6e3efc9-d3b0-4339-9952-3f17ce2f17e6","local_time":"20180623173530","is_prod":false,"is_daily":false,"chose_seed":false,"is_ascension_mode":true,"campfire_upgraded":3,"win_rate":0,"timestamp":1529800530,"campfire_choices":[{"data":"Backflip","floor":12,"key":"SMITH"},{"data":"Malaise","floor":15,"key":"SMITH"},{"data":"Glass Knife","floor":23,"key":"SMITH"}],"path_taken":["M","?","?","$","?","E","?","E","T","E","?","R","?","M","R","BOSS","M","?","?","?","?","R","M"],"build_version":"2018-06-11","seed_source_timestamp":161727634793180,"purchased_purges":1,"victory":false,"master_deck":["Defend_G","Defend_G","Defend_G","Defend_G","Defend_G","Strike_G+1","Strike_G+1","Strike_G","Survivor","Neutralize","Deflect","Malaise+1","Noxious Fumes+1","Heel Hook","Dagger Spray","Backflip+1","Concentrate","Glass Knife+1","Footwork","Footwork+1"],"max_hp_per_floor":[70,70,70,70,70,70,70,70,70,70,70,70,65,65,65,65,65,65,65,65,65,65,65,65],"special_seed":0,"relics":["Ring of the Snake","Anchor","Pen Nib","Bottled Flame","Whetstone","Letter Opener","Golden Idol","Lizard Tail","Nilry\u0027s Codex"],"card_choices":[{"not_picked":["Well Laid Plans","Dagger Throw"],"picked":"Deflect","floor":1},{"not_picked":["Deflect","Distraction"],"picked":"Malaise","floor":3},{"not_picked":["Choke","Backstab"],"picked":"Dagger Spray","floor":6},{"not_picked":["Sucker Punch","Venomology"],"picked":"Backflip","floor":8},{"not_picked":["Sucker Punch","Acrobatics","Poisoned Stab"],"picked":"SKIP","floor":10},{"not_picked":["Poisoned Stab","Dagger Throw","Dagger Spray"],"picked":"SKIP","floor":11},{"not_picked":["Eviscerate","Well Laid Plans"],"picked":"Concentrate","floor":14},{"not_picked":["Grand Finale","Envenom"],"picked":"Glass Knife","floor":16},{"not_picked":["Predator+1","Deadly Poison+1","Well Laid Plans"],"picked":"SKIP","floor":18},{"not_picked":["Crippling Poison","All Out Attack"],"picked":"Footwork+1","floor":22}],"player_experience":154994,"potions_floor_usage":[8,11,16,24],"damage_taken":[{"damage":0,"enemies":"Small Slimes","floor":1,"turns":5},{"damage":0,"enemies":"Jaw Worm","floor":3,"turns":5},{"damage":28,"enemies":"Lagavulin","floor":6,"turns":9},{"damage":14,"enemies":"3 Sentries","floor":8,"turns":7},{"damage":10,"enemies":"Lagavulin","floor":10,"turns":9},{"damage":0,"enemies":"Cultist","floor":11,"turns":4},{"damage":0,"enemies":"3 Louse","floor":14,"turns":3},{"damage":17,"enemies":"The Guardian","floor":16,"turns":10},{"damage":14,"enemies":"3 Byrds","floor":18,"turns":4},{"damage":10,"enemies":"2 Thieves","floor":22,"turns":5},{"damage":43,"enemies":"Centurion and Healer","floor":24,"turns":6}],"relics_obtained":[{"floor":6,"key":"Pen Nib"},{"floor":8,"key":"Bottled Flame"},{"floor":9,"key":"Whetstone"},{"floor":10,"key":"Letter Opener"},{"floor":21,"key":"Nilry\u0027s Codex"}],"event_choices":[{"event_name":"World of Goop","player_choice":"Gather Gold","floor":2,"damage_taken":0},{"event_name":"Transmorgrifier","player_choice":"Transform","floor":5,"damage_taken":0},{"event_name":"Living Wall","player_choice":"Grow","floor":7,"damage_taken":0},{"event_name":"Golden Idol","player_choice":"Lose Max HP","floor":13,"damage_taken":0},{"event_name":"The Library","player_choice":"Read","floor":19,"damage_taken":0},{"event_name":"Drug Dealer","player_choice":"Ignored","floor":20,"damage_taken":0},{"event_name":"Cursed Tome","player_choice":"Obtained Book","floor":21,"damage_taken":0}],"boss_relics":[{"not_picked":["Eternal Feather","Astrolabe"],"picked":"Lizard Tail"}],"items_purged_floors":[4],"potions_floor_spawned":[6,8,10,14],"seed_played":"-8962777539146610342","killed_by":"Centurion and Healer","ascension_level":3,"potions_obtained":[{"floor":6,"key":"SpeedPotion"},{"floor":8,"key":"GamblersBrew"},{"floor":10,"key":"Regen Potion"},{"floor":14,"key":"SkillPotion"}],"is_trial":false}