{"gold_per_floor":[18,30,30,30,44,44,60,60,60,85,85,85,106,106,106,201,264,279,295,295],"floor_reached":20,"playtime":640,"items_purged":[],"score":332,"play_id":"adfdfd7b-3852-422c-a075-6a267d7443a2","local_time":"20190103210952","is_ascension_mode":true,"campfire_choices":[{"data":"Dualcast","floor":6,"key":"SMITH"},{"data":"Zap","floor":8,"key":"SMITH"},{"data":"Conserve Battery","floor":15,"key":"SMITH"}],"neow_cost":"NO_GOLD","seed_source_timestamp":255080524632900,"circlet_count":0,"master_deck":["AscendersBane","Strike_B","Strike_B","Strike_B","Defend_B","Zap+1","Dualcast+1","Doom and Gloom","FTL+1","Conserve Battery+1","Ball Lightning","Conserve Battery","Conserve Battery","Creative AI","Cold Snap","Go for the Eyes"],"relics":["Cracked Core","Golden Idol","Omamori","Pantograph","Tiny House"],"potions_floor_usage":[16,18,20],"damage_taken":[{"damage":1,"enemies":"Cultist","floor":1,"turns":3},{"damage":4,"enemies":"Jaw Worm","floor":2,"turns":3},{"damage":3,"enemies":"Small Slimes","floor":5,"turns":3},{"damage":2,"enemies":"3 Louse","floor":7,"turns":3},{"damage":0,"enemies":"Lots of Slimes","floor":10,"turns":2},{"damage":0,"enemies":"2 Fungi Beasts","floor":13,"turns":3},{"damage":60,"enemies":"Hexaghost","floor":16,"turns":9},{"damage":15,"enemies":"3 Byrds","floor":18,"turns":5},{"damage":21,"enemies":"Spheric Guardian","floor":19,"turns":5},{"damage":32,"enemies":"3 Cultists","floor":20,"turns":3}],"seed_played":"-156191466061468079","potions_obtained":[{"floor":1,"key":"SpeedPotion"},{"floor":13,"key":"FearPotion"},{"floor":16,"key":"Regen Potion"},{"floor":19,"key":"Fire Potion"}],"is_trial":false,"path_per_floor":["M","M","?","$","M","R","M","R","T","M","?","?","M","?","R","B",null,"M","M","M"],"character_chosen":"DEFECT","items_purchased":[],"campfire_rested":0,"item_purchase_floors":[],"current_hp_per_floor":[63,59,59,59,56,56,54,54,54,54,54,47,47,47,47,4,54,53,32,0],"gold":295,"neow_bonus":"REMOVE_TWO","is_prod":false,"is_daily":false,"chose_seed":false,"campfire_upgraded":3,"win_rate":0,"timestamp":1546546192,"path_taken":["M","M","?","$","M","R","M","R","T","M","?","?","M","?","R","BOSS","M","M","?"],"build_version":"2019-01-02","purchased_purges":0,"victory":false,"max_hp_per_floor":[71,71,64,64,64,64,64,64,64,64,64,64,64,64,64,64,69,69,69,69],"card_choices":[{"not_picked":["Double Energy","Hello World"],"picked":"Doom and Gloom","floor":1},{"not_picked":["Turbo","Steam"],"picked":"FTL","floor":2},{"not_picked":["Go for the Eyes","Stack"],"picked":"Conserve Battery","floor":5},{"not_picked":["Loop","Steam"],"picked":"Ball Lightning","floor":7},{"not_picked":["Barrage","Redo"],"picked":"Conserve Battery","floor":10},{"not_picked":["Heatsinks","Leap"],"picked":"Conserve Battery","floor":13},{"not_picked":["Hyperbeam","Biased Cognition"],"picked":"Creative AI","floor":16},{"not_picked":["Turbo","Steam"],"picked":"Cold Snap","floor":17},{"not_picked":["Leap+1","Force Field"],"picked":"Go for the Eyes","floor":18},{"not_picked":["Beam Cell","Leap","Scrape"],"picked":"SKIP","floor":19}],"player_experience":1007952,"relics_obtained":[{"floor":9,"key":"Omamori"}],"event_choices":[{"damage_healed":0,"gold_gain":0,"player_choice":"Lose Max HP","damage_taken":0,"relics_obtained":["Golden Idol"],"max_hp_gain":0,"max_hp_loss":7,"event_name":"Golden Idol","floor":3,"gold_loss":0},{"damage_healed":0,"gold_gain":0,"player_choice":"Box","damage_taken":0,"relics_obtained":["Pantograph"],"max_hp_gain":0,"max_hp_loss":0,"event_name":"Big Fish","floor":11,"gold_loss":0,"cards_obtained":["Regret"]},{"cards_removed":["Defend_B"],"damage_healed":0,"gold_gain":0,"player_choice":"Card Removal","damage_taken":7,"max_hp_gain":0,"max_hp_loss":0,"event_name":"Golden Wing","floor":12,"gold_loss":0},{"cards_removed":["Defend_B"],"damage_healed":0,"gold_gain":0,"player_choice":"Purged","damage_taken":0,"max_hp_gain":0,"max_hp_loss":0,"event_name":"Purifier","floor":14,"gold_loss":0}],"is_beta":true,"boss_relics":[{"not_picked":["Runic Pyramid","Ectoplasm"],"picked":"Tiny House"}],"items_purged_floors":[],"is_endless":false,"potions_floor_spawned":[1,13,16,19],"killed_by":"3 Cultists","ascension_level":20}