{"gold_per_floor":[367,41,56,75,94,94,125,25,25,55,55],"floor_reached":11,"playtime":334,"items_purged":["Defend_R","Defend_R"],"score":83,"play_id":"25d47834-941c-4517-92ae-d6e7bbd814ed","local_time":"20190307162005","is_ascension_mode":false,"campfire_choices":[{"data":"Bash","floor":6,"key":"SMITH"}],"neow_cost":"PERCENT_DAMAGE","seed_source_timestamp":439953456955800,"circlet_count":0,"master_deck":["Strike_R","Strike_R","Strike_R","Strike_R","Strike_R","Defend_R","Defend_R","Bash+1","Shrug It Off","Demon Form"],"relics":["Burning Blood","Question Card","Unceasing Top","Pantograph","Bottled Lightning"],"potions_floor_usage":[10,10,10],"damage_taken":[{"damage":1,"enemies":"Cultist","floor":1,"turns":3},{"damage":2,"enemies":"Small Slimes","floor":3,"turns":3},{"damage":0,"enemies":"Jaw Worm","floor":4,"turns":3},{"damage":14,"enemies":"3 Louse","floor":5,"turns":5},{"damage":36,"enemies":"Gremlin Nob","floor":7,"turns":5},{"damage":30,"enemies":"Lagavulin","floor":10,"turns":6},{"damage":10,"enemies":"Gremlin Gang","floor":11,"turns":4}],"seed_played":"468748580439393376","potions_obtained":[{"floor":1,"key":"Weak Potion"},{"floor":5,"key":"FearPotion"},{"floor":7,"key":"Weak Potion"}],"is_trial":false,"path_per_floor":["M","$","M","M","M","R","E","$","T","E","M"],"character_chosen":"IRONCLAD","items_purchased":["Question Card"],"campfire_rested":0,"item_purchase_floors":[2],"current_hp_per_floor":[61,61,65,71,63,63,33,33,33,9,0],"gold":55,"neow_bonus":"TWO_FIFTY_GOLD","is_prod":false,"is_daily":false,"chose_seed":false,"campfire_upgraded":1,"win_rate":0,"timestamp":1551972005,"path_taken":["M","$","M","M","M","R","E","$","T","E","M"],"build_version":"2019-02-06","purchased_purges":2,"victory":false,"max_hp_per_floor":[80,80,80,80,80,80,80,80,80,80,80],"card_choices":[{"not_picked":["Disarm","Hemokinesis"],"picked":"Shrug It Off","floor":1},{"not_picked":["Anger","Perfected Strike","Reckless Charge","Metallicize"],"picked":"SKIP","floor":3},{"not_picked":["Wild Strike","Anger","Perfected Strike","Rampage"],"picked":"SKIP","floor":4},{"not_picked":["Wild Strike","Anger","Perfected Strike","Rampage"],"picked":"SKIP","floor":4},{"not_picked":["Evolve","Rampage","Warcry","Reckless Charge"],"picked":"SKIP","floor":5},{"not_picked":["Bloodletting","Disarm","Wild Strike","Battle Trance"],"picked":"SKIP","floor":7},{"not_picked":["Metallicize","Havoc","Clothesline"],"picked":"Demon Form","floor":10}],"player_experience":1229273,"relics_obtained":[{"floor":7,"key":"Unceasing Top"},{"floor":9,"key":"Pantograph"},{"floor":10,"key":"Bottled Lightning"}],"event_choices":[],"is_beta":true,"boss_relics":[],"items_purged_floors":[2,8],"is_endless":false,"potions_floor_spawned":[1,5,7],"killed_by":"Gremlin Gang","ascension_level":0}