{"gold_per_floor":[109,109,109,119,44,44,61,90,163,163,63,63,83,107,107,202,202,216,230,230,243,118,118,135,135,135,135,135,135,155,5,5,105,105,123,223,48,59,70,70,70,70,70,70,89,107,141,157,157,157],"floor_reached":51,"playtime":1774,"items_purged":["Havoc","Defend_R","Defend_R","Strike_R","Intimidate+1"],"score":750,"play_id":"ce84802e-7826-46f9-b2a8-a85c2af5b280","local_time":"20190211000459","is_ascension_mode":false,"campfire_choices":[{"data":"Bash","floor":6.0,"key":"SMITH"},{"data":"Strike_R","floor":12.0,"key":"SMITH"},{"floor":15.0,"key":"REST"},{"data":"Shrug It Off","floor":23.0,"key":"SMITH"},{"data":"Intimidate","floor":27.0,"key":"SMITH"},{"data":"Strike_R","floor":29.0,"key":"SMITH"},{"floor":32.0,"key":"REST"},{"data":"Strike_R+1","floor":40.0,"key":"PURGE"},{"floor":42.0,"key":"REST"},{"floor":49,"key":"REST"}],"neow_cost":"PERCENT_DAMAGE","seed_source_timestamp":0,"circlet_count":0,"master_deck":["Strike_R+1","Bash+1","Dropkick+1","Shrug It Off+1","Dropkick+1"],"special_seed":0,"relics":["Burning Blood","Ancient Tea Set","Matryoshka","Odd Mushroom","Runic Pyramid","Blood Vial","Strawberry","MutagenicStrength","White Beast Statue","Peace Pipe","Toxic Egg 2","Gremlin Horn","Mango"],"potions_floor_usage":[50,50,50],"damage_taken":[{"damage":1.0,"enemies":"Jaw Worm","floor":1.0,"turns":5.0},{"damage":0.0,"enemies":"Small Slimes","floor":4.0,"turns":3.0},{"damage":0.0,"enemies":"2 Louse","floor":7.0,"turns":3.0},{"damage":26.0,"enemies":"Lagavulin","floor":8.0,"turns":6.0},{"damage":0.0,"enemies":"2 Fungi Beasts","floor":13.0,"turns":2.0},{"damage":25.0,"enemies":"The Mushroom Lair","floor":14.0,"turns":4.0},{"damage":49.0,"enemies":"Hexaghost","floor":16.0,"turns":7.0},{"damage":20.0,"enemies":"Shell Parasite","floor":18.0,"turns":3.0},{"damage":2.0,"enemies":"2 Thieves","floor":19.0,"turns":3.0},{"damage":21.0,"enemies":"3 Cultists","floor":21.0,"turns":5.0},{"damage":0.0,"enemies":"Cultist and Chosen","floor":24.0,"turns":4.0},{"damage":18.0,"enemies":"Colosseum Slavers","floor":25.0,"turns":5.0},{"damage":0.0,"enemies":"Shelled Parasite and Fungi","floor":30.0,"turns":4.0},{"damage":64.0,"enemies":"Automaton","floor":33.0,"turns":12.0},{"damage":7.0,"enemies":"Orb Walker","floor":35.0,"turns":2.0},{"damage":3.0,"enemies":"Mind Bloom Boss Battle","floor":36.0,"turns":6.0},{"damage":38.0,"enemies":"3 Darklings","floor":38.0,"turns":9.0},{"damage":14.0,"enemies":"Jaw Worm Horde","floor":39.0,"turns":5.0},{"damage":7.0,"enemies":"4 Shapes","floor":45.0,"turns":5.0},{"damage":0.0,"enemies":"Transient","floor":46.0,"turns":5.0},{"damage":6.0,"enemies":"Giant Head","floor":47.0,"turns":7.0},{"damage":17.0,"enemies":"Jaw Worm Horde","floor":48.0,"turns":3.0},{"damage":33,"enemies":"Donu and Deca","floor":50,"turns":5}],"seed_played":"-5059088715981785673","potions_obtained":[{"floor":1.0,"key":"PowerPotion"},{"floor":7.0,"key":"Energy Potion"},{"floor":13.0,"key":"Fire Potion"},{"floor":16.0,"key":"Swift Potion"},{"floor":19.0,"key":"Block Potion"},{"floor":21.0,"key":"SkillPotion"},{"floor":33.0,"key":"FearPotion"},{"floor":35.0,"key":"SteroidPotion"},{"floor":36.0,"key":"Strength Potion"},{"floor":38.0,"key":"Dexterity Potion"},{"floor":39.0,"key":"Energy Potion"},{"floor":46.0,"key":"PowerPotion"},{"floor":47.0,"key":"SkillPotion"},{"floor":48.0,"key":"Poison Potion"}],"is_trial":false,"path_per_floor":["M","?","?","M","$","R","M","E","T","?","$","R","M","?","R","B",null,"M","M","?","M","$","R","M","?","T","R","?","R","M","$","R","B",null,"M","?","$","M","M","R","?","R","T","?","M","M","E","M","R","B",null],"character_chosen":"IRONCLAD","items_purchased":[],"campfire_rested":4,"item_purchase_floors":[],"current_hp_per_floor":[61,45,71,77,77,77,80,60,60,53,53,53,59,40,64,21,80,66,70,70,55,55,55,61,49,56,56,56,56,64,64,87,29,87,86,87,87,55,49,49,49,73,73,73,74,82,97,86,97,70],"gold":157,"neow_bonus":"TRANSFORM_TWO_CARDS","is_prod":false,"is_daily":false,"chose_seed":false,"campfire_upgraded":5,"win_rate":0,"timestamp":1549839899,"path_taken":["M","?","?","M","?","R","M","E","T","?","$","R","M","?","R","BOSS","M","M","?","M","$","R","M","?","T","R","?","R","M","$","R","BOSS","M","?","$","M","M","R","?","R","T","?","?","M","E","M","R","BOSS"],"build_version":"2019-02-06","purchased_purges":5,"victory":true,"max_hp_per_floor":[80,80,80,80,80,80,80,80,80,80,80,80,80,80,80,80,80,80,80,80,80,80,80,80,80,87,87,87,87,87,87,87,87,87,87,87,87,87,87,87,83,83,83,83,83,83,97,97,97,97],"card_choices":[{"not_picked":["Rupture","Wild Strike"],"picked":"Dropkick","floor":1.0},{"not_picked":["Inflame","Sever Soul","Heavy Blade"],"picked":"SKIP","floor":4.0},{"not_picked":["Disarm","Combust","Body Slam"],"picked":"SKIP","floor":7.0},{"not_picked":["Rampage","Rupture","Whirlwind"],"picked":"SKIP","floor":8.0},{"not_picked":["Armaments","Anger","Heavy Blade"],"picked":"SKIP","floor":13.0},{"not_picked":["Dual Wield","Body Slam"],"picked":"Shrug It Off","floor":18.0},{"not_picked":["Burning Pact","Hemokinesis","Corruption"],"picked":"SKIP","floor":19.0},{"not_picked":["Carnage","Rage","Armaments"],"picked":"SKIP","floor":21.0},{"not_picked":["Intimidate","True Grit","Havoc"],"picked":"SKIP","floor":24.0},{"not_picked":["Whirlwind","Entrench","Anger+1"],"picked":"SKIP","floor":30.0},{"not_picked":["Pummel","Pommel Strike+1","Battle Trance"],"picked":"SKIP","floor":35.0},{"not_picked":["Perfected Strike+1","Iron Wave+1","Flex+1"],"picked":"SKIP","floor":38.0},{"not_picked":["Armaments+1","Pummel+1","Heavy Blade+1"],"picked":"SKIP","floor":39.0},{"not_picked":["Burning Pact+1","Sentinel+1","Carnage"],"picked":"SKIP","floor":45.0},{"not_picked":["Anger","Inflame+1","Clothesline"],"picked":"SKIP","floor":46.0},{"not_picked":["Havoc+1","Sword Boomerang","Second Wind+1"],"picked":"SKIP","floor":47.0},{"not_picked":["Thunderclap","True Grit+1","Pommel Strike+1"],"picked":"SKIP","floor":48.0}],"player_experience":1146141,"relics_obtained":[{"floor":8.0,"key":"Ancient Tea Set"},{"floor":9.0,"key":"Matryoshka"},{"floor":14.0,"key":"Odd Mushroom"},{"floor":26.0,"key":"Blood Vial"},{"floor":26.0,"key":"Strawberry"},{"floor":36.0,"key":"Peace Pipe"},{"floor":43.0,"key":"Toxic Egg 2"},{"floor":43.0,"key":"Gremlin Horn"},{"floor":47.0,"key":"Mango"}],"event_choices":[{"damage_healed":0.0,"max_hp_gain":0.0,"max_hp_loss":0.0,"gold_gain":0.0,"event_name":"Shining Light","player_choice":"Entered Light","floor":2.0,"gold_loss":0.0,"damage_taken":16.0,"cards_upgraded":["Strike_R","Dropkick"]},{"damage_healed":26.0,"max_hp_gain":0.0,"max_hp_loss":0.0,"gold_gain":0.0,"event_name":"Big Fish","player_choice":"Banana","floor":3.0,"gold_loss":0.0,"damage_taken":0.0},{"cards_removed":["Defend_R"],"damage_healed":0.0,"max_hp_gain":0.0,"max_hp_loss":0.0,"gold_gain":0.0,"event_name":"Golden Wing","player_choice":"Card Removal","floor":10.0,"gold_loss":0.0,"damage_taken":7.0},{"damage_healed":0.0,"max_hp_gain":0.0,"max_hp_loss":0.0,"gold_gain":0.0,"event_name":"Mushrooms","player_choice":"Fought Mushrooms","floor":14.0,"gold_loss":0.0,"damage_taken":0.0},{"damage_healed":0.0,"max_hp_gain":0.0,"max_hp_loss":0.0,"gold_gain":0.0,"event_name":"The Mausoleum","player_choice":"Ignored","floor":20.0,"gold_loss":0.0,"damage_taken":0.0},{"damage_healed":0.0,"max_hp_gain":0.0,"max_hp_loss":0.0,"gold_gain":0.0,"event_name":"Colosseum","player_choice":"Fight","floor":25.0,"gold_loss":0.0,"damage_taken":0.0},{"damage_healed":0.0,"max_hp_gain":0.0,"max_hp_loss":0.0,"gold_gain":0.0,"event_name":"Colosseum","player_choice":"Fled From Nobs","floor":25.0,"gold_loss":0.0,"damage_taken":0.0},{"damage_healed":0.0,"max_hp_gain":0.0,"max_hp_loss":0.0,"gold_gain":0.0,"event_name":"Drug Dealer","player_choice":"Inject Mutagens","floor":28.0,"gold_loss":0.0,"damage_taken":0.0,"relics_obtained":["MutagenicStrength"]},{"damage_healed":0.0,"max_hp_gain":0.0,"max_hp_loss":0.0,"gold_gain":0.0,"event_name":"MindBloom","player_choice":"Fight","floor":36.0,"gold_loss":0.0,"damage_taken":0.0},{"damage_healed":0.0,"max_hp_gain":0.0,"max_hp_loss":4.0,"gold_gain":0.0,"event_name":"Winding Halls","player_choice":"Max HP","floor":41.0,"gold_loss":0.0,"damage_taken":0.0},{"damage_healed":0.0,"max_hp_gain":0.0,"max_hp_loss":0.0,"gold_gain":0.0,"event_name":"Accursed Blacksmith","player_choice":"Ignored","floor":44.0,"gold_loss":0.0,"damage_taken":0.0}],"is_beta":true,"boss_relics":[{"not_picked":["Runic Dome","Mark of Pain"],"picked":"Runic Pyramid"},{"not_picked":["Cursed Key","Eternal Feather"],"picked":"White Beast Statue"}],"items_purged_floors":[5,11,22,31,37],"is_endless":false,"potions_floor_spawned":[1,7,13,16,19,21,33,35,36,38,39,45,46,47,48],"ascension_level":0}