{"gold_per_floor":[10,10,20,195,206,4,15,15,94,106,123,85,85,160,160,256,256,269,297,72,55,15,15,31,31,57,57],"floor_reached":27,"playtime":765,"items_purged":["Doubt","Strike_R"],"score":203,"play_id":"fabfe031-790a-45ed-93dd-91ad19507f62","local_time":"20190221234423","is_ascension_mode":false,"campfire_choices":[{"data":"Bash","floor":8,"key":"SMITH"},{"floor":15,"key":"REST"},{"floor":23,"key":"REST"},{"floor":25,"key":"REST"}],"neow_cost":"NO_GOLD","seed_source_timestamp":171457211514100,"circlet_count":0,"master_deck":["Strike_R","Strike_R","Strike_R+1","Strike_R","Defend_R","Defend_R+1","Bash+1","Shrug It Off"],"relics":["Burning Blood","Membership Card","Black Star","Red Mask","Paper Frog","Bag of Preparation"],"potions_floor_usage":[5,16,19,19,21,21,24,27],"damage_taken":[{"damage":0,"enemies":"2 Louse","floor":1,"turns":2},{"damage":6,"enemies":"Cultist","floor":3,"turns":3},{"damage":6,"enemies":"Jaw Worm","floor":5,"turns":2},{"damage":15,"enemies":"2 Fungi Beasts","floor":7,"turns":4},{"damage":0,"enemies":"Large Slime","floor":10,"turns":5},{"damage":9,"enemies":"Blue Slaver","floor":11,"turns":5},{"damage":45,"enemies":"Slime Boss","floor":16,"turns":11},{"damage":37,"enemies":"Shell Parasite","floor":18,"turns":9},{"damage":46,"enemies":"Masked Bandits","floor":19,"turns":6},{"damage":6,"enemies":"2 Thieves","floor":21,"turns":4},{"damage":7,"enemies":"Centurion and Healer","floor":24,"turns":7},{"damage":68,"enemies":"Sentry and Sphere","floor":27,"turns":11}],"seed_played":"-1509823727266590146","potions_obtained":[{"floor":2,"key":"Explosive Potion"},{"floor":2,"key":"Ancient Potion"},{"floor":2,"key":"AttackPotion"},{"floor":5,"key":"LiquidBronze"},{"floor":7,"key":"Block Potion"},{"floor":10,"key":"SteroidPotion"},{"floor":16,"key":"BloodPotion"},{"floor":22,"key":"AttackPotion"}],"is_trial":false,"path_per_floor":["M","?","M","?","M","$","M","R","T","M","M","$","?","?","R","B",null,"M","?","$","M","?","R","M","R","T","M"],"character_chosen":"IRONCLAD","items_purchased":["Membership Card","Paper Frog","EntropicBrew"],"campfire_rested":3,"item_purchase_floors":[6,20,20],"current_hp_per_floor":[80,80,80,80,80,80,71,71,71,77,74,74,58,47,71,32,80,49,17,17,17,17,41,40,64,64,0],"gold":57,"neow_bonus":"REMOVE_TWO","is_prod":false,"is_daily":false,"chose_seed":false,"campfire_upgraded":1,"win_rate":0,"timestamp":1550789063,"path_taken":["M","?","?","?","M","$","M","R","T","M","M","$","?","?","R","BOSS","M","?","$","M","?","R","M","R","T","M"],"build_version":"2019-02-06","purchased_purges":2,"victory":false,"max_hp_per_floor":[80,80,80,80,80,80,80,80,80,80,80,80,80,80,80,80,80,80,80,80,80,80,80,80,80,80,80],"card_choices":[{"not_picked":["Clash","Warcry","Thunderclap"],"picked":"SKIP","floor":1},{"not_picked":["Power Through","Iron Wave","Metallicize"],"picked":"SKIP","floor":3},{"not_picked":["Havoc","Entrench","Perfected Strike"],"picked":"SKIP","floor":5},{"not_picked":["Anger","Pommel Strike","Heavy Blade"],"picked":"SKIP","floor":7},{"not_picked":["Cleave","Evolve"],"picked":"Shrug It Off","floor":10},{"not_picked":["Bloodletting","Warcry","Feel No Pain"],"picked":"SKIP","floor":11},{"not_picked":["Shrug It Off","Cleave","Dual Wield"],"picked":"SKIP","floor":18},{"not_picked":["Cleave","Iron Wave","Shrug It Off+1"],"picked":"SKIP","floor":21},{"not_picked":["Carnage+1","Sever Soul","Combust+1"],"picked":"SKIP","floor":24}],"player_experience":1167341,"relics_obtained":[{"floor":19,"key":"Red Mask"},{"floor":26,"key":"Bag of Preparation"}],"event_choices":[{"damage_healed":0,"gold_gain":0,"player_choice":"Got Potions","damage_taken":0,"max_hp_gain":0,"max_hp_loss":0,"event_name":"Lab","floor":2,"gold_loss":0},{"damage_healed":0,"gold_gain":175,"player_choice":"AGREE","damage_taken":0,"max_hp_gain":0,"max_hp_loss":0,"event_name":"Liars Game","floor":4,"gold_loss":0,"cards_obtained":["Doubt"]},{"damage_healed":0,"gold_gain":0,"player_choice":"Entered Light","damage_taken":16,"max_hp_gain":0,"max_hp_loss":0,"event_name":"Shining Light","floor":13,"gold_loss":0,"cards_upgraded":["Strike_R","Defend_R"]},{"damage_healed":0,"gold_gain":75,"player_choice":"Gather Gold","damage_taken":11,"max_hp_gain":0,"max_hp_loss":0,"event_name":"World of Goop","floor":14,"gold_loss":0},{"damage_healed":0,"gold_gain":0,"player_choice":"Fought Bandits","damage_taken":0,"max_hp_gain":0,"max_hp_loss":0,"event_name":"Masked Bandits","floor":19,"gold_loss":0},{"damage_healed":0,"gold_gain":0,"player_choice":"Bought 3 Potions","damage_taken":0,"max_hp_gain":0,"max_hp_loss":0,"event_name":"The Woman in Blue","floor":22,"gold_loss":0}],"is_beta":true,"boss_relics":[{"not_picked":["Busted Crown","Sozu"],"picked":"Black Star"}],"items_purged_floors":[12,20],"is_endless":false,"potions_floor_spawned":[5,7,10,11,16,21],"killed_by":"Sentry and Sphere","ascension_level":0}