{"gold_per_floor":[10,110,126,144,144,173,173,190,213,238,163,63,63,77,77,175,175,195,195,195,46,65,96,96,108,108,108,126,126,126,159,159,257,257,267,267,267,282,294,294,305,45,69,115,115,215,215,235,235,235,235,235,35,70,70],"floor_reached":55,"playtime":2047,"items_purged":["Defend_R","Defend_R","Parasite","Parasite"],"score":738,"play_id":"46059f55-2c05-4ea8-abe0-1f89ea68a864","local_time":"20190306000315","is_ascension_mode":false,"campfire_choices":[{"data":"Bash","floor":7,"key":"SMITH"},{"data":"Shrug It Off","floor":13,"key":"SMITH"},{"data":"Sword Boomerang","floor":15,"key":"SMITH"},{"floor":24,"key":"REST"},{"floor":27,"key":"DIG"},{"floor":32,"key":"REST"},{"data":"Injury","floor":40,"key":"PURGE"},{"floor":45,"key":"REST"},{"floor":47,"key":"RECALL"},{"floor":49,"key":"REST"},{"floor":52,"key":"DIG"}],"neow_cost":"NO_GOLD","seed_source_timestamp":293221311834000,"circlet_count":0,"master_deck":["Strike_R","Strike_R","Strike_R","Bash+1","Heavy Blade","Shrug It Off+1","Shrug It Off+1","Sword Boomerang+1","Feed","Battle Trance+1","Twin Strike+1","Seeing Red+1","Inflame","Demon Form","Limit Break"],"relics":["Burning Blood","Ice Cream","Lantern","Blood Vial","Pen Nib","Astrolabe","Enchiridion","War Paint","Vajra","Shovel","Peace Pipe","Champion Belt","Shuriken","Calling Bell","Red Skull","Gremlin Horn","Incense Burner","Dream Catcher","Calipers","Prayer Wheel","Bottled Tornado","Pocketwatch"],"potions_floor_usage":[8,16,23,44,48,54,55,55],"damage_taken":[{"damage":0,"enemies":"Small Slimes","floor":1,"turns":5},{"damage":6,"enemies":"Cultist","floor":3,"turns":3},{"damage":1,"enemies":"Jaw Worm","floor":4,"turns":3},{"damage":34,"enemies":"Gremlin Nob","floor":6,"turns":5},{"damage":5,"enemies":"Exordium Thugs","floor":8,"turns":4},{"damage":14,"enemies":"Lagavulin","floor":10,"turns":8},{"damage":0,"enemies":"2 Fungi Beasts","floor":14,"turns":3},{"damage":38,"enemies":"The Guardian","floor":16,"turns":11},{"damage":0,"enemies":"3 Byrds","floor":18,"turns":3},{"damage":0,"enemies":"Spheric Guardian","floor":22,"turns":2},{"damage":72,"enemies":"Gremlin Leader","floor":23,"turns":10},{"damage":0,"enemies":"Snecko","floor":25,"turns":2},{"damage":5,"enemies":"Chosen and Byrds","floor":28,"turns":5},{"damage":27,"enemies":"Slavers","floor":31,"turns":5},{"damage":42,"enemies":"Champ","floor":33,"turns":8},{"damage":35,"enemies":"3 Darklings","floor":35,"turns":4},{"damage":2,"enemies":"3 Shapes","floor":38,"turns":7},{"damage":12,"enemies":"Sphere and 2 Shapes","floor":39,"turns":4},{"damage":1,"enemies":"Transient","floor":41,"turns":5},{"damage":70,"enemies":"2 Orb Walkers","floor":44,"turns":5},{"damage":31,"enemies":"Mind Bloom Boss Battle","floor":46,"turns":6},{"damage":5,"enemies":"Maw","floor":48,"turns":4},{"damage":51,"enemies":"Time Eater","floor":50,"turns":6},{"damage":44,"enemies":"Shield and Spear","floor":54,"turns":5},{"damage":70,"enemies":"The Heart","floor":55,"turns":6}],"seed_played":"5237878604726569711","potions_obtained":[{"floor":3,"key":"Ancient Potion"},{"floor":4,"key":"EssenceOfSteel"},{"floor":6,"key":"Energy Potion"},{"floor":14,"key":"Explosive Potion"},{"floor":23,"key":"EssenceOfSteel"},{"floor":33,"key":"EssenceOfSteel"},{"floor":38,"key":"Swift Potion"},{"floor":44,"key":"Explosive Potion"},{"floor":46,"key":"Block Potion"}],"is_trial":false,"path_per_floor":["M","?","M","M","?","E","R","M","T","E","$","$","R","M","R","B",null,"M","?","?","$","M","E","R","M","T","R","M","T","$","E","R","B",null,"M","?","?","M","M","R","M","$","T","?","R","?","R","M","R","B",null,"R","$","E","B"],"character_chosen":"IRONCLAD","items_purchased":["Vajra","Limit Break","SteroidPotion"],"campfire_rested":4,"item_purchase_floors":[21,42,53],"current_hp_per_floor":[80,80,80,80,80,52,52,53,53,47,47,47,47,55,55,25,80,83,67,67,67,75,14,39,50,50,50,56,56,56,40,68,37,98,69,69,69,78,77,77,84,84,84,25,54,34,34,40,71,31,108,108,105,67,0],"gold":70,"neow_bonus":"ONE_RARE_RELIC","is_prod":false,"is_daily":false,"chose_seed":false,"campfire_upgraded":3,"win_rate":0,"timestamp":1551826995,"path_taken":["M","?","M","?","?","E","R","M","T","E","?","$","R","M","R","BOSS","M","?","?","?","M","E","R","M","T","R","?","?","$","E","R","BOSS","M","?","?","M","M","R","?","?","T","?","R","?","R","?","R","BOSS","R","$","E","BOSS"],"build_version":"2019-02-06","purchased_purges":4,"victory":false,"max_hp_per_floor":[80,80,80,80,80,80,80,80,80,80,80,80,80,80,80,80,80,83,83,83,83,83,86,86,89,89,89,92,92,92,95,95,98,98,98,93,93,96,99,99,99,96,96,99,99,102,102,105,105,108,108,108,105,105,105],"card_choices":[{"not_picked":["True Grit","Twin Strike","Headbutt"],"picked":"SKIP","floor":1},{"not_picked":["Thunderclap","Clash"],"picked":"Heavy Blade","floor":3},{"not_picked":["Clash","Warcry","Power Through"],"picked":"SKIP","floor":4},{"not_picked":["Power Through","Sentinel"],"picked":"Shrug It Off","floor":6},{"not_picked":["Spot Weakness","Twin Strike","Thunderclap"],"picked":"SKIP","floor":8},{"not_picked":["Reckless Charge","Battle Trance"],"picked":"Shrug It Off","floor":10},{"not_picked":["Shrug It Off","Carnage"],"picked":"Sword Boomerang","floor":14},{"not_picked":["Barricade","Demon Form"],"picked":"Feed","floor":16},{"not_picked":["Shockwave","Warcry+1","Flame Barrier"],"picked":"SKIP","floor":18},{"not_picked":["Evolve+1","Anger","Sever Soul+1"],"picked":"SKIP","floor":22},{"not_picked":["Feel No Pain+1","Warcry+1","Bludgeon"],"picked":"SKIP","floor":23},{"not_picked":["Searing Blow","Headbutt","True Grit"],"picked":"SKIP","floor":25},{"not_picked":["Rampage","Armaments","Shrug It Off"],"picked":"SKIP","floor":28},{"not_picked":["Wild Strike+1","Warcry"],"picked":"Inflame","floor":31},{"not_picked":["Bludgeon","Feed"],"picked":"Demon Form","floor":33},{"not_picked":["Entrench+1","Clash","Bloodletting"],"picked":"SKIP","floor":35},{"not_picked":["Second Wind+1","Shrug It Off","Perfected Strike+1"],"picked":"SKIP","floor":38},{"not_picked":["Twin Strike+1","Thunderclap","Perfected Strike"],"picked":"SKIP","floor":39},{"not_picked":["Second Wind+1","Combust","Burning Pact"],"picked":"SKIP","floor":41},{"not_picked":["Cleave","Twin Strike","Perfected Strike"],"picked":"SKIP","floor":48},{"not_picked":["Battle Trance","Evolve+1","Reckless Charge+1"],"picked":"SKIP","floor":48},{"not_picked":["Impervious","Brutality","Thunderclap"],"picked":"SKIP","floor":54}],"player_experience":1222228,"relics_obtained":[{"floor":6,"key":"Lantern"},{"floor":9,"key":"Blood Vial"},{"floor":10,"key":"Pen Nib"},{"floor":19,"key":"Enchiridion"},{"floor":23,"key":"Shovel"},{"floor":27,"key":"Peace Pipe"},{"floor":29,"key":"Champion Belt"},{"floor":31,"key":"Shuriken"},{"floor":34,"key":"Red Skull"},{"floor":34,"key":"Gremlin Horn"},{"floor":34,"key":"Incense Burner"},{"floor":43,"key":"Dream Catcher"},{"floor":44,"key":"Calipers"},{"floor":46,"key":"Prayer Wheel"},{"floor":52,"key":"Bottled Tornado"},{"floor":54,"key":"Pocketwatch"}],"event_choices":[{"damage_healed":0,"gold_gain":100,"player_choice":"Gold","damage_taken":0,"max_hp_gain":0,"max_hp_loss":0,"event_name":"Wheel of Change","floor":2,"gold_loss":0},{"cards_removed":["Defend_R"],"damage_healed":0,"gold_gain":0,"player_choice":"Offered Basic","damage_taken":0,"max_hp_gain":0,"max_hp_loss":0,"event_name":"Bonfire Elementals","floor":5,"gold_loss":0},{"damage_healed":0,"gold_gain":0,"player_choice":"Obtained Book","damage_taken":16,"max_hp_gain":0,"max_hp_loss":0,"event_name":"Cursed Tome","floor":19,"gold_loss":0},{"damage_healed":0,"gold_gain":0,"player_choice":"Opened","damage_taken":0,"relics_obtained":["War Paint"],"max_hp_gain":0,"max_hp_loss":0,"event_name":"The Mausoleum","floor":20,"gold_loss":0},{"damage_healed":0,"gold_gain":0,"player_choice":"Max HP","damage_taken":0,"max_hp_gain":0,"max_hp_loss":5,"event_name":"Winding Halls","floor":36,"gold_loss":0},{"damage_healed":0,"gold_gain":0,"player_choice":"Ignored","damage_taken":0,"max_hp_gain":0,"max_hp_loss":0,"event_name":"Tomb of Lord Red Mask","floor":37,"gold_loss":0},{"damage_healed":0,"gold_gain":0,"player_choice":"Fight","damage_taken":0,"max_hp_gain":0,"max_hp_loss":0,"event_name":"Mysterious Sphere","floor":44,"gold_loss":0},{"damage_healed":0,"gold_gain":0,"player_choice":"Fight","damage_taken":0,"max_hp_gain":0,"max_hp_loss":0,"event_name":"MindBloom","floor":46,"gold_loss":0}],"is_beta":true,"boss_relics":[{"not_picked":["Sozu","Tiny House"],"picked":"Astrolabe"},{"not_picked":["Runic Pyramid","White Beast Statue"],"picked":"Calling Bell"}],"items_purged_floors":[11,12,42,53],"is_endless":false,"potions_floor_spawned":[3,4,6,14,23,33,38,44,46],"killed_by":"The Heart","ascension_level":0}