{"gold_per_floor":[117,117,64,82,82,107,107,119,119,119,138,171,196,19,19,118,118,132,132],"floor_reached":19,"playtime":808,"items_purged":[],"score":260,"play_id":"cb7e8026-bc7a-4f67-90e1-b06f772fe612","local_time":"20180917200555","is_ascension_mode":true,"campfire_choices":[{"data":"Malaise","floor":7,"key":"SMITH"},{"data":"Survivor","floor":10,"key":"SMITH"},{"floor":15,"key":"REST"}],"neow_cost":"","seed_source_timestamp":78054475024300,"circlet_count":0,"master_deck":["Defend_G","Defend_G","Defend_G","Defend_G","Defend_G","Strike_G","Strike_G","Strike_G","Strike_G","Strike_G","Survivor+1","Neutralize+1","Quick Slash","Dagger Throw","Malaise+1","PiercingWail","All Out Attack","Apotheosis","Doppelganger","All Out Attack+1"],"relics":["Ring of the Snake","Pen Nib","Peace Pipe","Potion Belt","Letter Opener","Smiling Mask","Happy Flower","Eternal Feather"],"potions_floor_usage":[12,12,12,12,12,19,19,19,19],"damage_taken":[{"damage":0,"enemies":"2 Louse","floor":1,"turns":4},{"damage":7,"enemies":"Small Slimes","floor":4,"turns":3},{"damage":24,"enemies":"3 Sentries","floor":6,"turns":7},{"damage":0,"enemies":"Cultist","floor":8,"turns":4},{"damage":2,"enemies":"Looter","floor":11,"turns":5},{"damage":0,"enemies":"Gremlin Nob","floor":12,"turns":4},{"damage":6,"enemies":"Hexaghost","floor":16,"turns":11},{"damage":1,"enemies":"3 Byrds","floor":18,"turns":5},{"damage":13,"enemies":"Colosseum Slavers","floor":19,"turns":4},{"damage":47,"enemies":"Colosseum Nobs","floor":19,"turns":3}],"seed_played":"9141808440828807738","potions_obtained":[{"floor":4,"key":"Ancient Potion"},{"floor":6,"key":"EntropicBrew"},{"floor":11,"key":"Poison Potion"},{"floor":18,"key":"SkillPotion"}],"is_trial":false,"path_per_floor":["M","?","?","M","?","E","R","M","T","R","M","E","T","$","R","B",null,"M"],"character_chosen":"THE_SILENT","items_purchased":["Apotheosis"],"campfire_rested":1,"item_purchase_floors":[14],"current_hp_per_floor":[63,45,45,38,38,14,14,14,14,14,12,12,12,12,33,27,59,58,0],"gold":132,"neow_bonus":"","is_prod":false,"is_daily":false,"chose_seed":false,"campfire_upgraded":2,"win_rate":0,"timestamp":1537239955,"path_taken":["M","?","?","?","?","E","R","M","T","R","M","E","?","$","R","BOSS","M","?"],"build_version":"2018-09-12","purchased_purges":0,"victory":false,"max_hp_per_floor":[70,70,70,70,70,70,70,70,70,70,70,70,70,70,70,70,70,70,70],"card_choices":[{"not_picked":["Slice","Dodge and Roll"],"picked":"Quick Slash","floor":1},{"not_picked":["Slice","Sucker Punch"],"picked":"Dagger Throw","floor":4},{"not_picked":["Quick Slash","Outmaneuver"],"picked":"Malaise","floor":6},{"not_picked":["Dagger Throw","Finisher","Underhanded Strike"],"picked":"SKIP","floor":8},{"not_picked":["Outmaneuver","Well Laid Plans"],"picked":"PiercingWail","floor":11},{"not_picked":["Slice","Riddle With Holes"],"picked":"All Out Attack","floor":12},{"not_picked":["A Thousand Cuts","Night Terror"],"picked":"Doppelganger","floor":16},{"not_picked":["Dodge and Roll","Flying Knee"],"picked":"All Out Attack+1","floor":18}],"player_experience":295065,"relics_obtained":[{"floor":6,"key":"Potion Belt"},{"floor":9,"key":"Letter Opener"},{"floor":12,"key":"Smiling Mask"},{"floor":13,"key":"Happy Flower"}],"event_choices":[{"event_name":"Scrap Ooze","player_choice":"success","floor":2,"damage_taken":18},{"event_name":"WeMeetAgain","player_choice":"Gold","floor":3,"damage_taken":0},{"event_name":"Living Wall","player_choice":"Grow","floor":5,"damage_taken":0},{"event_name":"Colosseum","player_choice":"Fight","floor":19,"damage_taken":0},{"event_name":"Colosseum","player_choice":"Fought Nobs","floor":19,"damage_taken":0}],"is_beta":true,"boss_relics":[{"not_picked":["Snecko Eye","Runic Pyramid"],"picked":"Eternal Feather"}],"items_purged_floors":[],"is_endless":false,"potions_floor_spawned":[4,6,11,18],"killed_by":"Colosseum Nobs","ascension_level":6}