{"gold_per_floor":[117,127,1,1,13,13,26,26,75,75,37,66,66,66,66,66],"floor_reached":16,"playtime":978,"items_purged":[],"score":162,"play_id":"2466a0e7-0bae-46a7-8173-8a414bf2dbd5","local_time":"20190416125526","is_ascension_mode":true,"campfire_choices":[{"data":"Searing Blow","floor":6,"key":"SMITH"},{"data":"Searing Blow+1","floor":8,"key":"SMITH"},{"data":"Searing Blow+2","floor":10,"key":"SMITH"},{"data":"Searing Blow+3","floor":13,"key":"SMITH"},{"data":"Searing Blow+4","floor":15,"key":"SMITH"}],"neow_cost":"NONE","seed_source_timestamp":1305283194274033,"circlet_count":0,"master_deck":["AscendersBane","Strike_R","Strike_R","Strike_R","Strike_R","Defend_R","Defend_R","Defend_R","Defend_R","Bash","Pummel","Twin Strike","Anger","Searing Blow+5","Armaments","Evolve","Burning Pact","Seeing Red"],"relics":["Burning Blood","Bag of Preparation","Regal Pillow","Bag of Marbles","FaceOfCleric"],"potions_floor_usage":[16,16],"damage_taken":[{"damage":6,"enemies":"Cultist","floor":1,"turns":4},{"damage":7,"enemies":"2 Louse","floor":2,"turns":3},{"damage":12,"enemies":"Jaw Worm","floor":5,"turns":2},{"damage":10,"enemies":"Large Slime","floor":7,"turns":6},{"damage":32,"enemies":"Gremlin Nob","floor":12,"turns":4},{"damage":37,"enemies":"Slime Boss","floor":16,"turns":5}],"seed_played":"-5440766459716687115","potions_obtained":[],"is_trial":false,"path_per_floor":["M","M","$","?","M","R","M","R","T","R","$","E","R","?","R","B"],"character_chosen":"IRONCLAD","items_purchased":["Explosive Potion","Strength Potion","Anger","Burning Pact"],"campfire_rested":0,"item_purchase_floors":[3,3,3,11],"current_hp_per_floor":[72,71,71,71,65,65,61,61,61,61,61,35,35,35,35,0],"gold":66,"neow_bonus":"RANDOM_COMMON_RELIC","is_prod":false,"is_daily":false,"chose_seed":false,"campfire_upgraded":5,"win_rate":0,"timestamp":1555397726,"path_taken":["M","M","$","?","M","R","?","R","T","R","$","E","R","?","R","BOSS"],"build_version":"2019-01-23","purchased_purges":0,"victory":false,"max_hp_per_floor":[80,80,80,80,80,80,80,80,80,80,80,80,80,80,80,80],"card_choices":[{"not_picked":["True Grit","Warcry"],"picked":"Pummel","floor":1},{"not_picked":["Rage","Intimidate"],"picked":"Twin Strike","floor":2},{"not_picked":["Havoc","Anger"],"picked":"Armaments","floor":5},{"not_picked":["Wild Strike","Perfected Strike"],"picked":"Evolve","floor":7},{"not_picked":["Disarm","Burning Pact"],"picked":"Seeing Red","floor":12}],"player_experience":1157070,"relics_obtained":[{"floor":9,"key":"Regal Pillow"},{"floor":12,"key":"Bag of Marbles"}],"event_choices":[{"damage_healed":0,"gold_gain":0,"cards_transformed":["Strike_R"],"player_choice":"Transformed","damage_taken":0,"max_hp_gain":0,"max_hp_loss":0,"event_name":"Transmorgrifier","floor":4,"gold_loss":0,"cards_obtained":["Searing Blow"]},{"damage_healed":0,"gold_gain":0,"player_choice":"Trade","damage_taken":0,"relics_obtained":["FaceOfCleric"],"max_hp_gain":0,"max_hp_loss":0,"event_name":"FaceTrader","floor":14,"gold_loss":0}],"is_beta":false,"boss_relics":[],"items_purged_floors":[],"is_endless":false,"potions_floor_spawned":[5,7],"killed_by":"Slime Boss","ascension_level":13}