{"gold_per_floor":[118,118,43,43,61,61,92,92,92,92,117,129,146,146,146,146],"floor_reached":16,"playtime":292,"items_purged":["Defend_R"],"score":266,"play_id":"a24fad55-cca4-4114-a6e6-c6d6706210a5","local_time":"20190408231734","is_ascension_mode":true,"campfire_choices":[{"data":"Bash","floor":6,"key":"SMITH"},{"data":"Strike_R","floor":8,"key":"SMITH"},{"data":"Defend_R","floor":10,"key":"SMITH"},{"data":"Shrug It Off","floor":15,"key":"SMITH"}],"neow_cost":"NONE","seed_source_timestamp":116467461969400,"circlet_count":0,"master_deck":["AscendersBane","Strike_R","Strike_R","Strike_R","Strike_R","Strike_R+1","Defend_R","Defend_R","Defend_R+1","Bash+1","Shrug It Off+1"],"relics":["Burning Blood","NeowsBlessing","Ice Cream","GremlinMask","PreservedInsect","Red Skull","Letter Opener","Happy Flower"],"potions_floor_usage":[16],"damage_taken":[{"damage":0,"enemies":"Cultist","floor":1,"turns":1},{"damage":0,"enemies":"Small Slimes","floor":5,"turns":1},{"damage":0,"enemies":"Gremlin Nob","floor":7,"turns":1},{"damage":46,"enemies":"3 Sentries","floor":11,"turns":9},{"damage":4,"enemies":"Jaw Worm","floor":12,"turns":2},{"damage":0,"enemies":"2 Fungi Beasts","floor":13,"turns":3},{"damage":39,"enemies":"The Guardian","floor":16,"turns":5}],"seed_played":"-4227543954484892479","potions_obtained":[{"floor":11,"key":"SkillPotion"},{"floor":12,"key":"Ancient Potion"}],"is_trial":false,"path_per_floor":["M","T","$","?","M","R","E","R","T","R","E","M","M","?","R","B"],"character_chosen":"IRONCLAD","items_purchased":[],"campfire_rested":0,"item_purchase_floors":[],"current_hp_per_floor":[74,74,74,74,75,75,75,75,75,75,35,37,43,38,38,0],"gold":146,"neow_bonus":"THREE_ENEMY_KILL","is_prod":false,"is_daily":false,"chose_seed":false,"campfire_upgraded":4,"win_rate":0,"timestamp":1554758254,"path_taken":["M","?","$","?","M","R","E","R","T","R","E","M","?","?","R","BOSS"],"build_version":"2019-04-04","purchased_purges":1,"victory":false,"max_hp_per_floor":[75,75,75,75,75,75,75,75,75,75,75,75,75,75,75,75],"card_choices":[{"not_picked":["Havoc","Body Slam","Clash"],"picked":"SKIP","floor":1},{"not_picked":["Pommel Strike","Hemokinesis","Iron Wave"],"picked":"SKIP","floor":5},{"not_picked":["Dropkick","Dual Wield","Ghostly Armor"],"picked":"SKIP","floor":7},{"not_picked":["Armaments","True Grit","Juggernaut"],"picked":"SKIP","floor":11},{"not_picked":["True Grit","Flex"],"picked":"Shrug It Off","floor":12},{"not_picked":["Seeing Red","Iron Wave","True Grit"],"picked":"SKIP","floor":13}],"player_experience":1346150,"relics_obtained":[{"floor":2,"key":"Ice Cream"},{"floor":7,"key":"PreservedInsect"},{"floor":9,"key":"Red Skull"},{"floor":11,"key":"Letter Opener"}],"event_choices":[{"damage_healed":0,"gold_gain":0,"player_choice":"Trade","damage_taken":0,"relics_obtained":["GremlinMask"],"max_hp_gain":0,"max_hp_loss":0,"event_name":"FaceTrader","floor":4,"gold_loss":0},{"damage_healed":0,"gold_gain":0,"player_choice":"Success","damage_taken":5,"relics_obtained":["Happy Flower"],"max_hp_gain":0,"max_hp_loss":0,"event_name":"Scrap Ooze","floor":14,"gold_loss":0}],"is_beta":true,"boss_relics":[],"items_purged_floors":[3],"is_endless":false,"potions_floor_spawned":[11,12],"killed_by":"The Guardian","ascension_level":20}