{"gold_per_floor":[116,136,146,162,162,191,191,217,217,237,237,237,292,292,292,397,397,407,421,33,68,68,101,101,16,16,16,43,58,68,96,96,200,200,217,62,62,80,80,137,137],"floor_reached":41,"playtime":1360,"items_purged":["Defend_R"],"score":537,"play_id":"dcb07137-9006-4694-90c4-289e0be86a05","local_time":"20190315211318","is_ascension_mode":false,"campfire_choices":[{"data":"Bash","floor":7,"key":"SMITH"},{"data":"Inflame","floor":12,"key":"SMITH"},{"floor":15,"key":"REST"},{"data":"Demon Form","floor":24,"key":"SMITH"},{"floor":32,"key":"REST"}],"neow_cost":"NONE","seed_source_timestamp":166802061974900,"circlet_count":0,"master_deck":["Strike_R","Strike_R","Strike_R+1","Strike_R","Strike_R","Defend_R","Defend_R+1","Bash+1","Shrug It Off","Inflame+1","Demon Form+1","Limit Break","Heavy Blade","Pummel","Shrug It Off","Pummel+1","Pummel+1","Double Tap+1"],"relics":["Black Blood","Blue Candle","Ancient Tea Set","Happy Flower","Singing Bowl","Molten Egg 2","Red Mask","Calipers","The Courier","Toxic Egg 2","Dead Branch","Bottled Tornado","Orrery","Membership Card","Tiny Chest"],"potions_floor_usage":[8,8,13,13,16,18,21,23,41],"damage_taken":[{"damage":7,"enemies":"Small Slimes","floor":1,"turns":4},{"damage":6,"enemies":"Cultist","floor":2,"turns":3},{"damage":11,"enemies":"Jaw Worm","floor":3,"turns":3},{"damage":1,"enemies":"3 Louse","floor":4,"turns":6},{"damage":27,"enemies":"Gremlin Nob","floor":6,"turns":4},{"damage":40,"enemies":"Lagavulin","floor":8,"turns":5},{"damage":2,"enemies":"Looter","floor":10,"turns":3},{"damage":14,"enemies":"Gremlin Nob","floor":13,"turns":3},{"damage":24,"enemies":"The Guardian","floor":16,"turns":10},{"damage":15,"enemies":"3 Byrds","floor":18,"turns":4},{"damage":22,"enemies":"Shell Parasite","floor":19,"turns":6},{"damage":47,"enemies":"Masked Bandits","floor":21,"turns":4},{"damage":29,"enemies":"Gremlin Leader","floor":23,"turns":5},{"damage":32,"enemies":"Slavers","floor":28,"turns":4},{"damage":14,"enemies":"Centurion and Healer","floor":29,"turns":4},{"damage":7,"enemies":"Snake Plant","floor":30,"turns":2},{"damage":18,"enemies":"Book of Stabbing","floor":31,"turns":3},{"damage":37,"enemies":"Automaton","floor":33,"turns":6},{"damage":18,"enemies":"3 Shapes","floor":35,"turns":7},{"damage":24,"enemies":"Orb Walker","floor":38,"turns":3},{"damage":62,"enemies":"Reptomancer","floor":40,"turns":6},{"damage":42,"enemies":"3 Darklings","floor":41,"turns":2}],"seed_played":"-1818798692470020426","potions_obtained":[{"floor":1,"key":"EntropicBrew"},{"floor":8,"key":"PowerPotion"},{"floor":10,"key":"SkillPotion"},{"floor":16,"key":"LiquidBronze"},{"floor":18,"key":"Swift Potion"},{"floor":19,"key":"Regen Potion"},{"floor":23,"key":"SpeedPotion"},{"floor":31,"key":"EssenceOfSteel"},{"floor":35,"key":"LiquidBronze"},{"floor":38,"key":"Strength Potion"}],"is_trial":false,"path_per_floor":["M","M","M","M","?","E","R","E","T","M","?","R","?","?","R","B",null,"M","M","$","?","?","E","R","?","T","$","E","M","M","E","R","B",null,"M","$","?","M","?","E","M"],"character_chosen":"IRONCLAD","items_purchased":["Pummel","Molten Egg 2","Membership Card"],"campfire_rested":2,"item_purchase_floors":[20,20,36],"current_hp_per_floor":[79,79,74,79,90,69,69,35,35,39,32,32,24,6,33,15,90,87,75,75,50,80,61,61,61,61,61,41,37,42,36,65,38,108,102,102,104,92,92,42,0],"gold":137,"neow_bonus":"ONE_RANDOM_RARE_CARD","is_prod":false,"is_daily":false,"chose_seed":false,"campfire_upgraded":3,"win_rate":0,"timestamp":1552680798,"path_taken":["M","M","M","M","?","E","R","E","T","?","?","R","?","?","R","BOSS","M","M","$","?","?","E","R","?","T","$","E","M","M","E","R","BOSS","M","$","?","M","?","E","M"],"build_version":"2019-02-06","purchased_purges":1,"victory":false,"max_hp_per_floor":[80,80,80,80,90,90,90,90,90,90,90,90,90,90,90,90,90,92,92,92,92,92,92,92,92,92,92,94,94,96,98,98,98,108,110,110,112,114,114,116,116],"card_choices":[{"not_picked":["Rage","Iron Wave","Clothesline"],"picked":"SKIP","floor":1},{"not_picked":["Thunderclap","True Grit"],"picked":"Shrug It Off","floor":2},{"not_picked":["Second Wind","Feel No Pain"],"picked":"Inflame","floor":3},{"not_picked":["Feel No Pain","Rupture","Flex"],"picked":"SKIP","floor":4},{"not_picked":["Headbutt","Body Slam","True Grit"],"picked":"SKIP","floor":6},{"not_picked":["Headbutt","Body Slam","True Grit"],"picked":"SKIP","floor":6},{"not_picked":["Warcry","Flex","Seeing Red"],"picked":"SKIP","floor":8},{"not_picked":["True Grit","Disarm","Clothesline"],"picked":"SKIP","floor":10},{"not_picked":["Battle Trance","Havoc"],"picked":"Demon Form","floor":13},{"not_picked":["Dark Embrace","Double Tap"],"picked":"Limit Break","floor":16},{"not_picked":["Thunderclap","Iron Wave","Anger"],"picked":"Singing Bowl","floor":18},{"not_picked":["Entrench+1","Corruption"],"picked":"Heavy Blade","floor":19},{"not_picked":["Perfected Strike+1","Disarm+1"],"picked":"Shrug It Off","floor":21},{"not_picked":["Sever Soul+1","Sword Boomerang+1"],"picked":"Pummel+1","floor":23},{"not_picked":["Warcry+1","Dual Wield+1","Blood for Blood+1"],"picked":"Singing Bowl","floor":28},{"not_picked":["Clothesline+1","Battle Trance+1"],"picked":"Pummel+1","floor":29},{"not_picked":["Headbutt+1","Feel No Pain","Pommel Strike+1"],"picked":"Singing Bowl","floor":30},{"not_picked":["Power Through+1","Warcry+1","Pommel Strike+1"],"picked":"Singing Bowl","floor":31},{"not_picked":["Demon Form","Immolate+1"],"picked":"Double Tap+1","floor":33},{"not_picked":["Dual Wield+1","Warcry+1","Anger+1"],"picked":"Singing Bowl","floor":34},{"not_picked":["Blood for Blood+1","Pommel Strike+1","Body Slam+1"],"picked":"Singing Bowl","floor":34},{"not_picked":["Hemokinesis+1","Pommel Strike+1","Warcry+1"],"picked":"Singing Bowl","floor":34},{"not_picked":["Second Wind+1","Limit Break+1","Sentinel+1"],"picked":"Singing Bowl","floor":34},{"not_picked":["Thunderclap+1","Anger+1","True Grit+1"],"picked":"Singing Bowl","floor":34},{"not_picked":["Havoc+1","Headbutt+1","Cleave+1"],"picked":"Singing Bowl","floor":35},{"not_picked":["Madness+1","Blind+1","Panache"],"picked":"Singing Bowl","floor":37},{"not_picked":["Feel No Pain+1","Armaments+1","Power Through+1"],"picked":"Singing Bowl","floor":38},{"not_picked":["Sword Boomerang+1","Pommel Strike+1","Warcry+1"],"picked":"Singing Bowl","floor":40}],"player_experience":1255044,"relics_obtained":[{"floor":6,"key":"Blue Candle"},{"floor":8,"key":"Ancient Tea Set"},{"floor":9,"key":"Happy Flower"},{"floor":13,"key":"Singing Bowl"},{"floor":21,"key":"Red Mask"},{"floor":23,"key":"Calipers"},{"floor":26,"key":"Toxic Egg 2"},{"floor":28,"key":"Dead Branch"},{"floor":31,"key":"Bottled Tornado"},{"floor":40,"key":"Tiny Chest"}],"event_choices":[{"cards_removed":["Dark Embrace"],"damage_healed":1,"gold_gain":0,"player_choice":"Offered Rare","damage_taken":0,"max_hp_gain":10,"max_hp_loss":0,"event_name":"Bonfire Elementals","floor":5,"gold_loss":0},{"cards_removed":["Defend_R"],"damage_healed":0,"gold_gain":0,"player_choice":"Card Removal","damage_taken":7,"max_hp_gain":0,"max_hp_loss":0,"event_name":"Golden Wing","floor":11,"gold_loss":0},{"damage_healed":0,"gold_gain":0,"player_choice":"Searched \u00271\u0027 times","damage_taken":0,"max_hp_gain":0,"max_hp_loss":0,"event_name":"Dead Adventurer","floor":13,"gold_loss":0},{"damage_healed":0,"gold_gain":0,"player_choice":"Entered Light","damage_taken":18,"max_hp_gain":0,"max_hp_loss":0,"event_name":"Shining Light","floor":14,"gold_loss":0,"cards_upgraded":["Strike_R","Defend_R"]},{"damage_healed":0,"gold_gain":0,"player_choice":"Fought Bandits","damage_taken":0,"max_hp_gain":0,"max_hp_loss":0,"event_name":"Masked Bandits","floor":21,"gold_loss":0},{"damage_healed":30,"gold_gain":0,"player_choice":"Heal","damage_taken":0,"max_hp_gain":0,"max_hp_loss":0,"event_name":"The Library","floor":22,"gold_loss":0},{"damage_healed":0,"gold_gain":0,"player_choice":"Obtained Relic","damage_taken":0,"relics_obtained":["The Courier"],"max_hp_gain":0,"max_hp_loss":0,"event_name":"Addict","floor":25,"gold_loss":85},{"damage_healed":0,"gold_gain":0,"player_choice":"Memory 1","damage_taken":0,"max_hp_gain":0,"max_hp_loss":0,"event_name":"SensoryStone","floor":37,"gold_loss":0},{"damage_healed":0,"gold_gain":0,"player_choice":"0 cards matched","damage_taken":0,"max_hp_gain":0,"max_hp_loss":0,"event_name":"Match and Keep!","floor":39,"gold_loss":0,"cards_obtained":[]}],"is_beta":true,"boss_relics":[{"not_picked":["Runic Dome","Runic Pyramid"],"picked":"Black Blood"},{"not_picked":["Black Star","Fusion Hammer"],"picked":"Orrery"}],"items_purged_floors":[20],"is_endless":false,"potions_floor_spawned":[1,8,10,16,18,19,23,31,35,38],"killed_by":"3 Darklings","ascension_level":0}