{"gold_per_floor":[116,116,131,149,165,197,197,227,227,227,227,227,238,248,248,325,325,338,338,358,372,372,372,383,383,383,415,415,428,446,35,35,35],"floor_reached":33,"playtime":5101,"items_purged":["Strike_R+1"],"score":558,"play_id":"0cbcdbf1-1fdf-4303-97af-c633487b2542","local_time":"20190501161144","is_ascension_mode":true,"campfire_choices":[{"data":"Carnage","floor":7.0,"key":"SMITH"},{"data":"Disarm","floor":10.0,"key":"SMITH"},{"data":"Iron Wave","floor":12.0,"key":"SMITH"},{"data":"Flame Barrier","floor":15.0,"key":"SMITH"},{"data":"Entrench","floor":23.0,"key":"SMITH"},{"data":"Fiend Fire","floor":25.0,"key":"SMITH"},{"data":"Feed","floor":28.0,"key":"SMITH"},{"data":"Offering","floor":32.0,"key":"SMITH"}],"neow_cost":"TEN_PERCENT_HP_LOSS","seed_source_timestamp":2594622105529,"circlet_count":0,"master_deck":["AscendersBane","Defend_R+1","Defend_R+1","Defend_R+1","Defend_R+1","Bash","Iron Wave+1","Carnage+1","Pommel Strike","Iron Wave+1","Disarm+1","Flame Barrier+1","Fiend Fire+1","Feed+1","Shrug It Off","Headbutt","Entrench+1","Injury","Offering+1","Shrug It Off"],"special_seed":0,"relics":["Burning Blood","Anchor","Mercury Hourglass","Pantograph","Cursed Key","Meat on the Bone","Thread and Needle"],"potions_floor_usage":[33,33],"damage_taken":[{"damage":15.0,"enemies":"Small Slimes","floor":1.0,"turns":3.0},{"damage":1.0,"enemies":"Cultist","floor":3.0,"turns":5.0},{"damage":0.0,"enemies":"Jaw Worm","floor":4.0,"turns":3.0},{"damage":6.0,"enemies":"Looter","floor":5.0,"turns":3.0},{"damage":28.0,"enemies":"3 Sentries","floor":6.0,"turns":10.0},{"damage":8.0,"enemies":"Gremlin Nob","floor":8.0,"turns":3.0},{"damage":5.0,"enemies":"Large Slime","floor":13.0,"turns":4.0},{"damage":0.0,"enemies":"Gremlin Gang","floor":14.0,"turns":5.0},{"damage":7.0,"enemies":"Hexaghost","floor":16.0,"turns":8.0},{"damage":0.0,"enemies":"3 Byrds","floor":18.0,"turns":3.0},{"damage":0.0,"enemies":"Spheric Guardian","floor":20.0,"turns":4.0},{"damage":15.0,"enemies":"Cultist and Chosen","floor":21.0,"turns":6.0},{"damage":3.0,"enemies":"Centurion and Healer","floor":24.0,"turns":6.0},{"damage":10.0,"enemies":"Book of Stabbing","floor":27.0,"turns":5.0},{"damage":6.0,"enemies":"Snake Plant","floor":29.0,"turns":4.0},{"damage":9.0,"enemies":"Snecko","floor":30.0,"turns":3.0},{"damage":82,"enemies":"Collector","floor":33,"turns":11}],"seed_played":"7446780760216287403","potions_obtained":[{"floor":4.0,"key":"FearPotion"},{"floor":5.0,"key":"Poison Potion"},{"floor":24.0,"key":"PowerPotion"},{"floor":27.0,"key":"AttackPotion"},{"floor":30.0,"key":"Dexterity Potion"}],"is_trial":false,"path_per_floor":["M","?","M","M","M","E","R","E","T","R","?","R","M","M","R","B",null,"M","?","M","M","?","R","M","R","T","E","R","M","M","$","R","B"],"character_chosen":"IRONCLAD","items_purchased":["Thread and Needle"],"campfire_rested":0,"item_purchase_floors":[31],"current_hp_per_floor":[59,59,64,68,68,46,46,44,44,44,44,44,45,51,51,67,68,68,68,68,62,62,62,68,68,68,64,64,64,65,65,65,0],"gold":35,"neow_bonus":"REMOVE_TWO","is_prod":false,"is_daily":false,"chose_seed":false,"campfire_upgraded":8,"win_rate":0,"timestamp":1556748704,"path_taken":["M","?","M","M","?","E","R","E","T","R","?","R","M","M","R","BOSS","M","?","M","M","?","R","?","R","T","E","R","M","M","$","R","BOSS"],"build_version":"2019-04-23","purchased_purges":1,"victory":false,"max_hp_per_floor":[68,68,68,68,68,68,68,68,68,68,68,68,68,68,68,68,68,68,68,68,71,71,71,74,74,74,74,74,74,78,78,78,78],"card_choices":[{"not_picked":["Carnage","Havoc"],"picked":"Iron Wave","floor":1.0},{"not_picked":["Perfected Strike","Combust"],"picked":"Carnage","floor":3.0},{"not_picked":["Flex","Sword Boomerang"],"picked":"Pommel Strike","floor":4.0},{"not_picked":["Sentinel","Limit Break"],"picked":"Iron Wave","floor":5.0},{"not_picked":["Bloodletting","Warcry","Clothesline"],"picked":"SKIP","floor":6.0},{"not_picked":["Sever Soul","Headbutt"],"picked":"Disarm","floor":8.0},{"not_picked":["Second Wind","Headbutt"],"picked":"Flame Barrier","floor":13.0},{"not_picked":["Clash","Clothesline"],"picked":"Fiend Fire","floor":14.0},{"not_picked":["Immolate","Brutality"],"picked":"Feed","floor":16.0},{"not_picked":["Infernal Blade","Evolve"],"picked":"Shrug It Off","floor":18.0},{"not_picked":["Anger","Iron Wave"],"picked":"Headbutt","floor":20.0},{"not_picked":["Pommel Strike","Iron Wave"],"picked":"Entrench","floor":21.0},{"not_picked":["True Grit","Havoc","Inflame"],"picked":"SKIP","floor":24.0},{"not_picked":["Battle Trance","Searing Blow+1"],"picked":"Offering","floor":27.0},{"not_picked":["Blood for Blood+1","Searing Blow","Pommel Strike"],"picked":"SKIP","floor":29.0},{"not_picked":["Combust","Headbutt"],"picked":"Shrug It Off","floor":30.0}],"player_experience":3099091,"relics_obtained":[{"floor":6.0,"key":"Anchor"},{"floor":8.0,"key":"Mercury Hourglass"},{"floor":9.0,"key":"Pantograph"},{"floor":27.0,"key":"Meat on the Bone"}],"event_choices":[{"damage_healed":0.0,"max_hp_gain":0.0,"max_hp_loss":0.0,"gold_gain":0.0,"event_name":"Upgrade Shrine","player_choice":"Upgraded","floor":2.0,"gold_loss":0.0,"damage_taken":0.0,"cards_upgraded":["Iron Wave"]},{"cards_removed":["Strike_R"],"damage_healed":0.0,"max_hp_gain":0.0,"max_hp_loss":0.0,"gold_gain":0.0,"event_name":"Living Wall","player_choice":"Forget","floor":11.0,"gold_loss":0.0,"damage_taken":0.0},{"damage_healed":0.0,"max_hp_gain":0.0,"max_hp_loss":0.0,"gold_gain":0.0,"event_name":"Back to Basics","player_choice":"Simplicity","floor":19.0,"gold_loss":0.0,"damage_taken":0.0,"cards_upgraded":["Strike_R","Strike_R","Defend_R","Defend_R","Defend_R","Defend_R"]},{"cards_removed":["Strike_R"],"damage_healed":0.0,"max_hp_gain":0.0,"max_hp_loss":0.0,"gold_gain":0.0,"event_name":"Purifier","player_choice":"Purged","floor":22.0,"gold_loss":0.0,"damage_taken":0.0}],"is_beta":true,"boss_relics":[{"not_picked":["Velvet Choker","Busted Crown"],"picked":"Cursed Key"}],"items_purged_floors":[31],"is_endless":false,"potions_floor_spawned":[4,5,14,24,27,30],"killed_by":"Collector","ascension_level":20}