{"gold_per_floor":[118,118,133,144,160,125,125,138,162,173,173,186,186,205,205,205],"floor_reached":16,"playtime":671,"items_purged":[],"score":192,"play_id":"de4c08cf-87cf-437f-b04e-ed8af0cf136a","local_time":"20190113172740","is_ascension_mode":true,"campfire_choices":[{"data":"Infinite Blades","floor":7,"key":"SMITH"},{"data":"Dodge and Roll","floor":11,"key":"SMITH"},{"data":"Cloak And Dagger","floor":13,"key":"SMITH"},{"floor":15,"key":"REST"}],"neow_cost":"NONE","seed_source_timestamp":336259262722100,"circlet_count":0,"master_deck":["AscendersBane","Defend_G","Defend_G","Defend_G","Defend_G","Defend_G","Strike_G","Strike_G","Strike_G","Strike_G","Strike_G","Survivor","Neutralize+1","Backflip","Infinite Blades+1","Dodge and Roll+1","Cloak And Dagger+1"],"relics":["Ring of the Snake","Happy Flower","PreservedInsect"],"potions_floor_usage":[16,16],"damage_taken":[{"damage":7,"enemies":"Cultist","floor":1,"turns":5},{"damage":0,"enemies":"Jaw Worm","floor":3,"turns":6},{"damage":0,"enemies":"2 Louse","floor":4,"turns":4},{"damage":3,"enemies":"Blue Slaver","floor":5,"turns":6},{"damage":25,"enemies":"Exordium Wildlife","floor":8,"turns":9},{"damage":4,"enemies":"2 Fungi Beasts","floor":10,"turns":4},{"damage":0,"enemies":"Looter","floor":12,"turns":4},{"damage":12,"enemies":"Lots of Slimes","floor":14,"turns":6},{"damage":52,"enemies":"Slime Boss","floor":16,"turns":9}],"seed_played":"1768299430072364083","potions_obtained":[{"floor":1,"key":"AttackPotion"},{"floor":4,"key":"Block Potion"},{"floor":10,"key":"Weak Potion"},{"floor":14,"key":"AttackPotion"}],"is_trial":false,"path_per_floor":["M","?","M","M","M","?","R","M","T","M","R","M","R","M","R","B"],"character_chosen":"THE_SILENT","items_purchased":[],"campfire_rested":1,"item_purchase_floors":[],"current_hp_per_floor":[52,52,52,52,49,65,65,40,40,36,36,36,36,24,43,0],"gold":205,"neow_bonus":"UPGRADE_CARD","is_prod":false,"is_daily":false,"chose_seed":false,"campfire_upgraded":3,"win_rate":0,"timestamp":1547396860,"path_taken":["M","?","M","?","M","?","R","M","T","M","R","M","R","M","R","BOSS"],"build_version":"2019-01-10","purchased_purges":0,"victory":false,"max_hp_per_floor":[66,66,66,66,66,66,66,66,66,66,66,66,66,66,66,66],"card_choices":[{"not_picked":["Underhanded Strike","Bane","Deflect"],"picked":"SKIP","floor":1},{"not_picked":["Dagger Spray","Dagger Throw"],"picked":"Backflip","floor":3},{"not_picked":["Tactician","Bane","Corpse Explosion"],"picked":"SKIP","floor":4},{"not_picked":["Eviscerate","Finisher"],"picked":"Infinite Blades","floor":5},{"not_picked":["Catalyst","Deflect","Setup"],"picked":"SKIP","floor":8},{"not_picked":["Poisoned Stab","Outmaneuver"],"picked":"Dodge and Roll","floor":10},{"not_picked":["Deflect","Flechettes"],"picked":"Cloak And Dagger","floor":12},{"not_picked":["Bane","Eviscerate","Poisoned Stab"],"picked":"SKIP","floor":14}],"player_experience":1030395,"relics_obtained":[{"floor":9,"key":"PreservedInsect"}],"event_choices":[{"damage_healed":0,"gold_gain":0,"player_choice":"Gave Potion","damage_taken":0,"relics_obtained":["Happy Flower"],"max_hp_gain":0,"max_hp_loss":0,"event_name":"WeMeetAgain","floor":2,"gold_loss":0},{"damage_healed":16,"gold_gain":0,"player_choice":"Healed","damage_taken":0,"max_hp_gain":0,"max_hp_loss":0,"event_name":"The Cleric","floor":6,"gold_loss":35}],"is_beta":true,"boss_relics":[],"items_purged_floors":[],"is_endless":false,"potions_floor_spawned":[1,4,10,14],"killed_by":"Slime Boss","ascension_level":20}