{"gold_per_floor":[114,114,132,132,57,91,91,117,140,167,167,187,187,82,82,82],"floor_reached":16,"playtime":330,"items_purged":["Regret"],"score":282,"play_id":"589043ac-067c-441d-ba8e-154806079c6d","local_time":"20190202005148","is_ascension_mode":true,"campfire_choices":[{"data":"Neutralize","floor":7,"key":"SMITH"},{"floor":11,"key":"REST"},{"floor":13,"key":"REST"},{"data":"Dagger Spray","floor":15,"key":"SMITH"}],"neow_cost":"NONE","seed_source_timestamp":1167509328554000,"circlet_count":0,"master_deck":["AscendersBane","Defend_G","Defend_G","Defend_G","Defend_G+1","Strike_G","Strike_G","Strike_G","Strike_G","Strike_G","Survivor+1","Neutralize+1","Dagger Spray+1","Heel Hook","Poisoned Stab","Blur","Backflip","Catalyst"],"relics":["Ring of the Snake","NeowsBlessing","War Paint","Anchor","Snake Skull","Bag of Preparation","Happy Flower"],"potions_floor_usage":[8],"damage_taken":[{"damage":0,"enemies":"Jaw Worm","floor":1,"turns":1},{"damage":0,"enemies":"Cultist","floor":3,"turns":1},{"damage":0,"enemies":"Lagavulin","floor":6,"turns":1},{"damage":28,"enemies":"Gremlin Nob","floor":8,"turns":5},{"damage":28,"enemies":"Lagavulin","floor":10,"turns":6},{"damage":0,"enemies":"2 Louse","floor":12,"turns":2},{"damage":33,"enemies":"Slime Boss","floor":16,"turns":9}],"seed_played":"-3326852142163833099","potions_obtained":[{"floor":3,"key":"Block Potion"},{"floor":10,"key":"FairyPotion"}],"is_trial":false,"path_per_floor":["M","?","M","?","$","E","R","E","T","E","R","M","R","$","R","B"],"character_chosen":"THE_SILENT","items_purchased":["Backflip","Catalyst"],"campfire_rested":2,"item_purchase_floors":[14,14],"current_hp_per_floor":[59,59,59,59,59,59,59,31,31,3,22,22,41,41,41,8],"gold":82,"neow_bonus":"THREE_ENEMY_KILL","is_prod":false,"is_daily":false,"chose_seed":false,"campfire_upgraded":2,"win_rate":0,"timestamp":1549065108,"path_taken":["M","?","?","?","$","E","R","E","T","E","R","M","R","$","R","BOSS"],"build_version":"2019-01-23","purchased_purges":1,"victory":false,"max_hp_per_floor":[66,66,66,66,66,66,66,66,66,66,66,66,66,66,66,66],"card_choices":[{"not_picked":["Bane","Distraction"],"picked":"Dagger Spray","floor":1},{"not_picked":["Dagger Throw","Blade Dance"],"picked":"Heel Hook","floor":3},{"not_picked":["All Out Attack","Skewer","Underhanded Strike"],"picked":"SKIP","floor":6},{"not_picked":["Terror","Backflip"],"picked":"Poisoned Stab","floor":8},{"not_picked":["All Out Attack","Skewer","Dagger Throw"],"picked":"SKIP","floor":10},{"not_picked":["Heel Hook","Concentrate"],"picked":"Blur","floor":12}],"player_experience":1120696,"relics_obtained":[{"floor":6,"key":"Anchor"},{"floor":8,"key":"Snake Skull"},{"floor":9,"key":"Bag of Preparation"},{"floor":10,"key":"Happy Flower"}],"event_choices":[{"cards_removed":["Defend_G"],"damage_healed":0,"gold_gain":0,"player_choice":"Purged","damage_taken":0,"max_hp_gain":0,"max_hp_loss":0,"event_name":"Purifier","floor":2,"gold_loss":0},{"damage_healed":0,"gold_gain":0,"player_choice":"Box","damage_taken":0,"relics_obtained":["War Paint"],"max_hp_gain":0,"max_hp_loss":0,"event_name":"Big Fish","floor":4,"gold_loss":0,"cards_obtained":["Regret"]}],"is_beta":true,"boss_relics":[],"items_purged_floors":[5],"is_endless":false,"potions_floor_spawned":[3,10],"killed_by":"Slime Boss","ascension_level":20}