{"gold_per_floor":[366,366,377,392,30,30,55,66,66,84,49,49,82,82,82,177,177,189,76,76,94,94,124,144,177,177,177,194,194,211,486,486,590,590,604,331,345,131,149,176,0,35,35,69,69,69,30,130,130,130],"floor_reached":51,"playtime":1610,"items_purged":["Flex+1","Regret","Havoc+1"],"score":1006,"play_id":"c90d44e7-35e5-4981-8b7c-ba724eea1198","local_time":"20190315234720","is_ascension_mode":false,"campfire_choices":[{"data":"Bash","floor":6.0,"key":"SMITH"},{"floor":15.0,"key":"REST"},{"data":"Inflame","floor":27.0,"key":"SMITH"},{"data":"Armaments","floor":29.0,"key":"SMITH"},{"floor":32.0,"key":"REST"},{"data":"Heavy Blade","floor":46.0,"key":"SMITH"},{"floor":49.0,"key":"REST"}],"neow_cost":"PERCENT_DAMAGE","seed_source_timestamp":0,"circlet_count":0,"master_deck":["Strike_R","Strike_R+1","Strike_R","Strike_R","Defend_R","Defend_R","Bash+1","Armaments+1","Bash","Heavy Blade+1","Offering+1","Inflame+1","Limit Break","Double Tap","Limit Break+1","Sword Boomerang+1","Feed+1","Pummel+1"],"special_seed":0,"relics":["Burning Blood","Membership Card","Champion Belt","Ornamental Fan","Molten Egg 2","Astrolabe","Vajra","Nloth\u0027s Gift","Ginger","Blue Candle","Shuriken","Black Star","Question Card","ClockworkSouvenir","Mummified Hand","Gambling Chip","Meat on the Bone","Lee\u0027s Waffle","Pen Nib","Mercury Hourglass","The Courier","Red Skull","Letter Opener","Gremlin Horn","Incense Burner"],"potions_floor_usage":[50],"damage_taken":[{"damage":15.0,"enemies":"Small Slimes","floor":1.0,"turns":4.0},{"damage":1.0,"enemies":"Cultist","floor":3.0,"turns":4.0},{"damage":0.0,"enemies":"2 Louse","floor":4.0,"turns":2.0},{"damage":34.0,"enemies":"Gremlin Nob","floor":7.0,"turns":5.0},{"damage":16.0,"enemies":"Lots of Slimes","floor":8.0,"turns":7.0},{"damage":6.0,"enemies":"Large Slime","floor":10.0,"turns":6.0},{"damage":20.0,"enemies":"3 Sentries","floor":13.0,"turns":7.0},{"damage":6.0,"enemies":"Slime Boss","floor":16.0,"turns":3.0},{"damage":14.0,"enemies":"Shell Parasite","floor":18.0,"turns":2.0},{"damage":20.0,"enemies":"3 Byrds","floor":21.0,"turns":3.0},{"damage":6.0,"enemies":"Book of Stabbing","floor":23.0,"turns":2.0},{"damage":17.0,"enemies":"Centurion and Healer","floor":24.0,"turns":4.0},{"damage":10.0,"enemies":"Gremlin Leader","floor":25.0,"turns":4.0},{"damage":25.0,"enemies":"Sentry and Sphere","floor":28.0,"turns":3.0},{"damage":24.0,"enemies":"Shelled Parasite and Fungi","floor":30.0,"turns":3.0},{"damage":27.0,"enemies":"Automaton","floor":33.0,"turns":6.0},{"damage":29.0,"enemies":"3 Shapes","floor":35.0,"turns":6.0},{"damage":6.0,"enemies":"3 Darklings","floor":37.0,"turns":2.0},{"damage":29.0,"enemies":"4 Shapes","floor":39.0,"turns":6.0},{"damage":46.0,"enemies":"Nemesis","floor":40.0,"turns":5.0},{"damage":10.0,"enemies":"Reptomancer","floor":42.0,"turns":2.0},{"damage":26.0,"enemies":"Nemesis","floor":44.0,"turns":3.0},{"damage":25.0,"enemies":"Mind Bloom Boss Battle","floor":48.0,"turns":4.0},{"damage":57,"enemies":"Donu and Deca","floor":50,"turns":4}],"seed_played":"-1584809806471008607","potions_obtained":[{"floor":4.0,"key":"SteroidPotion"},{"floor":10.0,"key":"FearPotion"},{"floor":13.0,"key":"EntropicBrew"},{"floor":23.0,"key":"PowerPotion"},{"floor":24.0,"key":"BloodPotion"},{"floor":25.0,"key":"SpeedPotion"},{"floor":30.0,"key":"Swift Potion"},{"floor":40.0,"key":"BloodPotion"},{"floor":42.0,"key":"SpeedPotion"},{"floor":48.0,"key":"SteroidPotion"}],"is_trial":false,"path_per_floor":["M","?","M","M","$","R","E","M","T","M","?","?","E","?","R","B",null,"M","$","?","M","?","E","M","E","T","R","M","R","M","?","R","B",null,"M","$","M","$","M","E","$","E","T","E","?","R","$","?","R","B",null],"character_chosen":"IRONCLAD","items_purchased":["Membership Card","Champion Belt","Vajra","Question Card","ClockworkSouvenir","Mummified Hand","Explosive Potion","Lee\u0027s Waffle","Pen Nib","EntropicBrew"],"campfire_rested":3,"item_purchase_floors":[5,5,19,36,36,38,38,41,41,47],"current_hp_per_floor":[47,47,52,58,58,58,30,20,20,20,40,40,36,18,45,45,90,82,82,82,68,68,68,57,53,53,53,43,43,25,25,52,31,90,71,71,75,75,56,16,109,105,105,85,85,85,85,76,108,73],"gold":130,"neow_bonus":"TWO_FIFTY_GOLD","is_prod":false,"is_daily":false,"chose_seed":false,"campfire_upgraded":4,"win_rate":0,"timestamp":1552690040,"path_taken":["M","?","?","M","$","R","E","M","T","M","?","?","E","?","R","BOSS","M","$","?","?","?","E","M","E","T","R","M","R","M","?","R","BOSS","M","$","?","$","M","E","$","E","T","E","?","R","?","?","R","BOSS"],"build_version":"2019-02-06","purchased_purges":3,"victory":true,"max_hp_per_floor":[80,80,80,80,80,80,80,80,80,80,80,80,90,90,90,90,90,90,90,90,90,90,90,90,90,90,90,90,90,90,90,90,90,90,94,94,98,98,102,102,109,109,109,109,109,109,109,109,109,113],"card_choices":[{"not_picked":["Pommel Strike","Burning Pact","Corruption"],"picked":"SKIP","floor":1.0},{"not_picked":["Perfected Strike","True Grit"],"picked":"Heavy Blade","floor":3.0},{"not_picked":["Fire Breathing","Body Slam","Armaments"],"picked":"SKIP","floor":4.0},{"not_picked":["Anger","Clothesline","Cleave"],"picked":"SKIP","floor":7.0},{"not_picked":["Thunderclap","Hemokinesis"],"picked":"Offering","floor":8.0},{"not_picked":["Battle Trance","Headbutt+1"],"picked":"Inflame","floor":10.0},{"not_picked":["True Grit","Twin Strike+1"],"picked":"Limit Break","floor":13.0},{"not_picked":["Reaper+1","Brutality"],"picked":"Double Tap","floor":16.0},{"not_picked":["Wild Strike+1","Cleave+1","Iron Wave+1"],"picked":"SKIP","floor":18.0},{"not_picked":["Heavy Blade+1","Bloodletting+1","Armaments"],"picked":"SKIP","floor":21.0},{"not_picked":["Flex","Clash+1","Bludgeon+1"],"picked":"SKIP","floor":23.0},{"not_picked":["Body Slam+1","Perfected Strike+1","Pommel Strike+1"],"picked":"SKIP","floor":24.0},{"not_picked":["Cleave+1","Wild Strike+1","Warcry+1"],"picked":"SKIP","floor":25.0},{"not_picked":["Havoc","Corruption"],"picked":"Sword Boomerang+1","floor":28.0},{"not_picked":["Combust","Twin Strike+1","Clash+1"],"picked":"SKIP","floor":30.0},{"not_picked":["Offering","Limit Break"],"picked":"Feed+1","floor":33.0},{"not_picked":["Second Wind+1","Heavy Blade+1","Cleave+1"],"picked":"SKIP","floor":35.0},{"not_picked":["Perfected Strike+1","Clothesline+1","Sword Boomerang+1","Headbutt+1"],"picked":"SKIP","floor":37.0},{"not_picked":["Heavy Blade+1","Pommel Strike+1","Sever Soul+1","Warcry"],"picked":"SKIP","floor":39.0},{"not_picked":["Pommel Strike+1","Sword Boomerang+1","Iron Wave+1"],"picked":"Pummel+1","floor":40.0},{"not_picked":["Iron Wave+1","Twin Strike+1","Searing Blow+1","Thunderclap+1"],"picked":"SKIP","floor":42.0},{"not_picked":["Flex+1","Blood for Blood+1","Berserk","True Grit"],"picked":"SKIP","floor":44.0}],"player_experience":1262320,"relics_obtained":[{"floor":7.0,"key":"Ornamental Fan"},{"floor":9.0,"key":"Molten Egg 2"},{"floor":13.0,"key":"Pear"},{"floor":23.0,"key":"Ginger"},{"floor":25.0,"key":"Blue Candle"},{"floor":26.0,"key":"Shuriken"},{"floor":40.0,"key":"Gambling Chip"},{"floor":40.0,"key":"Meat on the Bone"},{"floor":42.0,"key":"Mercury Hourglass"},{"floor":42.0,"key":"The Courier"},{"floor":43.0,"key":"Red Skull"},{"floor":44.0,"key":"Letter Opener"},{"floor":44.0,"key":"Gremlin Horn"},{"floor":48.0,"key":"Incense Burner"}],"event_choices":[{"damage_healed":0.0,"max_hp_gain":0.0,"max_hp_loss":0.0,"gold_gain":0.0,"event_name":"Match and Keep!","player_choice":"2 cards matched","floor":2.0,"gold_loss":0.0,"damage_taken":0.0,"cards_obtained":["Armaments","Bash"]},{"damage_healed":20.0,"max_hp_gain":0.0,"max_hp_loss":0.0,"gold_gain":0.0,"event_name":"The Cleric","player_choice":"Healed","floor":11.0,"gold_loss":35.0,"damage_taken":0.0},{"damage_healed":0.0,"max_hp_gain":0.0,"max_hp_loss":0.0,"gold_gain":0.0,"event_name":"Liars Game","player_choice":"Ignored","floor":12.0,"gold_loss":0.0,"damage_taken":0.0},{"damage_healed":0.0,"max_hp_gain":0.0,"max_hp_loss":0.0,"gold_gain":0.0,"event_name":"Shining Light","player_choice":"Entered Light","floor":14.0,"gold_loss":0.0,"damage_taken":18.0,"cards_upgraded":["Strike_R","Offering"]},{"damage_healed":0.0,"max_hp_gain":0.0,"max_hp_loss":0.0,"gold_gain":0.0,"event_name":"N\u0027loth","player_choice":"Traded Relic","floor":20.0,"relics_lost":["Pear"],"gold_loss":0.0,"damage_taken":0.0,"relics_obtained":["Nloth\u0027s Gift"]},{"damage_healed":0.0,"max_hp_gain":0.0,"max_hp_loss":0.0,"gold_gain":0.0,"event_name":"Ghosts","player_choice":"Ignored","floor":22.0,"gold_loss":0.0,"damage_taken":0.0},{"damage_healed":0.0,"max_hp_gain":0.0,"max_hp_loss":0.0,"gold_gain":275.0,"event_name":"Golden Shrine","player_choice":"Desecrate","floor":31.0,"gold_loss":0.0,"damage_taken":0.0,"cards_obtained":["Regret"]},{"damage_healed":0.0,"max_hp_gain":0.0,"max_hp_loss":0.0,"gold_gain":0.0,"event_name":"SecretPortal","player_choice":"Ignored","floor":45.0,"gold_loss":0.0,"damage_taken":0.0},{"damage_healed":0.0,"max_hp_gain":0.0,"max_hp_loss":0.0,"gold_gain":0.0,"event_name":"MindBloom","player_choice":"Fight","floor":48.0,"gold_loss":0.0,"damage_taken":0.0}],"is_beta":true,"boss_relics":[{"not_picked":["Runic Cube","Sozu"],"picked":"Astrolabe"},{"not_picked":["Pandora\u0027s Box","Tiny House"],"picked":"Black Star"}],"items_purged_floors":[19,36,38],"is_endless":false,"potions_floor_spawned":[4,10,13,23,24,25,30,40,42,48],"ascension_level":0}