{"gold_per_floor":[112,132,148,168,243,243,264,264,264,275,287,299,315,326,326,429,429,443,467,467,86,101,101],"floor_reached":23,"playtime":833,"items_purged":["Writhe"],"score":234,"play_id":"1e4c39a5-021e-4c5a-8277-32ce1a5ade02","local_time":"20180810205634","is_ascension_mode":true,"campfire_choices":[{"data":"Blade Dance","floor":6,"key":"SMITH"},{"data":"Accuracy","floor":8,"key":"SMITH"},{"floor":15,"key":"REST"}],"neow_cost":"","seed_source_timestamp":674911031206800,"circlet_count":0,"master_deck":["Defend_G","Defend_G","Defend_G","Defend_G","Defend_G","Strike_G","Strike_G","Survivor","Neutralize","Blade Dance+1","Accuracy","Accuracy+1","Deflect","Escape Plan","Escape Plan","Deflect","A Thousand Cuts","Riddle With Holes+1","Phantasmal Killer+1","Masterful Stab+1","Footwork","Backstab"],"relics":["Ring of the Snake","Odd Mushroom","Smiling Mask","Astrolabe","Bag of Marbles","The Courier","Ornamental Fan"],"potions_floor_usage":[7,7,12,16,16,23],"damage_taken":[{"damage":2,"enemies":"Small Slimes","floor":1,"turns":4},{"damage":1,"enemies":"Cultist","floor":2,"turns":4},{"damage":2,"enemies":"Jaw Worm","floor":3,"turns":4},{"damage":6,"enemies":"2 Fungi Beasts","floor":4,"turns":5},{"damage":12,"floor":7,"turns":6},{"damage":6,"enemies":"3 Louse","floor":10,"turns":4},{"damage":0,"enemies":"Blue Slaver","floor":11,"turns":4},{"damage":5,"enemies":"Gremlin Gang","floor":12,"turns":5},{"damage":8,"enemies":"Red Slaver","floor":13,"turns":5},{"damage":3,"enemies":"Looter","floor":14,"turns":3},{"damage":32,"enemies":"Slime Boss","floor":16,"turns":14},{"damage":22,"enemies":"2 Thieves","floor":18,"turns":4},{"damage":15,"enemies":"Spheric Guardian","floor":22,"turns":6},{"damage":16,"enemies":"Gremlin Leader","floor":23,"turns":2}],"seed_played":"-8769509391392286842","potions_obtained":[{"floor":1,"key":"Dexterity Potion"},{"floor":2,"key":"Swift Potion"},{"floor":7,"key":"Block Potion"},{"floor":13,"key":"AttackPotion"},{"floor":14,"key":"SkillPotion"},{"floor":22,"key":"Fire Potion"}],"is_trial":false,"path_per_floor":["M","M","M","M","?","R","?","R","T","M","M","M","M","M","R","B",null,"M","T","?","$","M"],"character_chosen":"THE_SILENT","items_purchased":["Ornamental Fan","Footwork","Backstab"],"campfire_rested":1,"item_purchase_floors":[21,21,21],"current_hp_per_floor":[68,67,65,59,48,48,36,36,36,30,30,25,17,14,35,3,53,31,31,31,31,16,0],"gold":101,"neow_bonus":"","is_prod":false,"is_daily":false,"chose_seed":false,"campfire_upgraded":2,"win_rate":0,"timestamp":1533959794,"path_taken":["M","M","M","M","?","R","?","R","T","M","?","M","M","M","R","BOSS","M","?","?","$","M","E"],"build_version":"2018-08-08","purchased_purges":1,"victory":false,"max_hp_per_floor":[70,70,70,70,70,70,70,70,70,70,70,70,70,70,70,70,70,70,70,70,70,70,70],"card_choices":[{"not_picked":["Riddle With Holes","Deflect"],"picked":"Blade Dance","floor":1},{"not_picked":["Leg Sweep","Skewer"],"picked":"Accuracy","floor":2},{"not_picked":["Masterful Stab","Concentrate"],"picked":"Accuracy","floor":3},{"not_picked":["Dagger Throw","Underhanded Strike","Bane"],"picked":"SKIP","floor":4},{"not_picked":["Quick Slash","Flechettes"],"picked":"Deflect","floor":7},{"not_picked":["Leg Sweep","Outmaneuver"],"picked":"Escape Plan","floor":10},{"not_picked":["Bane","Dagger Throw","Bouncing Flask"],"picked":"SKIP","floor":11},{"not_picked":["Slice","Deadly Poison"],"picked":"Escape Plan","floor":12},{"not_picked":["Riddle With Holes","Grand Finale","Slice"],"picked":"SKIP","floor":13},{"not_picked":["Riddle With Holes","Catalyst"],"picked":"Deflect","floor":14},{"not_picked":["Unload","Burst"],"picked":"A Thousand Cuts","floor":16},{"not_picked":["Deadly Poison","Finisher+1","Bane"],"picked":"SKIP","floor":18},{"not_picked":["Underhanded Strike","Dodge and Roll","Masterful Stab"],"picked":"SKIP","floor":22}],"player_experience":219973,"relics_obtained":[{"floor":7,"key":"Odd Mushroom"},{"floor":9,"key":"Smiling Mask"},{"floor":19,"key":"Bag of Marbles"}],"event_choices":[{"event_name":"World of Goop","player_choice":"Gather Gold","floor":5,"damage_taken":0},{"event_name":"Mushrooms","player_choice":"Fought Mushrooms","floor":7,"damage_taken":0},{"event_name":"The Mausoleum","player_choice":"Yes","floor":20,"damage_taken":0}],"is_beta":true,"boss_relics":[{"not_picked":["Fusion Hammer","Runic Pyramid"],"picked":"Astrolabe"}],"items_purged_floors":[21],"is_endless":false,"potions_floor_spawned":[1,2,7,13,14,22],"killed_by":"Gremlin Leader","ascension_level":5}