{"gold_per_floor":[118,132,57,57,74,87,87,105,105,105,105,105,140,159,159,255,255,280,195,210,230,230],"floor_reached":22,"playtime":559,"items_purged":["Defend_R"],"score":376,"play_id":"f5c3c248-3d16-4ae2-87c4-17c83538acec","local_time":"20190403001342","is_ascension_mode":true,"campfire_choices":[{"data":"Inflame","floor":7,"key":"SMITH"},{"floor":12,"key":"REST"},{"data":"Bash","floor":15,"key":"SMITH"}],"neow_cost":"PERCENT_DAMAGE","seed_source_timestamp":1119401765998499,"circlet_count":0,"master_deck":["AscendersBane","Strike_R","Strike_R","Strike_R","Strike_R","Defend_R","Defend_R","Bash+1","Impervious","Carnage","Inflame+1","Sword Boomerang","Sword Boomerang","Reaper","Heavy Blade"],"relics":["Burning Blood","Strawberry","Vajra","Golden Idol","Dodecahedron","Sozu","Bronze Scales"],"potions_floor_usage":[6,13,16,16],"damage_taken":[{"damage":1,"enemies":"Cultist","floor":1,"turns":3},{"damage":10,"enemies":"Small Slimes","floor":2,"turns":3},{"damage":12,"enemies":"Jaw Worm","floor":5,"turns":2},{"damage":8,"enemies":"3 Louse","floor":6,"turns":4},{"damage":12,"enemies":"Looter","floor":8,"turns":3},{"damage":23,"enemies":"Lagavulin","floor":13,"turns":5},{"damage":9,"enemies":"2 Fungi Beasts","floor":14,"turns":2},{"damage":26,"enemies":"Slime Boss","floor":16,"turns":9},{"damage":31,"enemies":"3 Byrds","floor":18,"turns":5},{"damage":0,"enemies":"Chosen","floor":20,"turns":2},{"damage":24,"enemies":"Snake Plant","floor":21,"turns":2},{"damage":45,"enemies":"Shelled Parasite and Fungi","floor":22,"turns":3}],"seed_played":"-8632432844475689026","potions_obtained":[{"floor":2,"key":"SteroidPotion"},{"floor":5,"key":"SkillPotion"},{"floor":8,"key":"Block Potion"},{"floor":14,"key":"Strength Potion"}],"is_trial":false,"path_per_floor":["M","M","$","?","M","M","R","M","T","$","?","R","E","M","R","B",null,"M","?","M","M","M"],"character_chosen":"IRONCLAD","items_purchased":[],"campfire_rested":1,"item_purchase_floors":[],"current_hp_per_floor":[55,51,51,40,34,32,32,26,26,26,26,48,31,28,28,8,58,45,45,51,33,0],"gold":230,"neow_bonus":"TRANSFORM_TWO_CARDS","is_prod":false,"is_daily":false,"chose_seed":false,"campfire_upgraded":2,"win_rate":0,"timestamp":1554243222,"path_taken":["M","?","?","?","M","M","R","M","T","?","?","R","E","M","R","BOSS","M","?","M","M","M"],"build_version":"2019-03-15","purchased_purges":1,"victory":false,"max_hp_per_floor":[75,75,75,82,82,82,82,82,82,82,74,74,74,74,74,74,74,74,74,74,74,74],"card_choices":[{"not_picked":["Clothesline","Armaments"],"picked":"Inflame","floor":1},{"not_picked":["Wild Strike","Disarm","Cleave"],"picked":"SKIP","floor":2},{"not_picked":["Havoc","Infernal Blade","Armaments"],"picked":"SKIP","floor":5},{"not_picked":["True Grit","Pommel Strike"],"picked":"Sword Boomerang","floor":6},{"not_picked":["Seeing Red","Flex","Warcry"],"picked":"SKIP","floor":8},{"not_picked":["Sword Boomerang","Warcry","Iron Wave"],"picked":"SKIP","floor":13},{"not_picked":["Warcry","Iron Wave"],"picked":"Sword Boomerang","floor":13},{"not_picked":["Flex","Wild Strike","Thunderclap"],"picked":"SKIP","floor":14},{"not_picked":["Offering","Juggernaut"],"picked":"Reaper","floor":16},{"not_picked":["Flex+1","Wild Strike"],"picked":"Heavy Blade","floor":18},{"not_picked":["Cleave","Evolve","Wild Strike"],"picked":"SKIP","floor":20},{"not_picked":["Armaments","Infernal Blade","Wild Strike"],"picked":"SKIP","floor":21}],"player_experience":1326784,"relics_obtained":[{"floor":9,"key":"Vajra"},{"floor":13,"key":"Dodecahedron"}],"event_choices":[{"damage_healed":0,"gold_gain":0,"player_choice":"Success","damage_taken":18,"relics_obtained":["Strawberry"],"max_hp_gain":0,"max_hp_loss":0,"event_name":"Scrap Ooze","floor":4,"gold_loss":0},{"damage_healed":0,"gold_gain":0,"player_choice":"Lose Max HP","damage_taken":0,"relics_obtained":["Golden Idol"],"max_hp_gain":0,"max_hp_loss":8,"event_name":"Golden Idol","floor":11,"gold_loss":0},{"damage_healed":0,"gold_gain":0,"player_choice":"Obtained Relic","damage_taken":0,"relics_obtained":["Bronze Scales"],"max_hp_gain":0,"max_hp_loss":0,"event_name":"Addict","floor":19,"gold_loss":85}],"is_beta":true,"boss_relics":[{"not_picked":["Runic Dome","Calling Bell"],"picked":"Sozu"}],"items_purged_floors":[3],"is_endless":false,"potions_floor_spawned":[2,5,8,14,18],"killed_by":"Shelled Parasite and Fungi","ascension_level":20}