{"gold_per_floor":[359,534,534,550,550,590,127,146,146,161,180,180,203,48,48,177,177,190,215,215,233,248,248,173,197,197,215,115,138,138],"floor_reached":30,"playtime":1885,"items_purged":["Doubt","Regret"],"score":342,"play_id":"977dab47-1fd9-46ea-8d06-2b4b0c4d8151","local_time":"20190501014819","is_ascension_mode":true,"campfire_choices":[{"floor":12,"key":"REST"},{"data":"Apotheosis","floor":15,"key":"SMITH"},{"floor":23,"key":"REST"}],"neow_cost":"PERCENT_DAMAGE","seed_source_timestamp":235269781854103,"circlet_count":0,"master_deck":["Strike_B","Strike_B","Strike_B","Strike_B","Defend_B","Defend_B","Defend_B","Defend_B","Zap","Dualcast","Steam","Sunder","Steam Power","Apotheosis+1","Conserve Battery","Beam Cell","Streamline","Chill","Electrodynamics","Core Surge","Ball Lightning","FTL+1","Hologram+1","Conserve Battery+1"],"relics":["Cracked Core","Golden Idol","Dead Branch","Kunai","Cables","Cursed Key","Bottled Tornado","Ancient Tea Set"],"potions_floor_usage":[16,27,30,30,30],"damage_taken":[{"damage":3,"enemies":"2 Louse","floor":1,"turns":4},{"damage":1,"enemies":"Jaw Worm","floor":4,"turns":3},{"damage":32,"enemies":"Gremlin Nob","floor":6,"turns":4},{"damage":0,"enemies":"Small Slimes","floor":8,"turns":2},{"damage":0,"enemies":"Blue Slaver","floor":10,"turns":3},{"damage":6,"enemies":"Red Slaver","floor":11,"turns":3},{"damage":6,"enemies":"Gremlin Gang","floor":13,"turns":3},{"damage":8,"enemies":"Hexaghost","floor":16,"turns":8},{"damage":12,"enemies":"2 Thieves","floor":18,"turns":4},{"damage":7,"enemies":"3 Byrds","floor":19,"turns":3},{"damage":28,"enemies":"Snecko","floor":21,"turns":5},{"damage":0,"enemies":"3 Cultists","floor":22,"turns":3},{"damage":0,"enemies":"Sentry and Sphere","floor":25,"turns":3},{"damage":16,"enemies":"Snecko","floor":27,"turns":4},{"damage":0,"enemies":"3 Cultists","floor":29,"turns":2},{"damage":13,"enemies":"Book of Stabbing","floor":30,"turns":2}],"seed_played":"-8786315491180482971","potions_obtained":[{"floor":6,"key":"Poison Potion"},{"floor":8,"key":"Strength Potion"},{"floor":10,"key":"SteroidPotion"},{"floor":11,"key":"EssenceOfSteel"},{"floor":22,"key":"LiquidBronze"},{"floor":27,"key":"Strength Potion"}],"is_trial":false,"path_per_floor":["M","?","?","M","?","E","$","M","T","M","M","R","M","$","R","B",null,"M","M","T","M","M","R","$","M","T","M","$","M","E"],"character_chosen":"DEFECT","items_purchased":["Apotheosis","Kunai","Conserve Battery","Electrodynamics"],"campfire_rested":2,"item_purchase_floors":[7,7,7,14],"current_hp_per_floor":[47,47,47,46,46,14,14,14,14,14,8,28,22,22,22,14,55,43,36,36,8,8,28,28,28,28,12,12,12,0],"gold":138,"neow_bonus":"TWO_FIFTY_GOLD","is_prod":false,"is_daily":false,"chose_seed":false,"campfire_upgraded":1,"win_rate":0,"timestamp":1556711299,"path_taken":["M","?","?","M","?","E","$","M","T","M","M","R","M","?","R","BOSS","M","M","?","?","M","R","$","M","T","M","$","?","E"],"build_version":"2019-01-23","purchased_purges":2,"victory":false,"max_hp_per_floor":[75,75,75,75,69,69,69,69,69,69,69,69,69,69,69,69,69,69,69,69,69,69,69,69,69,69,69,69,69,69],"card_choices":[{"not_picked":["Rebound","Reinforced Body"],"picked":"Steam","floor":1},{"not_picked":["Redo","Conserve Battery"],"picked":"Sunder","floor":4},{"not_picked":["Gash","Skim"],"picked":"Steam Power","floor":6},{"not_picked":["Blizzard","Aggregate"],"picked":"Beam Cell","floor":8},{"not_picked":["Stack","Conserve Battery"],"picked":"Streamline","floor":10},{"not_picked":["Static Discharge","Stack","Double Energy"],"picked":"SKIP","floor":11},{"not_picked":["Auto Shields","Lockon"],"picked":"Chill","floor":13},{"not_picked":["Electrodynamics","Hyperbeam"],"picked":"Core Surge","floor":16},{"not_picked":["Stack","Heatsinks","Capacitor"],"picked":"SKIP","floor":18},{"not_picked":["Beam Cell","Redo"],"picked":"Ball Lightning","floor":19},{"not_picked":["Hello World","Force Field","Coolheaded"],"picked":"SKIP","floor":21},{"not_picked":["Sweeping Beam","Storm","Barrage"],"picked":"SKIP","floor":22},{"not_picked":["Rebound","Hologram"],"picked":"FTL+1","floor":25},{"not_picked":["Go for the Eyes+1","Turbo"],"picked":"Hologram+1","floor":27},{"not_picked":["Ball Lightning+1","Hyperbeam"],"picked":"Conserve Battery+1","floor":29}],"player_experience":344287,"relics_obtained":[{"floor":6,"key":"Dead Branch"},{"floor":9,"key":"Cables"},{"floor":20,"key":"Bottled Tornado"},{"floor":26,"key":"Ancient Tea Set"}],"event_choices":[{"damage_healed":0,"gold_gain":175,"player_choice":"AGREE","damage_taken":0,"max_hp_gain":0,"max_hp_loss":0,"event_name":"Liars Game","floor":2,"gold_loss":0,"cards_obtained":["Doubt"]},{"cards_removed":["Doubt"],"damage_healed":0,"gold_gain":0,"player_choice":"Forget","damage_taken":0,"max_hp_gain":0,"max_hp_loss":0,"event_name":"Living Wall","floor":3,"gold_loss":0},{"damage_healed":0,"gold_gain":0,"player_choice":"Lose Max HP","damage_taken":0,"relics_obtained":["Golden Idol"],"max_hp_gain":0,"max_hp_loss":6,"event_name":"Golden Idol","floor":5,"gold_loss":0}],"is_beta":false,"boss_relics":[{"not_picked":["Sozu","Coffee Dripper"],"picked":"Cursed Key"}],"items_purged_floors":[24,28],"is_endless":false,"potions_floor_spawned":[6,8,10,11,22,27,29],"killed_by":"Book of Stabbing","ascension_level":9}