{"gold_per_floor":[111,111,32,32,48,48,81,6,6,6,32,47,47,63,63,135,135,146,146,10,0,16,16],"floor_reached":23,"playtime":564,"items_purged":["Defend_R","Defend_R"],"score":424,"play_id":"3730ceeb-c187-4596-9301-232997c9942d","local_time":"20190322223026","is_ascension_mode":true,"campfire_choices":[{"data":"Bash","floor":6,"key":"SMITH"},{"data":"Double Tap","floor":10,"key":"SMITH"},{"data":"Sword Boomerang","floor":13,"key":"SMITH"},{"floor":15,"key":"REST"}],"neow_cost":"NONE","seed_source_timestamp":166346771600900,"circlet_count":0,"master_deck":["AscendersBane","Strike_R","Strike_R","Strike_R","Strike_R","Strike_R","Defend_R","Defend_R+1","Bash+1","Shrug It Off+1","Double Tap+1","Dropkick","Sword Boomerang+1","Limit Break","Shrug It Off","Uppercut"],"relics":["Burning Blood","NeowsBlessing","Art of War","Singing Bowl","Pocketwatch","Odd Mushroom","Mark of Pain"],"potions_floor_usage":[11,16,23],"damage_taken":[{"damage":0,"enemies":"Jaw Worm","floor":1,"turns":1},{"damage":0,"enemies":"Small Slimes","floor":5,"turns":2},{"damage":0,"enemies":"Gremlin Nob","floor":7,"turns":1},{"damage":0,"enemies":"The Mushroom Lair","floor":11,"turns":5},{"damage":0,"enemies":"2 Louse","floor":12,"turns":2},{"damage":19,"enemies":"Exordium Wildlife","floor":14,"turns":5},{"damage":30,"enemies":"Slime Boss","floor":16,"turns":8},{"damage":0,"enemies":"Chosen","floor":18,"turns":3},{"damage":22,"enemies":"2 Thieves","floor":22,"turns":3},{"damage":62,"enemies":"Gremlin Leader","floor":23,"turns":5}],"seed_played":"280398816460967415","potions_obtained":[{"floor":1,"key":"PowerPotion"},{"floor":5,"key":"Strength Potion"},{"floor":12,"key":"Ancient Potion"},{"floor":18,"key":"Strength Potion"}],"is_trial":false,"path_per_floor":["M","?","$","?","M","R","E","$","T","R","?","M","R","M","R","B",null,"M","?","$","?","M","E"],"character_chosen":"IRONCLAD","items_purchased":["Double Tap","Uppercut"],"campfire_rested":1,"item_purchase_floors":[3,20],"current_hp_per_floor":[74,39,39,16,22,22,30,30,30,30,36,44,44,33,57,33,69,75,75,75,75,61,0],"gold":16,"neow_bonus":"THREE_ENEMY_KILL","is_prod":false,"is_daily":false,"chose_seed":false,"campfire_upgraded":3,"win_rate":0,"timestamp":1553290226,"path_taken":["M","?","$","?","M","R","E","?","T","R","?","?","R","M","R","BOSS","M","?","$","?","?","E"],"build_version":"2019-03-15","purchased_purges":2,"victory":false,"max_hp_per_floor":[75,75,75,75,75,75,77,77,77,77,77,79,79,81,81,81,81,81,81,81,81,83,83],"card_choices":[{"not_picked":["Hemokinesis","Sword Boomerang"],"picked":"Shrug It Off","floor":1},{"not_picked":["Thunderclap","Intimidate"],"picked":"Dropkick","floor":5},{"not_picked":["Double Tap","Intimidate","Flex"],"picked":"Singing Bowl","floor":7},{"not_picked":["Flame Barrier","Sever Soul"],"picked":"Sword Boomerang","floor":11},{"not_picked":["Infernal Blade","Twin Strike","Combust"],"picked":"Singing Bowl","floor":12},{"not_picked":["Heavy Blade","Clothesline","Sword Boomerang"],"picked":"Singing Bowl","floor":14},{"not_picked":["Brutality","Reaper"],"picked":"Limit Break","floor":16},{"not_picked":["Shockwave","Cleave"],"picked":"Shrug It Off","floor":18},{"not_picked":["Spot Weakness+1","Iron Wave","Body Slam"],"picked":"Singing Bowl","floor":22}],"player_experience":1270914,"relics_obtained":[{"floor":7,"key":"Singing Bowl"},{"floor":9,"key":"Pocketwatch"},{"floor":11,"key":"Odd Mushroom"}],"event_choices":[{"damage_healed":0,"gold_gain":0,"player_choice":"Success","damage_taken":35,"relics_obtained":["Art of War"],"max_hp_gain":0,"max_hp_loss":0,"event_name":"Scrap Ooze","floor":2,"gold_loss":0},{"damage_healed":0,"gold_gain":0,"player_choice":"Entered Light","damage_taken":23,"max_hp_gain":0,"max_hp_loss":0,"event_name":"Shining Light","floor":4,"gold_loss":0,"cards_upgraded":["Shrug It Off","Defend_R"]},{"damage_healed":0,"gold_gain":0,"player_choice":"Fought Mushrooms","damage_taken":0,"max_hp_gain":0,"max_hp_loss":0,"event_name":"Mushrooms","floor":11,"gold_loss":0},{"damage_healed":0,"gold_gain":0,"player_choice":"Ignored","damage_taken":0,"max_hp_gain":0,"max_hp_loss":0,"event_name":"Ghosts","floor":19,"gold_loss":0},{"damage_healed":0,"gold_gain":0,"player_choice":"Paid Fearfully","damage_taken":0,"max_hp_gain":0,"max_hp_loss":0,"event_name":"Masked Bandits","floor":21,"gold_loss":10}],"is_beta":true,"boss_relics":[{"not_picked":["Empty Cage","Coffee Dripper"],"picked":"Mark of Pain"}],"items_purged_floors":[8,20],"is_endless":false,"potions_floor_spawned":[1,5,12,18],"killed_by":"Gremlin Leader","ascension_level":20}