{"gold_per_floor":[114,114,39,14,31,64,64,78,78,108,108,120,133,149,149,225,225,236,248,274,274,290,290,290,324,350,350,350,350,365,382,382,458,458,473,473,473,473,487,487,505,505],"floor_reached":42,"playtime":1290,"items_purged":[],"score":906,"play_id":"0d649e39-79f8-4b23-86a6-6bb94d1909bf","local_time":"20190316191345","is_ascension_mode":true,"campfire_choices":[{"data":"Bash","floor":7,"key":"SMITH"},{"data":"Immolate","floor":11,"key":"SMITH"},{"data":"Disarm","floor":15,"key":"SMITH"},{"data":"Inflame","floor":23,"key":"SMITH"},{"data":"Inflame","floor":27,"key":"SMITH"},{"floor":29,"key":"REST"},{"data":"Limit Break","floor":32,"key":"SMITH"},{"floor":40,"key":"RECALL"}],"neow_cost":"NONE","seed_source_timestamp":246104834137500,"circlet_count":0,"master_deck":["AscendersBane","Strike_R","Strike_R","Strike_R","Strike_R","Defend_R","Defend_R","Defend_R","Defend_R","Bash+1","Shrug It Off","Flame Barrier","Immolate+1","Disarm+1","Heavy Blade","Double Tap","Impervious","Inflame+1","Inflame+1","Sword Boomerang","Writhe","Limit Break+1","Madness","Madness","Panacea","Armaments+1","Shrug It Off+1"],"relics":["Burning Blood","NeowsBlessing","Unceasing Top","Ginger","Gambling Chip","Runic Pyramid","Dream Catcher","Pantograph","Juzu Bracelet","Oddly Smooth Stone","Velvet Choker"],"potions_floor_usage":[10,12,16,25,33],"damage_taken":[{"damage":0,"enemies":"Small Slimes","floor":1,"turns":1},{"damage":0,"enemies":"Jaw Worm","floor":5,"turns":1},{"damage":0,"enemies":"3 Sentries","floor":6,"turns":2},{"damage":6,"enemies":"Cultist","floor":8,"turns":3},{"damage":35,"enemies":"Lagavulin","floor":10,"turns":6},{"damage":0,"enemies":"Red Slaver","floor":12,"turns":3},{"damage":0,"enemies":"Large Slime","floor":13,"turns":3},{"damage":2,"enemies":"Exordium Thugs","floor":14,"turns":3},{"damage":21,"enemies":"The Guardian","floor":16,"turns":9},{"damage":19,"enemies":"2 Thieves","floor":18,"turns":4},{"damage":1,"enemies":"3 Byrds","floor":19,"turns":4},{"damage":9,"enemies":"Centurion and Healer","floor":22,"turns":4},{"damage":28,"enemies":"Gremlin Leader","floor":25,"turns":8},{"damage":11,"enemies":"Sentry and Sphere","floor":30,"turns":3},{"damage":20,"enemies":"Shelled Parasite and Fungi","floor":31,"turns":6},{"damage":55,"enemies":"Collector","floor":33,"turns":6},{"damage":0,"enemies":"3 Shapes","floor":35,"turns":5},{"damage":0,"enemies":"3 Darklings","floor":39,"turns":1},{"damage":26,"enemies":"Sphere and 2 Shapes","floor":41,"turns":6},{"damage":70,"enemies":"Transient","floor":42,"turns":3}],"seed_played":"-8192097080513655029","potions_obtained":[{"floor":1,"key":"Fire Potion"},{"floor":5,"key":"Explosive Potion"},{"floor":14,"key":"Energy Potion"},{"floor":16,"key":"Weak Potion"},{"floor":19,"key":"SteroidPotion"},{"floor":28,"key":"AttackPotion"},{"floor":30,"key":"Block Potion"},{"floor":33,"key":"FearPotion"}],"is_trial":false,"path_per_floor":["M","?","?","$","M","E","R","M","T","E","R","M","M","M","R","B",null,"M","M","T","?","M","R","?","E","T","R","?","R","M","M","R","B",null,"M","?","?","?","M","R","M","M"],"character_chosen":"IRONCLAD","items_purchased":["Shrug It Off"],"campfire_rested":1,"item_purchase_floors":[4],"current_hp_per_floor":[74,74,74,74,75,75,75,75,75,46,46,52,58,62,62,47,68,55,60,60,60,57,57,57,35,35,35,35,57,52,38,38,14,60,66,66,52,52,58,58,38,0],"gold":505,"neow_bonus":"THREE_ENEMY_KILL","is_prod":false,"is_daily":false,"chose_seed":false,"campfire_upgraded":6,"win_rate":0,"timestamp":1552760025,"path_taken":["M","?","?","?","M","E","R","M","T","E","R","?","M","M","R","BOSS","M","M","?","?","?","R","?","E","T","R","?","R","M","M","R","BOSS","M","?","?","?","M","R","M","M"],"build_version":"2019-03-15","purchased_purges":0,"victory":false,"max_hp_per_floor":[75,75,75,75,75,75,75,75,75,75,75,75,75,75,75,75,75,75,75,75,75,75,75,75,75,75,75,75,75,75,75,75,75,75,75,75,75,75,75,75,75,75],"card_choices":[{"not_picked":["Rupture","Clothesline","Clash"],"picked":"SKIP","floor":1},{"not_picked":["Reckless Charge","Clothesline"],"picked":"Flame Barrier","floor":5},{"not_picked":["Warcry","Perfected Strike"],"picked":"Immolate","floor":6},{"not_picked":["Cleave","Seeing Red","Power Through"],"picked":"SKIP","floor":8},{"not_picked":["Sever Soul","Clash","Iron Wave"],"picked":"SKIP","floor":10},{"not_picked":["Havoc","Armaments"],"picked":"Disarm","floor":12},{"not_picked":["Anger","Clothesline"],"picked":"Heavy Blade","floor":13},{"not_picked":["Rage","Anger"],"picked":"Double Tap","floor":14},{"not_picked":["Bludgeon","Berserk"],"picked":"Impervious","floor":16},{"not_picked":["Hemokinesis","True Grit"],"picked":"Inflame","floor":18},{"not_picked":["Pommel Strike+1","Battle Trance","Perfected Strike"],"picked":"SKIP","floor":19},{"not_picked":["Bloodletting","Cleave"],"picked":"Sword Boomerang","floor":22},{"not_picked":["Thunderclap","Clash","Metallicize"],"picked":"SKIP","floor":25},{"not_picked":["Rage","Havoc"],"picked":"Limit Break","floor":29},{"not_picked":["Clothesline+1","Disarm","Body Slam+1"],"picked":"SKIP","floor":30},{"not_picked":["Headbutt","Clothesline+1","Whirlwind"],"picked":"SKIP","floor":31},{"not_picked":["Twin Strike","Iron Wave+1","Pommel Strike+1"],"picked":"SKIP","floor":35},{"not_picked":["Flash of Steel","PanicButton"],"picked":"Panacea","floor":38},{"not_picked":["Flex","Cleave"],"picked":"Armaments+1","floor":39},{"not_picked":["Warcry","Power Through"],"picked":"Shrug It Off+1","floor":41}],"player_experience":1263961,"relics_obtained":[{"floor":6,"key":"Ginger"},{"floor":10,"key":"Gambling Chip"},{"floor":20,"key":"Dream Catcher"},{"floor":25,"key":"Juzu Bracelet"},{"floor":26,"key":"Oddly Smooth Stone"}],"event_choices":[{"damage_healed":0,"gold_gain":0,"player_choice":"Box","damage_taken":0,"relics_obtained":["Unceasing Top"],"max_hp_gain":0,"max_hp_loss":0,"event_name":"Big Fish","floor":2,"gold_loss":0,"cards_obtained":["Regret"]},{"cards_removed":["Regret"],"damage_healed":0,"gold_gain":0,"player_choice":"Card Removal","damage_taken":0,"max_hp_gain":0,"max_hp_loss":0,"event_name":"The Cleric","floor":3,"gold_loss":75},{"damage_healed":0,"gold_gain":0,"player_choice":"Copied","damage_taken":0,"max_hp_gain":0,"max_hp_loss":0,"event_name":"Duplicator","floor":21,"gold_loss":0,"cards_obtained":["Inflame"]},{"damage_healed":0,"gold_gain":0,"player_choice":"Opened","damage_taken":0,"relics_obtained":["Pantograph"],"max_hp_gain":0,"max_hp_loss":0,"event_name":"The Mausoleum","floor":24,"gold_loss":0,"cards_obtained":["Writhe"]},{"damage_healed":0,"gold_gain":0,"player_choice":"Got Potions","damage_taken":0,"max_hp_gain":0,"max_hp_loss":0,"event_name":"Lab","floor":28,"gold_loss":0},{"cards_removed":["Strike_R"],"damage_healed":0,"gold_gain":0,"player_choice":"Removed Attack","damage_taken":0,"max_hp_gain":0,"max_hp_loss":0,"event_name":"Falling","floor":36,"gold_loss":0},{"damage_healed":0,"gold_gain":0,"player_choice":"Embrace Madness","damage_taken":14,"max_hp_gain":0,"max_hp_loss":0,"event_name":"Winding Halls","floor":37,"gold_loss":0,"cards_obtained":["Madness","Madness"]},{"damage_healed":0,"gold_gain":0,"player_choice":"Memory 1","damage_taken":0,"max_hp_gain":0,"max_hp_loss":0,"event_name":"SensoryStone","floor":38,"gold_loss":0}],"is_beta":true,"boss_relics":[{"not_picked":["Ectoplasm","Runic Cube"],"picked":"Runic Pyramid"},{"not_picked":["Tiny House","Pandora\u0027s Box"],"picked":"Velvet Choker"}],"items_purged_floors":[],"is_endless":false,"potions_floor_spawned":[1,5,14,16,19,30,33,39],"killed_by":"Transient","ascension_level":20}