{"gold_per_floor":[109,109,259,334,150,150,177,177,252,266,266,290,3,24,24,24],"floor_reached":16,"playtime":358,"items_purged":["Doubt"],"score":246,"play_id":"dd9204ff-cfdd-4582-902b-868ea6bc121b","local_time":"20181231235214","is_ascension_mode":true,"campfire_choices":[{"data":"Zap","floor":6,"key":"SMITH"},{"data":"Go for the Eyes","floor":8,"key":"SMITH"},{"floor":15,"key":"REST"}],"neow_cost":"NONE","seed_source_timestamp":5893999620200,"circlet_count":0,"master_deck":["AscendersBane","Strike_B","Strike_B","Strike_B","Strike_B","Defend_B","Defend_B","Defend_B","Defend_B+1","Zap+1","Dualcast+1","Ball Lightning","Conserve Battery","Self Repair","Go for the Eyes+1","Conserve Battery","Injury","Machine Learning","FTL"],"relics":["Cracked Core","NeowsBlessing","Du-Vu Doll","Sundial","Golden Idol","Mummified Hand"],"potions_floor_usage":[14,16],"damage_taken":[{"damage":0,"enemies":"Small Slimes","floor":1,"turns":1},{"damage":0,"enemies":"Lagavulin","floor":7,"turns":1},{"damage":0,"enemies":"2 Louse","floor":10,"turns":1},{"damage":0,"enemies":"Jaw Worm","floor":12,"turns":3},{"damage":23,"enemies":"Gremlin Gang","floor":14,"turns":4},{"damage":55,"enemies":"Slime Boss","floor":16,"turns":6}],"seed_played":"7911453742732164467","potions_obtained":[{"floor":10,"key":"GamblersBrew"},{"floor":12,"key":"Fire Potion"}],"is_trial":false,"path_per_floor":["M","?","?","?","$","R","E","R","T","M","?","M","$","M","R","B"],"character_chosen":"DEFECT","items_purchased":["Conserve Battery","Self Repair","Mummified Hand"],"campfire_rested":1,"item_purchase_floors":[5,5,13],"current_hp_per_floor":[64,43,43,32,32,32,32,32,32,32,32,39,39,23,44,0],"gold":24,"neow_bonus":"THREE_ENEMY_KILL","is_prod":false,"is_daily":false,"chose_seed":false,"campfire_upgraded":2,"win_rate":0,"timestamp":1546296734,"path_taken":["M","?","?","?","$","R","E","R","T","M","?","?","$","M","R","BOSS"],"build_version":"2018-12-25","purchased_purges":1,"victory":false,"max_hp_per_floor":[71,71,71,71,71,71,71,71,71,71,71,71,71,71,71,71],"card_choices":[{"not_picked":["Barrage","Hologram"],"picked":"Ball Lightning","floor":1},{"not_picked":["Self Repair","Lockon"],"picked":"Go for the Eyes","floor":7},{"not_picked":["Streamline","Double Energy"],"picked":"Conserve Battery","floor":10},{"not_picked":["Cold Snap","Blizzard"],"picked":"Machine Learning","floor":12},{"not_picked":["Steam","Heatsinks"],"picked":"FTL","floor":14}],"player_experience":994302,"relics_obtained":[{"floor":7,"key":"Du-Vu Doll"},{"floor":9,"key":"Sundial"}],"event_choices":[{"damage_healed":0,"gold_gain":0,"player_choice":"Entered Light","damage_taken":21,"max_hp_gain":0,"max_hp_loss":0,"event_name":"Shining Light","floor":2,"gold_loss":0,"cards_upgraded":["Dualcast","Defend_B"]},{"damage_healed":0,"gold_gain":150,"player_choice":"AGREE","damage_taken":0,"max_hp_gain":0,"max_hp_loss":0,"event_name":"Liars Game","floor":3,"gold_loss":0,"cards_obtained":["Doubt"]},{"damage_healed":0,"gold_gain":75,"player_choice":"Gather Gold","damage_taken":11,"max_hp_gain":0,"max_hp_loss":0,"event_name":"World of Goop","floor":4,"gold_loss":0},{"damage_healed":0,"gold_gain":0,"player_choice":"Take Wound","damage_taken":0,"relics_obtained":["Golden Idol"],"max_hp_gain":0,"max_hp_loss":0,"event_name":"Golden Idol","floor":11,"gold_loss":0,"cards_obtained":["Injury"]}],"is_beta":true,"boss_relics":[],"items_purged_floors":[5],"is_endless":false,"potions_floor_spawned":[10,12],"killed_by":"Slime Boss","ascension_level":20}