{"gold_per_floor":[115,135,410,421,265,265,300,300,326,336,361,64,79,90,90,186,186,197,197,97,22,22,22,52,72,72,86,86,186,96,57,57,158,158,175,191,242,242,254,254,281,281,281,308,115,145,145,145,145,145,145,145,75,109,109],"floor_reached":56,"playtime":2590,"items_purged":["Regret","Strike_G","Defend_G"],"score":1294,"play_id":"3c84aa0b-3440-4ff0-8245-b3977b200c29","local_time":"20181123165300","is_ascension_mode":false,"campfire_choices":[{"data":"Neutralize","floor":6,"key":"SMITH"},{"floor":15,"key":"RECALL"},{"data":"Footwork","floor":23,"key":"SMITH"},{"data":"Noxious Fumes","floor":28,"key":"SMITH"},{"floor":32,"key":"REST"},{"data":"Footwork","floor":40,"key":"SMITH"},{"data":"Cloak And Dagger","floor":42,"key":"SMITH"},{"data":"Cloak And Dagger","floor":49,"key":"SMITH"},{"data":"Blade Dance","floor":52,"key":"SMITH"}],"neow_cost":"NONE","seed_source_timestamp":760564989925882,"circlet_count":0,"master_deck":["Defend_G","Defend_G","Defend_G","Strike_G","Strike_G","Strike_G","Survivor","Neutralize+1","Heel Hook","Blade Dance+1","Escape Plan","Noxious Fumes+1","Footwork+1","Cloak And Dagger+1","Tools of the Trade","Backflip","A Thousand Cuts+1","Infinite Blades","Acrobatics+1","Footwork+1","Malaise","Well Laid Plans","Backstab","Cloak And Dagger+1","Calculated Gamble+1","Caltrops+1","Cloak And Dagger+1","Accuracy","Escape Plan+1","Blur+1"],"relics":["Ring of the Snake","NeowsBlessing","Snake Skull","Bird Faced Urn","Shuriken","Sozu","Enchiridion","Tiny Chest","Kunai","Tough Bandages","Bottled Lightning","Orrery","Turnip","Prayer Wheel","WingedGreaves","Toxic Egg 2","Ginger","Art of War","Singing Bowl","Anchor","Pen Nib"],"potions_floor_usage":[7,11,16,54],"damage_taken":[{"damage":0,"enemies":"Small Slimes","floor":1,"turns":1},{"damage":0,"enemies":"Cultist","floor":2,"turns":1},{"damage":0,"enemies":"2 Louse","floor":4,"turns":1},{"damage":21,"enemies":"Lagavulin","floor":7,"turns":6},{"damage":23,"enemies":"Exordium Thugs","floor":10,"turns":4},{"damage":17,"enemies":"Gremlin Nob","floor":11,"turns":4},{"damage":3,"enemies":"2 Fungi Beasts","floor":13,"turns":4},{"damage":0,"enemies":"Large Slime","floor":14,"turns":5},{"damage":17,"enemies":"Slime Boss","floor":16,"turns":9},{"damage":26,"enemies":"2 Thieves","floor":18,"turns":5},{"damage":0,"enemies":"Spheric Guardian","floor":25,"turns":4},{"damage":10,"enemies":"Centurion and Healer","floor":27,"turns":6},{"damage":9,"enemies":"Colosseum Slavers","floor":29,"turns":4},{"damage":42,"enemies":"Colosseum Nobs","floor":29,"turns":5},{"damage":23,"enemies":"Automaton","floor":33,"turns":7},{"damage":0,"enemies":"3 Shapes","floor":35,"turns":5},{"damage":1,"enemies":"Orb Walker","floor":36,"turns":4},{"damage":36,"enemies":"2 Orb Walkers","floor":37,"turns":5},{"damage":8,"enemies":"3 Darklings","floor":39,"turns":5},{"damage":4,"enemies":"Giant Head","floor":41,"turns":7},{"damage":3,"enemies":"Nemesis","floor":44,"turns":5},{"damage":14,"enemies":"Reptomancer","floor":46,"turns":5},{"damage":23,"enemies":"Awakened One","floor":50,"turns":13},{"damage":34,"enemies":"Shield and Spear","floor":54,"turns":7},{"damage":35,"enemies":"The Heart","floor":55,"turns":9}],"seed_played":"-4570598247087097237","potions_obtained":[{"floor":1,"key":"SteroidPotion"},{"floor":4,"key":"SteroidPotion"},{"floor":13,"key":"Explosive Potion"},{"floor":14,"key":"Dexterity Potion"}],"is_trial":false,"path_per_floor":["M","M","?","M","$","R","E","?","T","M","E","$","M","M","R","B",null,"M","?","$","?","$","R","?","M","T","M","R","?","?","$","R","B",null,"M","M","?","T","M","R","E","R","T","E","$","E","T","T","R","B",null,"R","$","E","B",null],"character_chosen":"THE_SILENT","items_purchased":["Noxious Fumes","Shuriken","Cloak And Dagger","Footwork","Accuracy","Blur+1"],"campfire_rested":1,"item_purchase_floors":[5,12,12,31,45,53],"current_hp_per_floor":[70,70,70,70,70,70,49,49,49,26,9,9,10,14,14,1,70,46,30,30,30,30,30,30,38,38,40,40,13,13,13,34,25,70,70,70,40,40,48,48,60,60,60,70,70,62,62,62,62,57,70,70,70,48,31],"gold":109,"neow_bonus":"THREE_ENEMY_KILL","is_prod":false,"is_daily":false,"chose_seed":false,"campfire_upgraded":7,"win_rate":0,"timestamp":1542988380,"path_taken":["M","M","?","?","$","R","E","?","T","M","E","$","M","?","R","BOSS","M","?","$","?","$","R","?","M","T","?","R","?","?","$","R","BOSS","M","?","?","?","?","R","E","R","T","E","?","E","?","?","R","BOSS","R","$","E","BOSS"],"build_version":"2018-11-15","purchased_purges":3,"victory":true,"max_hp_per_floor":[70,70,70,70,70,70,70,70,70,70,70,70,70,70,70,70,70,70,70,70,70,70,70,70,70,70,70,70,70,70,70,70,70,70,70,70,70,70,70,70,70,70,70,70,70,70,70,70,70,70,70,70,70,72,72],"card_choices":[{"not_picked":["Eviscerate","Riddle With Holes"],"picked":"Heel Hook","floor":1},{"not_picked":["Sucker Punch","Eviscerate"],"picked":"Blade Dance","floor":2},{"not_picked":["Flying Knee","Quick Slash"],"picked":"Escape Plan","floor":4},{"not_picked":["Predator","Bane","Blade Dance"],"picked":"SKIP","floor":7},{"not_picked":["Heel Hook","Finisher","Eviscerate"],"picked":"SKIP","floor":10},{"not_picked":["Well Laid Plans","Deadly Poison"],"picked":"Footwork","floor":11},{"not_picked":["Reflex","Flying Knee"],"picked":"Tools of the Trade","floor":13},{"not_picked":["Masterful Stab","Dagger Spray"],"picked":"Backflip","floor":14},{"not_picked":["Malaise","Phantasmal Killer"],"picked":"A Thousand Cuts","floor":16},{"not_picked":["Dagger Throw","Escape Plan"],"picked":"Infinite Blades","floor":18},{"not_picked":["Prepared","Heel Hook","Underhanded Strike"],"picked":"SKIP","floor":25},{"not_picked":["Poisoned Stab","Slice","Acrobatics+1"],"picked":"SKIP","floor":27},{"not_picked":["Poisoned Stab","Slice"],"picked":"Acrobatics+1","floor":27},{"not_picked":["Night Terror","Wraith Form v2"],"picked":"Malaise","floor":33},{"not_picked":["Heel Hook","Quick Slash"],"picked":"Well Laid Plans","floor":34},{"not_picked":["Bane+1","PiercingWail"],"picked":"Backstab","floor":34},{"not_picked":["Dagger Throw","Bullet Time"],"picked":"Cloak And Dagger","floor":34},{"not_picked":["Finisher","Sucker Punch","Deadly Poison+1"],"picked":"SKIP","floor":35},{"not_picked":["Eviscerate+1","Outmaneuver+1","Tactician"],"picked":"SKIP","floor":36},{"not_picked":["Leg Sweep+1","Skewer"],"picked":"Calculated Gamble+1","floor":37},{"not_picked":["Slice+1","Flying Knee","Choke+1"],"picked":"SKIP","floor":39},{"not_picked":["Underhanded Strike","Dagger Throw+1","Blade Dance"],"picked":"SKIP","floor":39},{"not_picked":["Skewer","Heel Hook"],"picked":"Caltrops+1","floor":41},{"not_picked":["Flying Knee","Slice+1"],"picked":"Cloak And Dagger+1","floor":44},{"not_picked":["Deflect+1","Reflex+1"],"picked":"Escape Plan+1","floor":46},{"not_picked":["Deflect+1","Blur+1","Poisoned Stab+1"],"picked":"Singing Bowl","floor":54}],"player_experience":912394,"relics_obtained":[{"floor":7,"key":"Snake Skull"},{"floor":11,"key":"Bird Faced Urn"},{"floor":19,"key":"Enchiridion"},{"floor":26,"key":"Kunai"},{"floor":29,"key":"Tough Bandages"},{"floor":29,"key":"Bottled Lightning"},{"floor":37,"key":"Turnip"},{"floor":38,"key":"Prayer Wheel"},{"floor":41,"key":"WingedGreaves"},{"floor":43,"key":"Toxic Egg 2"},{"floor":44,"key":"Ginger"},{"floor":46,"key":"Art of War"},{"floor":47,"key":"Singing Bowl"},{"floor":48,"key":"Anchor"},{"floor":54,"key":"Pen Nib"}],"event_choices":[{"damage_healed":0,"gold_gain":275,"player_choice":"Desecrate","damage_taken":0,"max_hp_gain":0,"max_hp_loss":0,"event_name":"Golden Shrine","floor":3,"gold_loss":0,"cards_obtained":["Regret"]},{"cards_removed":["Defend_G"],"damage_healed":0,"gold_gain":0,"player_choice":"Card Removal","damage_taken":0,"max_hp_gain":0,"max_hp_loss":0,"event_name":"Wheel of Change","floor":8,"gold_loss":0},{"damage_healed":0,"gold_gain":0,"player_choice":"Obtained Book","damage_taken":16,"max_hp_gain":0,"max_hp_loss":0,"event_name":"Cursed Tome","floor":19,"gold_loss":0},{"cards_removed":["Strike_G"],"damage_healed":0,"gold_gain":0,"player_choice":"Gave Gold","damage_taken":0,"max_hp_gain":0,"max_hp_loss":0,"event_name":"Beggar","floor":21,"gold_loss":75},{"damage_healed":0,"gold_gain":0,"player_choice":"Stole Relic","damage_taken":0,"relics_obtained":["Tiny Chest"],"max_hp_gain":0,"max_hp_loss":0,"event_name":"Addict","floor":24,"gold_loss":0,"cards_obtained":["Shame"]},{"damage_healed":0,"gold_gain":0,"player_choice":"Fight","damage_taken":0,"max_hp_gain":0,"max_hp_loss":0,"event_name":"Colosseum","floor":29,"gold_loss":0},{"damage_healed":0,"gold_gain":0,"player_choice":"Fought Nobs","damage_taken":0,"max_hp_gain":0,"max_hp_loss":0,"event_name":"Colosseum","floor":29,"gold_loss":0},{"cards_removed":["Shame"],"damage_healed":0,"gold_gain":0,"player_choice":"Upgrade and Remove","damage_taken":0,"max_hp_gain":0,"max_hp_loss":0,"event_name":"Designer","floor":30,"gold_loss":90,"cards_upgraded":["A Thousand Cuts"]},{"damage_healed":0,"gold_gain":0,"player_choice":"Fight","damage_taken":0,"max_hp_gain":0,"max_hp_loss":0,"event_name":"Mysterious Sphere","floor":37,"gold_loss":0}],"is_beta":true,"boss_relics":[{"not_picked":["Tiny House","Velvet Choker"],"picked":"Sozu"},{"not_picked":["Coffee Dripper","Eternal Feather"],"picked":"Orrery"}],"items_purged_floors":[5,20,45],"is_endless":false,"potions_floor_spawned":[1,4,13,14,25,27,29,36,44,46,54],"ascension_level":0}