{"gold_per_floor":[362,374,163,163,238,276,296,296,296,68,84,97,137,157,157,285,285,303,303,317,317],"floor_reached":21,"playtime":917,"items_purged":["Strike_R"],"score":239,"play_id":"d8c0aafd-1cc0-4b6a-8ea7-f12334f40931","local_time":"20180904232956","is_ascension_mode":true,"campfire_choices":[{"floor":8.0,"key":"DIG"},{"data":"Barricade","floor":15.0,"key":"SMITH"}],"neow_cost":"TEN_PERCENT_HP_LOSS","seed_source_timestamp":0,"circlet_count":0,"master_deck":["Strike_R","Strike_R","Strike_R","Strike_R","Defend_R","Defend_R","Defend_R","Defend_R","Bash","Flex","Heavy Blade","Double Tap","Shrug It Off","Shrug It Off","Battle Trance","Barricade+1","Exhume","Disarm","Flame Barrier+1"],"special_seed":0,"relics":["Burning Blood","Golden Idol","Shovel","Singing Bowl","Ginger","Juzu Bracelet","Du-Vu Doll","Philosopher\u0027s Stone","Art of War"],"potions_floor_usage":[],"damage_taken":[{"damage":1.0,"enemies":"Cultist","floor":1.0,"turns":3.0},{"damage":2.0,"enemies":"2 Louse","floor":2.0,"turns":3.0},{"damage":18.0,"enemies":"Gremlin Nob","floor":6.0,"turns":3.0},{"damage":13.0,"enemies":"Jaw Worm","floor":7.0,"turns":5.0},{"damage":2.0,"enemies":"2 Fungi Beasts","floor":11.0,"turns":3.0},{"damage":0.0,"enemies":"Exordium Wildlife","floor":12.0,"turns":6.0},{"damage":31.0,"enemies":"3 Sentries","floor":13.0,"turns":12.0},{"damage":4.0,"enemies":"Large Slime","floor":14.0,"turns":6.0},{"damage":32.0,"enemies":"Slime Boss","floor":16.0,"turns":11.0},{"damage":45.0,"enemies":"3 Byrds","floor":18.0,"turns":7.0},{"damage":19.0,"enemies":"Chosen","floor":20.0,"turns":5.0},{"damage":1,"enemies":"Shelled Parasite and Fungi","floor":21,"turns":2}],"seed_played":"5525834498683184173","potions_obtained":[{"floor":2.0,"key":"Swift Potion"},{"floor":7.0,"key":"GamblersBrew"},{"floor":12.0,"key":"Poison Potion"},{"floor":13.0,"key":"Regen Potion"},{"floor":14.0,"key":"FearPotion"},{"floor":16.0,"key":"SteroidPotion"},{"floor":20.0,"key":"GamblersBrew"}],"is_trial":false,"path_per_floor":["M","M","$","?","?","E","M","R","T","$","M","M","E","M","R","B",null,"M","?","M"],"character_chosen":"IRONCLAD","items_purchased":["Double Tap","Juzu Bracelet","Battle Trance"],"campfire_rested":0,"item_purchase_floors":[3,10,10],"current_hp_per_floor":[72,72,72,54,47,35,28,28,28,28,34,40,17,36,36,10,61,22,22,9,8],"gold":317,"neow_bonus":"TWO_FIFTY_GOLD","is_prod":false,"is_daily":false,"chose_seed":false,"campfire_upgraded":1,"win_rate":0,"timestamp":1536128996,"path_taken":["M","?","$","?","?","E","M","R","T","?","M","M","E","M","R","BOSS","M","?","M","M"],"build_version":"2018-09-03","purchased_purges":1,"victory":false,"max_hp_per_floor":[72,72,72,72,72,72,72,72,72,72,74,74,76,78,78,78,78,78,78,78,78],"card_choices":[{"not_picked":["Body Slam","Burning Pact"],"picked":"Flex","floor":1.0},{"not_picked":["Burning Pact","Entrench"],"picked":"Heavy Blade","floor":2.0},{"not_picked":["Armaments","Seeing Red"],"picked":"Shrug It Off","floor":6.0},{"not_picked":["Pommel Strike","Havoc"],"picked":"Shrug It Off","floor":7.0},{"not_picked":["Feel No Pain","Iron Wave","Havoc"],"picked":"Singing Bowl","floor":11.0},{"not_picked":["Havoc","Hemokinesis"],"picked":"Barricade","floor":12.0},{"not_picked":["Feel No Pain","Metallicize","Limit Break"],"picked":"Singing Bowl","floor":13.0},{"not_picked":["Flex","Fire Breathing","Clash"],"picked":"Singing Bowl","floor":14.0},{"not_picked":["Bludgeon","Double Tap"],"picked":"Exhume","floor":16.0},{"not_picked":["Sword Boomerang+1","Evolve"],"picked":"Disarm","floor":18.0},{"not_picked":["Perfected Strike","Searing Blow+1"],"picked":"Flame Barrier+1","floor":20.0}],"player_experience":249167,"relics_obtained":[{"floor":6.0,"key":"Shovel"},{"floor":8.0,"key":"Singing Bowl"},{"floor":9.0,"key":"Ginger"},{"floor":13.0,"key":"Du-Vu Doll"}],"event_choices":[{"event_name":"Golden Idol","player_choice":"Take Damage","floor":4.0,"damage_taken":0.0},{"event_name":"FaceTrader","player_choice":"Touch","floor":5.0,"damage_taken":0.0},{"event_name":"The Mausoleum","player_choice":"Yes","floor":19.0,"damage_taken":0.0}],"is_beta":true,"boss_relics":[{"not_picked":["Tiny House","Velvet Choker"],"picked":"Philosopher\u0027s Stone"}],"items_purged_floors":[3],"is_endless":false,"potions_floor_spawned":[2,7,12,13,14,16,20],"killed_by":"Shelled Parasite and Fungi","ascension_level":5}