{"gold_per_floor":[109,123,19,19,30,65,65,65,65,65,65,83,83,119,119,119],"floor_reached":16,"playtime":493,"items_purged":["Normality"],"score":196,"play_id":"d4bdfc6c-7afb-4fde-a271-ac3fa5b2a493","local_time":"20190114231014","is_ascension_mode":true,"campfire_choices":[{"data":"Envenom","floor":7,"key":"SMITH"},{"data":"Crippling Poison","floor":10,"key":"SMITH"},{"data":"Blade Dance","floor":15,"key":"SMITH"}],"neow_cost":"CURSE","seed_source_timestamp":443397118707700,"circlet_count":0,"master_deck":["AscendersBane","Defend_G","Defend_G","Defend_G","Defend_G","Strike_G","Strike_G","Strike_G","Strike_G","Strike_G","Survivor","Neutralize","Envenom+1","Cloak And Dagger+1","Blade Dance+1","Crippling Poison+1","Blade Dance","Backflip"],"relics":["Ring of the Snake","Bag of Preparation","Golden Idol","Bottled Lightning","Odd Mushroom"],"potions_floor_usage":[6,12],"damage_taken":[{"damage":1,"enemies":"Small Slimes","floor":1,"turns":5},{"damage":4,"enemies":"2 Louse","floor":2,"turns":4},{"damage":0,"enemies":"Jaw Worm","floor":5,"turns":5},{"damage":18,"enemies":"Lagavulin","floor":6,"turns":5},{"damage":0,"enemies":"Exordium Thugs","floor":12,"turns":2},{"damage":4,"enemies":"The Mushroom Lair","floor":14,"turns":3},{"damage":57,"enemies":"Slime Boss","floor":16,"turns":8}],"seed_played":"3921874001346399791","potions_obtained":[{"floor":1,"key":"SpeedPotion"},{"floor":5,"key":"FearPotion"},{"floor":6,"key":"Explosive Potion"}],"is_trial":false,"path_per_floor":["M","M","$","?","M","E","R","?","T","R","?","M","?","?","R","B"],"character_chosen":"THE_SILENT","items_purchased":["Blade Dance"],"campfire_rested":0,"item_purchase_floors":[3],"current_hp_per_floor":[58,54,54,54,54,36,36,36,36,36,29,29,49,45,45,0],"gold":119,"neow_bonus":"THREE_RARE_CARDS","is_prod":false,"is_daily":false,"chose_seed":false,"campfire_upgraded":3,"win_rate":0,"timestamp":1547503814,"path_taken":["M","M","$","?","M","E","R","?","T","R","?","M","?","?","R","BOSS"],"build_version":"2019-01-10","purchased_purges":1,"victory":false,"max_hp_per_floor":[66,66,66,66,66,66,66,60,60,60,60,60,60,60,60,60],"card_choices":[{"not_picked":["Tools of the Trade","Storm of Steel"],"picked":"Envenom","floor":0},{"not_picked":["Slice","Dagger Throw","Masterful Stab"],"picked":"SKIP","floor":1},{"not_picked":["Caltrops","Bane"],"picked":"Cloak And Dagger","floor":2},{"not_picked":["Slice","Underhanded Strike"],"picked":"Crippling Poison","floor":5},{"not_picked":["Envenom","Unload"],"picked":"Blade Dance","floor":6},{"not_picked":["Deadly Poison","Masterful Stab","Slice"],"picked":"SKIP","floor":12},{"not_picked":["Well Laid Plans","Acrobatics"],"picked":"Backflip","floor":14}],"player_experience":1041040,"relics_obtained":[{"floor":6,"key":"Bag of Preparation"},{"floor":9,"key":"Bottled Lightning"},{"floor":14,"key":"Odd Mushroom"}],"event_choices":[{"damage_healed":0,"gold_gain":0,"player_choice":"Grow","damage_taken":0,"max_hp_gain":0,"max_hp_loss":0,"event_name":"Living Wall","floor":4,"gold_loss":0,"cards_upgraded":["Cloak And Dagger"]},{"damage_healed":0,"gold_gain":0,"player_choice":"Lose Max HP","damage_taken":0,"relics_obtained":["Golden Idol"],"max_hp_gain":0,"max_hp_loss":6,"event_name":"Golden Idol","floor":8,"gold_loss":0},{"cards_removed":["Defend_G"],"damage_healed":0,"gold_gain":0,"player_choice":"Card Removal","damage_taken":7,"max_hp_gain":0,"max_hp_loss":0,"event_name":"Golden Wing","floor":11,"gold_loss":0},{"damage_healed":20,"gold_gain":0,"player_choice":"Banana","damage_taken":0,"max_hp_gain":0,"max_hp_loss":0,"event_name":"Big Fish","floor":13,"gold_loss":0},{"damage_healed":0,"gold_gain":0,"player_choice":"Fought Mushrooms","damage_taken":0,"max_hp_gain":0,"max_hp_loss":0,"event_name":"Mushrooms","floor":14,"gold_loss":0}],"is_beta":true,"boss_relics":[],"items_purged_floors":[3],"is_endless":false,"potions_floor_spawned":[1,5,6],"killed_by":"Slime Boss","ascension_level":20}