{"gold_per_floor":[113,38,53,53,53,78,88,104,104,118,43,63,92,111,111,187,187,200,200,125,142,162,187,187,187,187,205,205,233,233,243,243,314,314,328,339,3,3,103,103],"floor_reached":40,"playtime":1154,"items_purged":["Regret","Decay"],"score":926,"play_id":"4a89d969-793c-4fa2-9e5f-f55477d5e657","local_time":"20190413204903","is_ascension_mode":true,"campfire_choices":[{"data":"Bash","floor":15.0,"key":"SMITH"},{"floor":24,"key":"REST"},{"floor":28,"key":"REST"},{"floor":32,"key":"REST"}],"neow_cost":"NONE","seed_source_timestamp":0,"circlet_count":0,"master_deck":["AscendersBane","Strike_R","Strike_R","Strike_R","Strike_R","Defend_R","Defend_R","Defend_R","Bash+1","Heavy Blade","Sword Boomerang","Whirlwind+1","Demon Form","Twin Strike+1","Parasite","Sword Boomerang+1","Feed+1","Shrug It Off","Limit Break","Iron Wave+1"],"special_seed":0,"relics":["Black Blood","NeowsBlessing","Mercury Hourglass","Pantograph","Molten Egg 2","PreservedInsect","Cursed Key","Red Skull","Bottled Tornado","Pear","Oddly Smooth Stone","Happy Flower","Thread and Needle"],"potions_floor_usage":[23,27,29,31,36,36],"damage_taken":[{"damage":0.0,"enemies":"Jaw Worm","floor":1.0,"turns":1.0},{"damage":0.0,"enemies":"Small Slimes","floor":3.0,"turns":1.0},{"damage":0.0,"enemies":"3 Sentries","floor":6.0,"turns":1.0},{"damage":10.0,"enemies":"2 Louse","floor":7.0,"turns":3.0},{"damage":17.0,"enemies":"Large Slime","floor":8.0,"turns":6.0},{"damage":2.0,"enemies":"2 Fungi Beasts","floor":10.0,"turns":2.0},{"damage":13.0,"enemies":"Blue Slaver","floor":12.0,"turns":3.0},{"damage":50.0,"enemies":"Lagavulin","floor":13.0,"turns":6.0},{"damage":3.0,"enemies":"Looter","floor":14.0,"turns":2.0},{"damage":50.0,"enemies":"Slime Boss","floor":16.0,"turns":9.0},{"damage":30.0,"enemies":"Spheric Guardian","floor":18.0,"turns":4.0},{"damage":0,"enemies":"3 Byrds","floor":21,"turns":4},{"damage":12,"enemies":"3 Cultists","floor":22,"turns":3},{"damage":13,"enemies":"Gremlin Leader","floor":23,"turns":4},{"damage":32,"enemies":"Centurion and Healer","floor":27,"turns":5},{"damage":40,"enemies":"Book of Stabbing","floor":29,"turns":4},{"damage":16,"enemies":"Sentry and Sphere","floor":31,"turns":4},{"damage":54,"enemies":"Champ","floor":33,"turns":8},{"damage":58,"enemies":"3 Shapes","floor":35,"turns":14},{"damage":23,"enemies":"3 Darklings","floor":36,"turns":2},{"damage":24,"enemies":"Mind Bloom Boss Battle","floor":39,"turns":4},{"damage":41,"enemies":"Nemesis","floor":40,"turns":2}],"seed_played":"-2575770831093075610","potions_obtained":[{"floor":1.0,"key":"FairyPotion"},{"floor":6.0,"key":"Fire Potion"},{"floor":10.0,"key":"Weak Potion"},{"floor":13.0,"key":"AttackPotion"},{"floor":16.0,"key":"Strength Potion"},{"floor":22,"key":"Dexterity Potion"},{"floor":23,"key":"FearPotion"},{"floor":29,"key":"EssenceOfSteel"},{"floor":31,"key":"Energy Potion"},{"floor":35,"key":"SteroidPotion"},{"floor":36,"key":"Fire Potion"}],"is_trial":false,"path_per_floor":["M","?","M","?","?","E","M","M","T","M","$","M","E","M","R","B",null,"M","?","?","M","M","E","R","T","T","M","R","E","?","M","R","B",null,"M","M","$","?","?","E"],"character_chosen":"IRONCLAD","items_purchased":["Limit Break","Happy Flower"],"campfire_rested":3,"item_purchase_floors":[37,37],"current_hp_per_floor":[74,74,75,75,75,75,71,60,60,64,64,57,13,16,16,13,60,36,36,36,42,36,29,51,51,61,35,60,26,26,16,41,18,68,24,11,11,11,22,0],"gold":103,"neow_bonus":"THREE_ENEMY_KILL","is_prod":false,"is_daily":false,"chose_seed":false,"campfire_upgraded":1,"win_rate":0,"timestamp":1555181343,"path_taken":["M","?","M","?","?","E","M","M","T","M","$","M","E","M","R","BOSS","M","?","?","M","M","E","R","?","T","M","R","E","?","M","R","BOSS","M","M","$","?","?","E"],"build_version":"2019-04-04","purchased_purges":2,"victory":false,"max_hp_per_floor":[75,75,75,75,75,75,75,75,75,75,75,75,75,75,75,75,75,75,75,75,75,75,75,75,75,85,85,85,85,85,85,85,85,85,89,89,89,89,89,89],"card_choices":[{"not_picked":["Evolve","Infernal Blade","Disarm"],"picked":"SKIP","floor":1.0},{"not_picked":["Disarm","Armaments","Rampage"],"picked":"SKIP","floor":3.0},{"not_picked":["Clash","Headbutt","Thunderclap"],"picked":"SKIP","floor":6.0},{"not_picked":["Reckless Charge","Body Slam"],"picked":"Heavy Blade","floor":7.0},{"not_picked":["Metallicize","Wild Strike"],"picked":"Sword Boomerang","floor":8.0},{"not_picked":["Rupture","Power Through","Armaments"],"picked":"SKIP","floor":10.0},{"not_picked":["Flex","Clothesline+1","Body Slam+1"],"picked":"SKIP","floor":12.0},{"not_picked":["Infernal Blade","Rampage+1","Intimidate"],"picked":"SKIP","floor":13.0},{"not_picked":["Intimidate","Sentinel"],"picked":"Whirlwind+1","floor":14.0},{"not_picked":["Impervious","Immolate+1"],"picked":"Demon Form","floor":16.0},{"not_picked":["Body Slam+1","Warcry","Cleave+1"],"picked":"SKIP","floor":18.0},{"not_picked":["Thunderclap+1","Clash+1"],"picked":"Twin Strike+1","floor":21},{"not_picked":["Blood for Blood+1","Clothesline+1","Cleave+1"],"picked":"SKIP","floor":22},{"not_picked":["Dual Wield","Searing Blow+1","True Grit"],"picked":"SKIP","floor":23},{"not_picked":["Havoc","Rampage+1"],"picked":"Sword Boomerang+1","floor":27},{"not_picked":["Warcry+1","Hemokinesis+1","Whirlwind+1"],"picked":"SKIP","floor":29},{"not_picked":["Body Slam+1","Reckless Charge+1","Heavy Blade+1"],"picked":"SKIP","floor":31},{"not_picked":["Reaper+1","Exhume"],"picked":"Feed+1","floor":33},{"not_picked":["Hemokinesis+1","True Grit","Corruption+1"],"picked":"SKIP","floor":35},{"not_picked":["Twin Strike+1","Anger+1"],"picked":"Shrug It Off","floor":36},{"not_picked":["Reckless Charge+1","Corruption"],"picked":"Iron Wave+1","floor":39}],"player_experience":1381049,"relics_obtained":[{"floor":6.0,"key":"Pantograph"},{"floor":9.0,"key":"Molten Egg 2"},{"floor":13.0,"key":"PreservedInsect"},{"floor":23,"key":"Red Skull"},{"floor":25,"key":"Bottled Tornado"},{"floor":26,"key":"Pear"},{"floor":29,"key":"Oddly Smooth Stone"},{"floor":39,"key":"Thread and Needle"}],"event_choices":[{"cards_removed":["Defend_R"],"damage_healed":0.0,"max_hp_gain":0.0,"max_hp_loss":0.0,"gold_gain":0.0,"event_name":"The Cleric","player_choice":"Card Removal","floor":2.0,"gold_loss":75.0,"damage_taken":0.0},{"damage_healed":0.0,"max_hp_gain":0.0,"max_hp_loss":0.0,"gold_gain":0.0,"event_name":"Big Fish","player_choice":"Box","floor":4.0,"gold_loss":0.0,"damage_taken":0.0,"relics_obtained":["Mercury Hourglass"],"cards_obtained":["Regret"]},{"damage_healed":0.0,"max_hp_gain":0.0,"max_hp_loss":0.0,"gold_gain":0.0,"event_name":"Liars Game","player_choice":"Ignored","floor":5.0,"gold_loss":0.0,"damage_taken":0.0},{"damage_healed":0.0,"max_hp_gain":0.0,"max_hp_loss":0.0,"gold_gain":0.0,"event_name":"Ghosts","player_choice":"Ignored","floor":19.0,"gold_loss":0.0,"damage_taken":0.0},{"cards_removed":["Strike_R"],"damage_healed":0.0,"max_hp_gain":0.0,"max_hp_loss":0.0,"gold_gain":0.0,"event_name":"Beggar","player_choice":"Gave Gold","floor":20.0,"gold_loss":75.0,"damage_taken":0.0},{"damage_healed":0,"gold_gain":0,"player_choice":"Ignored","damage_taken":0,"max_hp_gain":0,"max_hp_loss":0,"event_name":"Vampires","floor":30,"gold_loss":0},{"damage_healed":0,"gold_gain":0,"player_choice":"Ignored","damage_taken":0,"max_hp_gain":0,"max_hp_loss":0,"event_name":"Mysterious Sphere","floor":38,"gold_loss":0},{"damage_healed":0,"gold_gain":0,"player_choice":"Fight","damage_taken":0,"max_hp_gain":0,"max_hp_loss":0,"event_name":"MindBloom","floor":39,"gold_loss":0}],"is_beta":true,"boss_relics":[{"not_picked":["Lizard Tail","Philosopher\u0027s Stone"],"picked":"Cursed Key"},{"not_picked":["Runic Pyramid","White Beast Statue"],"picked":"Black Blood"}],"items_purged_floors":[11,37],"is_endless":false,"potions_floor_spawned":[1,6,10,13,16,22,23,29,31,35,36],"killed_by":"Nemesis","ascension_level":20}