{"gold_per_floor":[110,65,215,24,24,24,39,58,130,30,41,68,68,82,82,155,155,168,168,184,195,205,205,220,236,236,236,253,270,270,270,270,270],"floor_reached":33,"playtime":2360,"items_purged":["Doubt","Doubt"],"score":524,"play_id":"232e54bd-241d-462b-a84a-623c595b33f8","local_time":"20190426180609","is_ascension_mode":true,"campfire_choices":[{"floor":6,"key":"REST"},{"data":"Loop","floor":15,"key":"SMITH"},{"floor":23,"key":"REST"},{"data":"Ghostly","floor":32,"key":"SMITH"}],"neow_cost":"CURSE","seed_source_timestamp":2186549468993778,"circlet_count":0,"master_deck":["AscendersBane","Strike_B+1","Strike_B+1","Defend_B","Defend_B","Defend_B","Defend_B","Zap","Dualcast","Chill","Self Repair","Capacitor","Leap","Defragment","Genetic Algorithm","Loop+1","Echo Form","Darkness","Auto Shields","Ball Lightning","Conserve Battery","Chill","Reinforced Body+1","Cold Snap+1","Coolheaded","Ghostly","Ghostly","Ghostly+1","Genetic Algorithm"],"relics":["Cracked Core","Darkstone Periapt","Whetstone","Happy Flower","Sozu","Du-Vu Doll","Molten Egg 2"],"potions_floor_usage":[12,18],"damage_taken":[{"damage":16,"enemies":"Small Slimes","floor":1,"turns":4},{"damage":0,"enemies":"Jaw Worm","floor":7,"turns":4},{"damage":8,"enemies":"2 Louse","floor":8,"turns":4},{"damage":5,"enemies":"2 Fungi Beasts","floor":11,"turns":4},{"damage":13,"enemies":"Lagavulin","floor":12,"turns":8},{"damage":5,"enemies":"Exordium Wildlife","floor":14,"turns":7},{"damage":1,"enemies":"The Guardian","floor":16,"turns":14},{"damage":27,"enemies":"Shell Parasite","floor":18,"turns":12},{"damage":23,"enemies":"Spheric Guardian","floor":20,"turns":6},{"damage":15,"enemies":"Shelled Parasite and Fungi","floor":21,"turns":10},{"damage":27,"enemies":"Centurion and Healer","floor":22,"turns":9},{"damage":19,"enemies":"Snake Plant","floor":24,"turns":8},{"damage":12,"enemies":"Shelled Parasite and Fungi","floor":25,"turns":9},{"damage":4,"enemies":"Centurion and Healer","floor":28,"turns":13},{"damage":31,"enemies":"Chosen and Byrds","floor":29,"turns":10},{"damage":46,"enemies":"Champ","floor":33,"turns":10}],"seed_played":"-7065505054119353908","potions_obtained":[{"floor":1,"key":"Weak Potion"},{"floor":7,"key":"Ancient Potion"},{"floor":16,"key":"PowerPotion"}],"is_trial":false,"path_per_floor":["M","$","?","$","?","R","M","M","T","$","M","E","?","M","R","B",null,"M","?","M","M","M","R","M","M","T","T","M","M","?","?","R","B"],"character_chosen":"DEFECT","items_purchased":["Self Repair","Capacitor","Leap"],"campfire_rested":2,"item_purchase_floors":[2,4,4],"current_hp_per_floor":[62,62,62,62,36,61,68,67,67,67,69,63,37,39,39,45,75,62,62,39,38,25,50,45,47,47,47,57,40,40,40,40,0],"gold":270,"neow_bonus":"TWENTY_PERCENT_HP_BONUS","is_prod":false,"is_daily":false,"chose_seed":false,"campfire_upgraded":2,"win_rate":0,"timestamp":1556280369,"path_taken":["M","$","?","$","?","R","M","M","T","?","M","E","?","M","R","BOSS","M","?","M","M","M","R","M","M","T","?","M","M","?","?","R","BOSS"],"build_version":"2019-01-23","purchased_purges":2,"victory":false,"max_hp_per_floor":[85,85,85,85,85,85,85,85,85,85,85,85,85,85,85,85,85,85,85,85,85,85,85,85,85,85,85,85,85,42,42,42,42],"card_choices":[{"not_picked":["Go for the Eyes","Recycle"],"picked":"Chill","floor":1},{"not_picked":["Recycle","Tempest"],"picked":"Defragment","floor":7},{"not_picked":["Redo","White Noise","Hologram"],"picked":"SKIP","floor":8},{"not_picked":["Redo","White Noise","Hologram"],"picked":"SKIP","floor":8},{"not_picked":["Stack","Scrape","Heatsinks"],"picked":"SKIP","floor":11},{"not_picked":["White Noise","Barrage"],"picked":"Genetic Algorithm","floor":12},{"not_picked":["Melter","Skim"],"picked":"Loop","floor":14},{"not_picked":["Amplify","Seek"],"picked":"Echo Form","floor":16},{"not_picked":["Compile Driver","Stack"],"picked":"Darkness","floor":18},{"not_picked":["Hologram","Skim"],"picked":"Conserve Battery","floor":20},{"not_picked":["Go for the Eyes","Sweeping Beam","Aggregate"],"picked":"SKIP","floor":21},{"not_picked":["Genetic Algorithm+1","Rebound"],"picked":"Chill","floor":22},{"not_picked":["White Noise","Gash+1","Barrage"],"picked":"SKIP","floor":24},{"not_picked":["Streamline","Ball Lightning"],"picked":"Reinforced Body+1","floor":25},{"not_picked":["Ball Lightning+1","Hologram"],"picked":"Cold Snap+1","floor":28},{"not_picked":["Ball Lightning+1","Multi-Cast"],"picked":"Coolheaded","floor":29}],"player_experience":1239005,"relics_obtained":[{"floor":9,"key":"Darkstone Periapt"},{"floor":12,"key":"Whetstone"},{"floor":26,"key":"Du-Vu Doll"},{"floor":27,"key":"Molten Egg 2"}],"event_choices":[{"damage_healed":0,"gold_gain":150,"player_choice":"AGREE","damage_taken":0,"max_hp_gain":0,"max_hp_loss":0,"event_name":"Liars Game","floor":3,"gold_loss":0,"cards_obtained":["Doubt"]},{"damage_healed":0,"gold_gain":0,"player_choice":"Entered Light","damage_taken":26,"max_hp_gain":0,"max_hp_loss":0,"event_name":"Shining Light","floor":5,"gold_loss":0,"cards_upgraded":["Strike_B","Strike_B"]},{"damage_healed":0,"gold_gain":0,"player_choice":"Success","damage_taken":26,"relics_obtained":["Happy Flower"],"max_hp_gain":0,"max_hp_loss":0,"event_name":"Scrap Ooze","floor":13,"gold_loss":0},{"damage_healed":0,"gold_gain":0,"cards_transformed":["Strike_B","Strike_B"],"player_choice":"Became Test Subject","damage_taken":0,"max_hp_gain":0,"max_hp_loss":0,"event_name":"Drug Dealer","floor":19,"gold_loss":0,"cards_obtained":["Auto Shields","Ball Lightning"]},{"damage_healed":0,"gold_gain":0,"player_choice":"Became a Ghost","damage_taken":0,"max_hp_gain":0,"max_hp_loss":43,"event_name":"Ghosts","floor":30,"gold_loss":0,"cards_obtained":["Ghostly","Ghostly","Ghostly"]},{"damage_healed":0,"gold_gain":0,"player_choice":"Copied","damage_taken":0,"max_hp_gain":0,"max_hp_loss":0,"event_name":"Duplicator","floor":31,"gold_loss":0,"cards_obtained":["Genetic Algorithm"]}],"is_beta":false,"boss_relics":[{"not_picked":["Eternal Feather","Philosopher\u0027s Stone"],"picked":"Sozu"}],"items_purged_floors":[4,10],"is_endless":false,"potions_floor_spawned":[1,7,8,16,18,20,28,29],"killed_by":"Champ","ascension_level":18}