{"gold_per_floor":[112,122,141,154,172,200,36,71,98,118,133,133,160,170,170,275,275,292,308,319,336,336,336,336,236,236,253,253,268,268],"floor_reached":30,"playtime":976,"items_purged":["Strike_R","Strike_R"],"score":424,"play_id":"f3612fd6-822e-4669-b884-22b647252a9d","local_time":"20180729105254","is_ascension_mode":true,"campfire_choices":[{"data":"Inflame","floor":12,"key":"SMITH"},{"data":"Bludgeon","floor":15,"key":"SMITH"},{"data":"Limit Break","floor":24,"key":"SMITH"},{"data":"Metallicize","floor":28,"key":"SMITH"}],"neow_cost":"","seed_source_timestamp":401675319320900,"circlet_count":0,"master_deck":["Strike_R","Defend_R","Defend_R+1","Defend_R+1","Bash","Twin Strike","Shrug It Off","Bludgeon+1","Thunderclap","Pummel","Inflame+1","Flex","Battle Trance","Heavy Blade","Metallicize+1","Shrug It Off","Limit Break+1","Metallicize+1","Spot Weakness+1","Iron Wave+1","Uppercut","Flex"],"relics":["Burning Blood","Question Card","War Paint","Happy Flower","Strawberry","Astrolabe","Anchor"],"potions_floor_usage":[8,8,13,23,23,30],"damage_taken":[{"damage":1,"enemies":"Cultist","floor":1,"turns":3},{"damage":5,"enemies":"Small Slimes","floor":2,"turns":3},{"damage":12,"enemies":"Jaw Worm","floor":3,"turns":3},{"damage":6,"enemies":"Blue Slaver","floor":4,"turns":5},{"damage":10,"enemies":"2 Fungi Beasts","floor":5,"turns":3},{"damage":29,"enemies":"Gremlin Nob","floor":6,"turns":4},{"damage":37,"enemies":"Lagavulin","floor":8,"turns":4},{"damage":0,"enemies":"Large Slime","floor":10,"turns":3},{"damage":10,"enemies":"3 Louse","floor":11,"turns":2},{"damage":0,"enemies":"Gremlin Nob","floor":13,"turns":2},{"damage":16,"enemies":"Lots of Slimes","floor":14,"turns":3},{"damage":0,"enemies":"Slime Boss","floor":16,"turns":6},{"damage":3,"enemies":"Spheric Guardian","floor":18,"turns":3},{"damage":12,"enemies":"Chosen","floor":19,"turns":2},{"damage":22,"enemies":"Snake Plant","floor":20,"turns":4},{"damage":14,"enemies":"Snecko","floor":21,"turns":4},{"damage":37,"enemies":"Book of Stabbing","floor":23,"turns":5},{"damage":16,"enemies":"3 Cultists","floor":27,"turns":4},{"damage":0,"enemies":"Centurion and Healer","floor":29,"turns":5},{"damage":22,"enemies":"Snake Plant","floor":30,"turns":3}],"seed_played":"4573046029460217920","potions_obtained":[{"floor":4,"key":"Strength Potion"},{"floor":5,"key":"SkillPotion"},{"floor":6,"key":"Regen Potion"},{"floor":10,"key":"FearPotion"},{"floor":13,"key":"Weak Potion"},{"floor":16,"key":"PowerPotion"},{"floor":19,"key":"EssenceOfSteel"},{"floor":21,"key":"SmokeBomb"},{"floor":27,"key":"PowerPotion"},{"floor":29,"key":"Swift Potion"}],"is_trial":false,"path_per_floor":["M","M","M","M","M","E","$","E","T","M","M","R","E","M","R","B",null,"M","M","M","M","?","E","R","$","T","M","R","M"],"character_chosen":"IRONCLAD","items_purchased":["Inflame","Flex"],"campfire_rested":0,"item_purchase_floors":[7,7],"current_hp_per_floor":[80,80,74,74,70,47,47,28,28,34,30,30,43,33,33,39,87,87,81,65,57,57,26,26,26,26,16,16,22,0],"gold":268,"neow_bonus":"","is_prod":false,"is_daily":false,"chose_seed":false,"campfire_upgraded":4,"win_rate":0,"timestamp":1532886774,"path_taken":["M","M","M","M","M","E","$","E","T","?","M","R","E","M","R","BOSS","M","M","M","M","?","E","R","$","T","M","R","M","M"],"build_version":"2018-07-26","purchased_purges":2,"victory":false,"max_hp_per_floor":[80,80,80,80,80,80,80,80,80,80,80,80,87,87,87,87,87,87,87,87,87,87,87,87,87,87,87,87,87,87],"card_choices":[{"not_picked":["Wild Strike","Havoc"],"picked":"Twin Strike","floor":1},{"not_picked":["Burning Pact","True Grit"],"picked":"Shrug It Off","floor":2},{"not_picked":["Rage","Warcry","Body Slam"],"picked":"SKIP","floor":3},{"not_picked":["Thunderclap","Dropkick"],"picked":"Bludgeon","floor":4},{"not_picked":["Flex","Shrug It Off"],"picked":"Thunderclap","floor":5},{"not_picked":["Burning Pact","Body Slam"],"picked":"Pummel","floor":6},{"not_picked":["Corruption","Hemokinesis","Sever Soul"],"picked":"Battle Trance","floor":8},{"not_picked":["Intimidate","Bloodletting","Dropkick","Rage"],"picked":"SKIP","floor":10},{"not_picked":["Exhume","Rage","Pommel Strike"],"picked":"Heavy Blade","floor":11},{"not_picked":["Havoc","Entrench","Burning Pact"],"picked":"Metallicize","floor":13},{"not_picked":["Thunderclap","Heavy Blade","Clash"],"picked":"Shrug It Off","floor":14},{"not_picked":["Double Tap","Offering","Impervious"],"picked":"Limit Break","floor":16},{"not_picked":["Feel No Pain","Rampage","Reckless Charge","Ghostly Armor"],"picked":"SKIP","floor":18},{"not_picked":["Intimidate","Spot Weakness","Shockwave"],"picked":"Uppercut","floor":19},{"not_picked":["Uppercut+1","Ghostly Armor","Rage","Pommel Strike"],"picked":"SKIP","floor":20},{"not_picked":["Clash+1","Iron Wave","Pommel Strike"],"picked":"Flex","floor":21},{"not_picked":["Sword Boomerang","Ghostly Armor","Thunderclap","Havoc+1"],"picked":"SKIP","floor":27},{"not_picked":["Flex+1","Burning Pact","Feel No Pain","Carnage"],"picked":"SKIP","floor":29}],"player_experience":193815,"relics_obtained":[{"floor":6,"key":"Question Card"},{"floor":8,"key":"War Paint"},{"floor":9,"key":"Happy Flower"},{"floor":13,"key":"Strawberry"},{"floor":26,"key":"Anchor"}],"event_choices":[{"event_name":"Ghosts","player_choice":"Ignored","floor":22,"damage_taken":0}],"is_beta":true,"boss_relics":[{"not_picked":["Black Blood","Snecko Eye"],"picked":"Astrolabe"}],"items_purged_floors":[7,25],"is_endless":false,"potions_floor_spawned":[4,5,6,10,13,16,19,21,27,29],"killed_by":"Snake Plant","ascension_level":4}