{"gold_per_floor":[109,123,123,137,137,176,199,230,230,263,263,263,284,86,86,206,206,230,329,429,429,447,478,478,490,516,529,864,884,332,361,361,460,460,470,520,520,520,85,85,103,103,151,151,165,165,177,82,82,82],"floor_reached":51,"playtime":10605,"items_purged":["Strike_R","Strike_R","Strike_R+1"],"score":1152,"play_id":"10e53ff0-98be-4d38-b986-6ef8cb63e0de","local_time":"20180915172243","is_ascension_mode":true,"campfire_choices":[{"data":"Barricade","floor":11,"key":"SMITH"},{"floor":15,"key":"REST"},{"data":"Entrench","floor":24,"key":"SMITH"},{"data":"Offering","floor":32,"key":"SMITH"},{"floor":40,"key":"REST"},{"floor":42,"key":"REST"},{"floor":44,"key":"REST"},{"floor":46,"key":"REST"},{"data":"Flash of Steel","floor":49,"key":"SMITH"}],"neow_cost":"TEN_PERCENT_HP_LOSS","seed_source_timestamp":828906158728800,"circlet_count":0,"master_deck":["Defend_R+1","Defend_R+1","Defend_R+1","Defend_R+1","Bash+1","Havoc+1","Ghostly Armor+1","Barricade+1","Ghostly Armor+1","Cleave+1","Iron Wave+1","Entrench+1","Body Slam+1","Offering+1","Reaper+1","Pommel Strike+1","Entrench+1","Shrug It Off+1","Ghostly Armor+1","Flash of Steel+1","Chrysalis+1","Body Slam+1","Ghostly Armor+1","Flash of Steel+1"],"relics":["Burning Blood","Thread and Needle","Bloody Idol","PreservedInsect","StoneCalendar","Champion Belt","WingedGreaves","Sozu","Anchor","Dream Catcher","Old Coin","Orichalcum","Happy Flower","Empty Cage","Incense Burner","Mark of the Bloom","Mango","Lantern"],"potions_floor_usage":[6,10,13,50],"damage_taken":[{"damage":0,"enemies":"Small Slimes","floor":1,"turns":3},{"damage":3,"enemies":"Jaw Worm","floor":2,"turns":3},{"damage":0,"enemies":"Cultist","floor":4,"turns":3},{"damage":47,"enemies":"3 Sentries","floor":6,"turns":13},{"damage":14,"enemies":"Exordium Wildlife","floor":7,"turns":6},{"damage":0,"enemies":"Lagavulin","floor":8,"turns":8},{"damage":6,"enemies":"Gremlin Nob","floor":10,"turns":4},{"damage":0,"enemies":"Large Slime","floor":13,"turns":7},{"damage":6,"enemies":"Slime Boss","floor":16,"turns":15},{"damage":6,"enemies":"Spheric Guardian","floor":18,"turns":3},{"damage":11,"enemies":"Shell Parasite","floor":22,"turns":7},{"damage":6,"enemies":"Gremlin Leader","floor":23,"turns":7},{"damage":0,"enemies":"Centurion and Healer","floor":25,"turns":6},{"damage":6,"enemies":"Snecko","floor":27,"turns":6},{"damage":17,"enemies":"Slavers","floor":28,"turns":6},{"damage":6,"enemies":"Cultist and Chosen","floor":29,"turns":5},{"damage":12,"enemies":"Gremlin Leader","floor":31,"turns":6},{"damage":10,"enemies":"Champ","floor":33,"turns":12},{"damage":7,"enemies":"Orb Walker","floor":35,"turns":4},{"damage":10,"enemies":"Mysterious Sphere","floor":36,"turns":7},{"damage":6,"enemies":"3 Shapes","floor":41,"turns":4},{"damage":36,"enemies":"Transient","floor":45,"turns":5},{"damage":3,"enemies":"Reptomancer","floor":47,"turns":5},{"damage":6,"enemies":"Awakened One","floor":50,"turns":7}],"seed_played":"3783840073538809100","potions_obtained":[{"floor":4,"key":"Regen Potion"},{"floor":7,"key":"LiquidBronze"},{"floor":10,"key":"SkillPotion"},{"floor":13,"key":"SpeedPotion"}],"is_trial":false,"path_per_floor":["M","M","?","M","?","E","M","E","T","E","R","?","M","$","R","B",null,"M","?","?","?","M","E","R","M","T","M","E","M","$","E","R","B",null,"M","?","?","?","$","R","M","R","T","R","M","R","M","$","R","B"],"character_chosen":"IRONCLAD","items_purchased":["Body Slam","Offering","Orichalcum","Flash of Steel","Chrysalis","Mango","Flash of Steel"],"campfire_rested":5,"item_purchase_floors":[14,14,30,30,30,39,48],"current_hp_per_floor":[72,72,58,64,46,20,12,18,18,18,18,18,24,24,45,45,65,65,65,65,65,65,72,72,72,72,72,72,72,72,71,71,72,72,72,72,72,72,72,72,66,66,66,66,30,30,27,27,27,21],"gold":82,"neow_bonus":"ONE_RARE_RELIC","is_prod":false,"is_daily":false,"chose_seed":false,"campfire_upgraded":4,"win_rate":0,"timestamp":1537057363,"path_taken":["M","M","?","M","?","E","M","E","T","E","R","?","M","?","R","BOSS","M","?","?","?","?","E","R","M","T","M","E","M","$","E","R","BOSS","M","?","?","?","$","R","M","R","T","R","?","R","M","$","R","BOSS"],"build_version":"2018-09-12","purchased_purges":3,"victory":true,"max_hp_per_floor":[72,72,72,72,72,72,72,72,72,72,72,72,72,72,72,72,72,72,72,72,72,72,72,72,72,72,72,72,72,72,72,72,72,72,72,72,72,72,86,86,86,86,86,86,86,86,86,86,86,86],"card_choices":[{"not_picked":["Twin Strike","Warcry"],"picked":"Havoc","floor":1},{"not_picked":["Searing Blow","Infernal Blade","Blood for Blood"],"picked":"SKIP","floor":2},{"not_picked":["Perfected Strike","Reckless Charge"],"picked":"Ghostly Armor","floor":4},{"not_picked":["Ghostly Armor","Body Slam"],"picked":"Barricade","floor":6},{"not_picked":["Headbutt","Flex"],"picked":"Ghostly Armor","floor":7},{"not_picked":["Armaments","Flex"],"picked":"Cleave","floor":8},{"not_picked":["Bludgeon","Intimidate"],"picked":"Iron Wave","floor":10},{"not_picked":["Blood for Blood","Cleave"],"picked":"Entrench","floor":13},{"not_picked":["Limit Break","Fiend Fire"],"picked":"Reaper","floor":16},{"not_picked":["Iron Wave","Bloodletting+1"],"picked":"Pommel Strike+1","floor":18},{"not_picked":["Headbutt+1","Pummel","Iron Wave"],"picked":"SKIP","floor":22},{"not_picked":["Seeing Red","Wild Strike"],"picked":"Entrench","floor":23},{"not_picked":["Demon Form","Thunderclap","Hemokinesis"],"picked":"SKIP","floor":25},{"not_picked":["Warcry","True Grit","Fire Breathing"],"picked":"SKIP","floor":27},{"not_picked":["Pommel Strike","Feel No Pain"],"picked":"Shrug It Off","floor":28},{"not_picked":["Burning Pact+1","Pommel Strike"],"picked":"Ghostly Armor","floor":29},{"not_picked":["Pommel Strike","Heavy Blade","Searing Blow"],"picked":"SKIP","floor":31},{"not_picked":["Limit Break","Feed"],"picked":"Brutality","floor":33},{"not_picked":["Shrug It Off","Bloodletting+1"],"picked":"Body Slam","floor":35},{"not_picked":["Armaments+1","Disarm","True Grit+1"],"picked":"SKIP","floor":41},{"not_picked":["Burning Pact+1","Shrug It Off"],"picked":"Ghostly Armor+1","floor":45},{"not_picked":["Entrench","Cleave","Clash+1"],"picked":"SKIP","floor":47}],"player_experience":279002,"relics_obtained":[{"floor":6,"key":"PreservedInsect"},{"floor":8,"key":"StoneCalendar"},{"floor":9,"key":"Champion Belt"},{"floor":10,"key":"WingedGreaves"},{"floor":23,"key":"Anchor"},{"floor":26,"key":"Dream Catcher"},{"floor":28,"key":"Old Coin"},{"floor":31,"key":"Happy Flower"},{"floor":36,"key":"Incense Burner"},{"floor":43,"key":"Lantern"}],"event_choices":[{"event_name":"Shining Light","player_choice":"Entered Light","floor":3,"damage_taken":0},{"event_name":"Golden Idol","player_choice":"Take Damage","floor":5,"damage_taken":0},{"event_name":"Liars Game","player_choice":"disagreed","floor":12,"damage_taken":0},{"event_name":"Nest","player_choice":"Stole From Cult","floor":19,"damage_taken":0},{"event_name":"Golden Shrine","player_choice":"Pray","floor":20,"damage_taken":0},{"event_name":"Forgotten Altar","player_choice":"Gave Idol","floor":21,"damage_taken":0},{"event_name":"Mysterious Sphere","player_choice":"Fight","floor":36,"damage_taken":0},{"event_name":"MindBloom","player_choice":"Upgrade","floor":37,"damage_taken":0},{"event_name":"Falling","player_choice":"Removed Power","floor":38,"damage_taken":0}],"is_beta":true,"boss_relics":[{"not_picked":["Ectoplasm","Astrolabe"],"picked":"Sozu"},{"not_picked":["Runic Dome","Lizard Tail"],"picked":"Empty Cage"}],"items_purged_floors":[14,30,39],"is_endless":false,"potions_floor_spawned":[4,7,10,13,22,23,31,33,36,41],"ascension_level":6}