{"gold_per_floor":[112,62,76,86,97,130,130,141,195,195],"floor_reached":10,"playtime":433,"items_purged":[],"score":88,"play_id":"4429b04a-e6ac-4c1c-9d3a-fb4d2e12d228","local_time":"20180909201005","is_ascension_mode":true,"campfire_choices":[],"neow_cost":"TEN_PERCENT_HP_LOSS","seed_source_timestamp":330736663396400,"circlet_count":0,"master_deck":["Strike_R","Strike_R","Strike_R","Defend_R","Defend_R","Defend_R","Bash","Berserk","Disarm","Uppercut","Metallicize","Ghostly Armor","Flex","Whirlwind"],"relics":["Burning Blood","PreservedInsect","Sundial","Lantern"],"potions_floor_usage":[5,10],"damage_taken":[{"damage":10,"enemies":"Jaw Worm","floor":1,"turns":3},{"damage":8,"enemies":"Small Slimes","floor":3,"turns":4},{"damage":0,"enemies":"2 Louse","floor":4,"turns":3},{"damage":12,"enemies":"Exordium Thugs","floor":5,"turns":5},{"damage":45,"enemies":"3 Sentries","floor":6,"turns":14},{"damage":0,"enemies":"Large Slime","floor":8,"turns":5},{"damage":21,"enemies":"Lagavulin","floor":10,"turns":3}],"seed_played":"4739351776526021010","potions_obtained":[{"floor":3,"key":"Block Potion"},{"floor":6,"key":"Ancient Potion"},{"floor":8,"key":"Dexterity Potion"}],"is_trial":false,"path_per_floor":["M","?","M","M","M","E","?","M","T"],"character_chosen":"IRONCLAD","items_purchased":[],"campfire_rested":0,"item_purchase_floors":[],"current_hp_per_floor":[68,68,66,72,66,27,15,21,21,0],"gold":195,"neow_bonus":"TRANSFORM_TWO_CARDS","is_prod":false,"is_daily":false,"chose_seed":false,"campfire_upgraded":0,"win_rate":0,"timestamp":1536549005,"path_taken":["M","?","M","M","M","E","?","?","T","E"],"build_version":"2018-09-06","purchased_purges":0,"victory":false,"max_hp_per_floor":[72,72,72,72,72,72,72,72,72,72],"card_choices":[{"not_picked":["Armaments","Clash"],"picked":"Uppercut","floor":1},{"not_picked":["Rupture","Sword Boomerang"],"picked":"Metallicize","floor":3},{"not_picked":["Headbutt","Wild Strike","Anger"],"picked":"SKIP","floor":4},{"not_picked":["Clothesline","Power Through"],"picked":"Ghostly Armor","floor":5},{"not_picked":["Carnage","Bloodletting"],"picked":"Flex","floor":6},{"not_picked":["Searing Blow","Sever Soul"],"picked":"Whirlwind","floor":8}],"player_experience":270503,"relics_obtained":[{"floor":6,"key":"PreservedInsect"},{"floor":9,"key":"Lantern"}],"event_choices":[{"event_name":"The Cleric","player_choice":"Card Removal","floor":2,"damage_taken":0},{"event_name":"Scrap Ooze","player_choice":"success","floor":7,"damage_taken":12}],"is_beta":true,"boss_relics":[],"items_purged_floors":[],"is_endless":false,"potions_floor_spawned":[3,6,8],"killed_by":"Lagavulin","ascension_level":5}