{"gold_per_floor":[116,135,210,210,210,210,210,210,210,223,238,253,213,138,138,138],"floor_reached":16,"playtime":589,"items_purged":["Normality"],"score":180,"play_id":"5a92c041-16b5-492e-8090-d6079cbfee88","local_time":"20190126213927","is_ascension_mode":true,"campfire_choices":[{"data":"Neutralize","floor":6,"key":"SMITH"},{"floor":8,"key":"REST"},{"floor":15,"key":"REST"}],"neow_cost":"NONE","seed_source_timestamp":637279819535000,"circlet_count":0,"master_deck":["AscendersBane","Defend_G","Defend_G","Defend_G","Defend_G","Defend_G","Strike_G","Strike_G","Strike_G","Strike_G","Strike_G","Survivor","Neutralize+1","Backflip","Footwork+1","Cloak And Dagger","Backflip"],"relics":["Ring of the Snake","Pen Nib","Letter Opener","Kunai"],"potions_floor_usage":[16,16],"damage_taken":[{"damage":2,"enemies":"Small Slimes","floor":1,"turns":6},{"damage":9,"enemies":"Jaw Worm","floor":2,"turns":6},{"damage":1,"enemies":"2 Louse","floor":10,"turns":4},{"damage":29,"enemies":"Exordium Thugs","floor":11,"turns":9},{"damage":21,"enemies":"Gremlin Gang","floor":12,"turns":7},{"damage":0,"enemies":"Looter","floor":13,"turns":4},{"damage":35,"enemies":"Slime Boss","floor":16,"turns":10}],"seed_played":"-8127153817576400271","potions_obtained":[{"floor":2,"key":"Strength Potion"},{"floor":10,"key":"SteroidPotion"}],"is_trial":false,"path_per_floor":["M","M","?","T","?","R","?","R","T","M","M","M","M","$","R","B"],"character_chosen":"THE_SILENT","items_purchased":[],"campfire_rested":2,"item_purchase_floors":[],"current_hp_per_floor":[57,48,37,37,37,37,37,56,56,55,26,5,5,5,24,0],"gold":138,"neow_bonus":"RANDOM_COMMON_RELIC","is_prod":false,"is_daily":false,"chose_seed":false,"campfire_upgraded":1,"win_rate":0,"timestamp":1548535167,"path_taken":["M","M","?","?","?","R","?","R","T","M","?","M","?","$","R","BOSS"],"build_version":"2019-01-23","purchased_purges":1,"victory":false,"max_hp_per_floor":[66,66,66,66,66,66,66,66,66,66,66,66,66,66,66,66],"card_choices":[{"not_picked":["Endless Agony","Caltrops"],"picked":"Backflip","floor":1},{"not_picked":["Cloak And Dagger","Terror"],"picked":"Footwork","floor":2},{"not_picked":["Dagger Throw","Dodge and Roll","Deadly Poison"],"picked":"SKIP","floor":10},{"not_picked":["PiercingWail","Skewer"],"picked":"Cloak And Dagger","floor":11},{"not_picked":["Unload","Dodge and Roll"],"picked":"Backflip","floor":12},{"not_picked":["Flechettes","Dagger Throw","Outmaneuver"],"picked":"SKIP","floor":13}],"player_experience":1085900,"relics_obtained":[{"floor":4,"key":"Letter Opener"},{"floor":9,"key":"Kunai"}],"event_choices":[{"damage_healed":0,"gold_gain":75,"player_choice":"Gather Gold","damage_taken":11,"max_hp_gain":0,"max_hp_loss":0,"event_name":"World of Goop","floor":3,"gold_loss":0},{"damage_healed":0,"gold_gain":0,"player_choice":"Grow","damage_taken":0,"max_hp_gain":0,"max_hp_loss":0,"event_name":"Living Wall","floor":5,"gold_loss":0,"cards_upgraded":["Footwork"]},{"damage_healed":0,"gold_gain":0,"player_choice":"1 cards matched","damage_taken":0,"max_hp_gain":0,"max_hp_loss":0,"event_name":"Match and Keep!","floor":7,"gold_loss":0,"cards_obtained":["Normality"]}],"is_beta":true,"boss_relics":[],"items_purged_floors":[14],"is_endless":false,"potions_floor_spawned":[2,10],"killed_by":"Slime Boss","ascension_level":20}