{"gold_per_floor":[119,137,312,312,73,73,106,123,123,123,123,123,143,164,164,260,260,274,274,274,292,321,337,337,350,431,443,443,443,443,187,187,285,285,300,1299,585,595,605,605,637,655,708,708,930,930,163,177,177,177],"floor_reached":51,"playtime":816,"items_purged":["Defend_R","Defend_R","Normality","Normality"],"score":898,"play_id":"512fec57-968e-4866-ba12-6b805edf9798","local_time":"20190216224247","is_ascension_mode":false,"campfire_choices":[{"data":"Whirlwind","floor":6,"key":"SMITH"},{"data":"Bash","floor":11,"key":"SMITH"},{"data":"Bludgeon","floor":15,"key":"SMITH"},{"data":"Offering","floor":24,"key":"SMITH"},{"floor":29,"key":"REST"},{"data":"Shrug It Off","floor":32,"key":"SMITH"},{"data":"Strike_R","floor":40,"key":"SMITH"},{"floor":44,"key":"REST"},{"data":"Strike_R","floor":46,"key":"SMITH"},{"data":"Strike_R","floor":49,"key":"SMITH"}],"neow_cost":"NONE","seed_source_timestamp":332179581772200,"circlet_count":0,"master_deck":["Strike_R","Strike_R","Strike_R+1","Strike_R+1","Strike_R+1","Defend_R","Defend_R","Bash+1","Whirlwind+1","Bludgeon+1","Shrug It Off+1","Offering+1","Necronomicurse","Immolate+1"],"relics":["Burning Blood","NeowsBlessing","Self Forming Clay","Kunai","Mercury Hourglass","Odd Mushroom","Snecko Eye","Toxic Egg 2","Red Mask","Molten Egg 2","Necronomicon","Regal Pillow","Mark of Pain","Bronze Scales","Sling","Bottled Flame","Ornamental Fan","Oddly Smooth Stone","Anchor","Brimstone","Meat on the Bone"],"potions_floor_usage":[16,33,33,50,50,50],"damage_taken":[{"damage":0,"enemies":"Small Slimes","floor":1,"turns":2},{"damage":0,"enemies":"2 Louse","floor":2,"turns":1},{"damage":0,"enemies":"Lagavulin","floor":7,"turns":1},{"damage":0,"enemies":"Cultist","floor":8,"turns":2},{"damage":20,"enemies":"Large Slime","floor":13,"turns":3},{"damage":13,"enemies":"The Mushroom Lair","floor":14,"turns":2},{"damage":1,"enemies":"Slime Boss","floor":16,"turns":9},{"damage":0,"enemies":"3 Byrds","floor":18,"turns":3},{"damage":26,"enemies":"Colosseum Slavers","floor":19,"turns":3},{"damage":0,"enemies":"Spheric Guardian","floor":21,"turns":2},{"damage":6,"enemies":"Masked Bandits","floor":22,"turns":3},{"damage":7,"enemies":"Centurion and Healer","floor":23,"turns":3},{"damage":6,"enemies":"Chosen and Byrds","floor":25,"turns":4},{"damage":8,"enemies":"Snake Plant","floor":27,"turns":2},{"damage":18,"enemies":"Champ","floor":33,"turns":5},{"damage":0,"enemies":"Orb Walker","floor":35,"turns":1},{"damage":18,"enemies":"3 Shapes","floor":38,"turns":1},{"damage":0,"enemies":"Transient","floor":39,"turns":5},{"damage":0,"enemies":"Reptomancer","floor":41,"turns":2},{"damage":22,"enemies":"Spire Growth","floor":42,"turns":3},{"damage":0,"enemies":"4 Shapes","floor":48,"turns":1},{"damage":43,"enemies":"Donu and Deca","floor":50,"turns":3}],"seed_played":"9078132048877113881","potions_obtained":[{"floor":1,"key":"Fire Potion"},{"floor":7,"key":"FearPotion"},{"floor":16,"key":"Energy Potion"},{"floor":25,"key":"Energy Potion"},{"floor":33,"key":"Dexterity Potion"},{"floor":35,"key":"BloodPotion"},{"floor":38,"key":"Fire Potion"},{"floor":48,"key":"Ancient Potion"}],"is_trial":false,"path_per_floor":["M","M","?","?","$","R","E","M","T","?","R","$","M","?","R","B",null,"M","?","T","M","?","M","R","M","T","M","?","R","?","$","R","B",null,"M","?","$","M","M","R","E","M","T","R","?","R","$","M","R","B",null],"character_chosen":"IRONCLAD","items_purchased":["Bludgeon","Regal Pillow","Bronze Scales","Sling","Bottled Flame","Anchor","Brimstone","Meat on the Bone"],"campfire_rested":2,"item_purchase_floors":[5,31,37,37,37,47,47,47],"current_hp_per_floor":[80,80,80,80,80,80,80,80,80,73,73,73,59,52,52,57,80,80,60,60,66,66,65,65,65,65,63,47,71,71,71,71,59,80,80,80,80,68,74,74,80,64,64,80,80,80,80,80,80,55],"gold":177,"neow_bonus":"THREE_ENEMY_KILL","is_prod":false,"is_daily":false,"chose_seed":false,"campfire_upgraded":8,"win_rate":0,"timestamp":1550353367,"path_taken":["M","M","?","?","$","R","E","?","T","?","R","?","M","?","R","BOSS","M","?","?","M","?","?","R","M","T","M","?","R","?","?","R","BOSS","M","?","$","M","M","R","E","M","T","R","?","R","$","M","R","BOSS"],"build_version":"2019-02-06","purchased_purges":4,"victory":true,"max_hp_per_floor":[80,80,80,80,80,80,80,80,80,80,80,80,80,80,80,80,80,80,80,80,80,80,80,80,80,80,80,80,80,80,80,80,80,80,80,80,80,80,80,80,80,80,80,80,80,80,80,80,80,80],"card_choices":[{"not_picked":["Disarm","Body Slam","Perfected Strike"],"picked":"SKIP","floor":1},{"not_picked":["Sword Boomerang","Twin Strike"],"picked":"Whirlwind","floor":2},{"not_picked":["Pummel","Burning Pact","Headbutt"],"picked":"SKIP","floor":7},{"not_picked":["Carnage","Thunderclap","Sword Boomerang"],"picked":"SKIP","floor":8},{"not_picked":["Anger","Disarm"],"picked":"Shrug It Off","floor":13},{"not_picked":["Brutality","Exhume"],"picked":"Offering","floor":16},{"not_picked":["Combust+1","Havoc","Sever Soul"],"picked":"SKIP","floor":18},{"not_picked":["Sword Boomerang","Headbutt","True Grit+1"],"picked":"SKIP","floor":21},{"not_picked":["Metallicize+1","Feed","Headbutt"],"picked":"SKIP","floor":23},{"not_picked":["Battle Trance+1","Thunderclap","Heavy Blade+1"],"picked":"SKIP","floor":25},{"not_picked":["Anger+1","Clash+1","Entrench+1"],"picked":"SKIP","floor":27},{"not_picked":["Blood for Blood+1","Havoc+1","Shockwave+1"],"picked":"SKIP","floor":35},{"not_picked":["Pommel Strike+1","Pummel+1","Iron Wave+1"],"picked":"SKIP","floor":38},{"not_picked":["Iron Wave+1","Whirlwind+1","Shockwave+1"],"picked":"SKIP","floor":39},{"not_picked":["Immolate+1","Heavy Blade+1","Feed+1"],"picked":"SKIP","floor":41},{"not_picked":["Heavy Blade+1","Feed+1"],"picked":"Immolate+1","floor":41},{"not_picked":["Twin Strike+1","Shrug It Off+1","Second Wind+1"],"picked":"SKIP","floor":42},{"not_picked":["Body Slam+1","Rage+1","Shrug It Off+1"],"picked":"SKIP","floor":48}],"player_experience":1149888,"relics_obtained":[{"floor":7,"key":"Self Forming Clay"},{"floor":9,"key":"Kunai"},{"floor":14,"key":"Odd Mushroom"},{"floor":20,"key":"Toxic Egg 2"},{"floor":22,"key":"Red Mask"},{"floor":26,"key":"Molten Egg 2"},{"floor":28,"key":"Necronomicon"},{"floor":41,"key":"Ornamental Fan"},{"floor":43,"key":"Oddly Smooth Stone"}],"event_choices":[{"damage_healed":0,"gold_gain":175,"player_choice":"AGREE","damage_taken":0,"max_hp_gain":0,"max_hp_loss":0,"event_name":"Liars Game","floor":3,"gold_loss":0,"cards_obtained":["Doubt"]},{"cards_removed":["Doubt"],"damage_healed":0,"gold_gain":0,"player_choice":"Purged","damage_taken":0,"max_hp_gain":0,"max_hp_loss":0,"event_name":"Purifier","floor":4,"gold_loss":0},{"damage_healed":0,"gold_gain":0,"player_choice":"Success","damage_taken":7,"relics_obtained":["Mercury Hourglass"],"max_hp_gain":0,"max_hp_loss":0,"event_name":"Scrap Ooze","floor":10,"gold_loss":0},{"damage_healed":0,"gold_gain":0,"player_choice":"Fought Mushrooms","damage_taken":0,"max_hp_gain":0,"max_hp_loss":0,"event_name":"Mushrooms","floor":14,"gold_loss":0},{"damage_healed":0,"gold_gain":0,"player_choice":"Fight","damage_taken":0,"max_hp_gain":0,"max_hp_loss":0,"event_name":"Colosseum","floor":19,"gold_loss":0},{"damage_healed":0,"gold_gain":0,"player_choice":"Fled From Nobs","damage_taken":0,"max_hp_gain":0,"max_hp_loss":0,"event_name":"Colosseum","floor":19,"gold_loss":0},{"damage_healed":0,"gold_gain":0,"player_choice":"Fought Bandits","damage_taken":0,"max_hp_gain":0,"max_hp_loss":0,"event_name":"Masked Bandits","floor":22,"gold_loss":0},{"damage_healed":0,"gold_gain":0,"player_choice":"Obtained Book","damage_taken":16,"max_hp_gain":0,"max_hp_loss":0,"event_name":"Cursed Tome","floor":28,"gold_loss":0},{"damage_healed":0,"gold_gain":0,"player_choice":"Ignored","damage_taken":0,"max_hp_gain":0,"max_hp_loss":0,"event_name":"Vampires","floor":30,"gold_loss":0},{"damage_healed":0,"gold_gain":999,"player_choice":"Gold","damage_taken":0,"max_hp_gain":0,"max_hp_loss":0,"event_name":"MindBloom","floor":36,"gold_loss":0,"cards_obtained":["Normality","Normality"]},{"damage_healed":0,"gold_gain":222,"player_choice":"Wore Mask","damage_taken":0,"max_hp_gain":0,"max_hp_loss":0,"event_name":"Tomb of Lord Red Mask","floor":45,"gold_loss":0}],"is_beta":true,"boss_relics":[{"not_picked":["Runic Pyramid","Busted Crown"],"picked":"Snecko Eye"},{"not_picked":["Lizard Tail","Coffee Dripper"],"picked":"Mark of Pain"}],"items_purged_floors":[5,31,37,47],"is_endless":false,"potions_floor_spawned":[1,7,16,19,25,33,35,38,48],"ascension_level":0}