{"gold_per_floor":[109,109,119,119,119,119,137,172,172,172,190,88,105,123,123,200,200,213,213,228,240,240,269,269,14,38,68,78,4,22,48,48,125,125,139,69,89,108,0,31,45,79,106,106,116,116,116,116,116,116,116,116,1,28,28],"floor_reached":56,"playtime":5109,"items_purged":["Strike_R","Strike_R"],"score":2308,"play_id":"be67293c-b6bb-48df-9ded-06c23bbd52a5","local_time":"20190117211857","is_ascension_mode":true,"campfire_choices":[{"data":"Barricade","floor":6.0,"key":"SMITH"},{"floor":10.0,"key":"REST"},{"data":"Armaments","floor":15.0,"key":"SMITH"},{"floor":24.0,"key":"RECALL"},{"floor":32.0,"key":"REST"},{"floor":46,"key":"REST"},{"floor":49,"key":"REST"},{"floor":52,"key":"REST"}],"neow_cost":"NONE","seed_source_timestamp":0,"circlet_count":0,"master_deck":["AscendersBane","Strike_R+1","Strike_R","Strike_R","Defend_R","Defend_R","Defend_R+1","Defend_R+1","Bash","Barricade+1","Body Slam+1","Corruption","Metallicize","Exhume","Metallicize","Armaments+1","Shrug It Off","Offering","Battle Trance","Pommel Strike","Shrug It Off+1","Ghostly","Ghostly","Ghostly","Ghostly","Ghostly","Shockwave","Feel No Pain","Feel No Pain","Reaper","Disarm","Metallicize+1","Body Slam","Metallicize+1"],"special_seed":0,"relics":["Burning Blood","Self Forming Clay","Blue Candle","Mercury Hourglass","Fusion Hammer","War Paint","PreservedInsect","Anchor","Regal Pillow","Frozen Egg 2","Black Star","Red Mask","Turnip","Singing Bowl","Oddly Smooth Stone","Whetstone","Pear","Dodecahedron"],"potions_floor_usage":[50,55,55],"damage_taken":[{"damage":4.0,"enemies":"Jaw Worm","floor":1.0,"turns":7.0},{"damage":1.0,"enemies":"Cultist","floor":3.0,"turns":4.0},{"damage":7.0,"enemies":"Small Slimes","floor":7.0,"turns":5.0},{"damage":48.0,"enemies":"Gremlin Nob","floor":8.0,"turns":7.0},{"damage":14.0,"enemies":"Exordium Thugs","floor":11.0,"turns":4.0},{"damage":5.0,"enemies":"2 Fungi Beasts","floor":13.0,"turns":4.0},{"damage":0.0,"enemies":"Exordium Wildlife","floor":14.0,"turns":5.0},{"damage":19.0,"enemies":"The Guardian","floor":16.0,"turns":9.0},{"damage":10.0,"enemies":"Chosen","floor":18.0,"turns":4.0},{"damage":2.0,"enemies":"Shell Parasite","floor":20.0,"turns":7.0},{"damage":6.0,"enemies":"Snake Plant","floor":21.0,"turns":4.0},{"damage":6.0,"enemies":"Slavers","floor":23.0,"turns":7.0},{"damage":6.0,"enemies":"Gremlin Leader","floor":27.0,"turns":5.0},{"damage":12.0,"enemies":"3 Cultists","floor":28.0,"turns":4.0},{"damage":6.0,"enemies":"Shelled Parasite and Fungi","floor":30.0,"turns":5.0},{"damage":1.0,"enemies":"Book of Stabbing","floor":31.0,"turns":6.0},{"damage":2.0,"enemies":"Collector","floor":33.0,"turns":7.0},{"damage":7.0,"enemies":"3 Shapes","floor":35.0,"turns":8.0},{"damage":6.0,"enemies":"3 Darklings","floor":37.0,"turns":5.0},{"damage":1,"enemies":"Sphere and 2 Shapes","floor":38,"turns":7},{"damage":12,"enemies":"Giant Head","floor":40,"turns":7},{"damage":12,"enemies":"Maw","floor":41,"turns":8},{"damage":2,"enemies":"Nemesis","floor":42,"turns":5},{"damage":0,"enemies":"Transient","floor":45,"turns":5},{"damage":12,"enemies":"Donu and Deca","floor":50,"turns":11},{"damage":7,"enemies":"Shield and Spear","floor":54,"turns":9},{"damage":9,"enemies":"The Heart","floor":55,"turns":11}],"seed_played":"-2513519419488503048","potions_obtained":[{"floor":1.0,"key":"EntropicBrew"},{"floor":3.0,"key":"Ancient Potion"},{"floor":5.0,"key":"Swift Potion"},{"floor":8.0,"key":"Explosive Potion"},{"floor":14.0,"key":"FearPotion"},{"floor":16.0,"key":"Poison Potion"},{"floor":27.0,"key":"Block Potion"}],"is_trial":false,"path_per_floor":["M","?","M","?","?","R","M","E","T","R","M","$","M","M","R","B",null,"M","?","M","M","?","E","R","$","T","E","M","$","M","E","R","B",null,"M","$","M","M","?","E","M","E","T","$","M","R","?","?","R","B",null,"R","$","E","B",null],"character_chosen":"IRONCLAD","items_purchased":["Armaments","PreservedInsect","Feel No Pain","Metallicize+1","Metallicize+1","Strength Potion"],"campfire_rested":5,"item_purchase_floors":[12,25,29,36,53,53],"current_hp_per_floor":[74,66,71,38,38,38,37,9,9,33,25,25,26,32,32,19,65,61,61,65,65,40,40,40,40,40,40,34,34,34,39,40,40,40,40,40,40,40,40,42,41,46,46,46,48,48,46,46,46,40,45,46,46,58,58],"gold":28,"neow_bonus":"ONE_RANDOM_RARE_CARD","is_prod":false,"is_daily":false,"chose_seed":false,"campfire_upgraded":2,"win_rate":0,"timestamp":1547788737,"path_taken":["M","?","?","?","?","R","?","E","T","R","M","$","M","M","R","BOSS","M","?","M","M","?","E","R","?","T","E","M","$","M","E","R","BOSS","M","?","?","M","?","E","M","E","T","?","M","R","?","?","R","BOSS","R","$","E","BOSS"],"build_version":"2019-01-16","purchased_purges":2,"victory":true,"max_hp_per_floor":[80,80,80,80,80,80,80,80,80,80,80,80,80,80,80,80,80,80,80,80,80,40,40,40,40,40,40,40,40,40,40,40,40,40,40,40,40,40,40,42,44,46,46,46,48,48,46,46,46,46,46,46,46,58,58],"card_choices":[{"not_picked":["Spot Weakness","Perfected Strike"],"picked":"Body Slam","floor":1.0},{"not_picked":["Twin Strike","True Grit"],"picked":"Corruption","floor":3.0},{"not_picked":["Sword Boomerang","Havoc"],"picked":"Metallicize","floor":7.0},{"not_picked":["Shockwave","Headbutt"],"picked":"Exhume","floor":8.0},{"not_picked":["Rage","Uppercut"],"picked":"Metallicize","floor":11.0},{"not_picked":["Heavy Blade","Clothesline"],"picked":"Shrug It Off","floor":13.0},{"not_picked":["Hemokinesis","Armaments","Fire Breathing"],"picked":"SKIP","floor":14.0},{"not_picked":["Bludgeon","Barricade"],"picked":"Offering","floor":16.0},{"not_picked":["Body Slam","Headbutt"],"picked":"Battle Trance","floor":18.0},{"not_picked":["Headbutt","Rage"],"picked":"Pommel Strike","floor":20.0},{"not_picked":["Heavy Blade","Evolve+1"],"picked":"Shrug It Off+1","floor":21.0},{"not_picked":["Rupture+1","Double Tap"],"picked":"Shockwave","floor":23.0},{"not_picked":["Searing Blow","Uppercut"],"picked":"Feel No Pain","floor":27.0},{"not_picked":["Blood for Blood","Flex","Headbutt"],"picked":"SKIP","floor":28.0},{"not_picked":["Carnage","Havoc","Sever Soul+1"],"picked":"SKIP","floor":30.0},{"not_picked":["Corruption","Armaments","Rupture"],"picked":"SKIP","floor":31.0},{"not_picked":["Barricade+1","Double Tap"],"picked":"Reaper","floor":33.0},{"not_picked":["Cleave","Uppercut"],"picked":"Disarm","floor":35.0},{"not_picked":["Flex","True Grit","Reckless Charge"],"picked":"SKIP","floor":37.0},{"not_picked":["Sever Soul","Anger"],"picked":"Body Slam","floor":38},{"not_picked":["True Grit+1","Uppercut+1","Clothesline+1"],"picked":"Singing Bowl","floor":40},{"not_picked":["Corruption+1","Sword Boomerang","Flex+1"],"picked":"Singing Bowl","floor":41},{"not_picked":["Fire Breathing+1","Brutality+1","Havoc"],"picked":"Singing Bowl","floor":42},{"not_picked":["Clash","Iron Wave","Perfected Strike"],"picked":"Singing Bowl","floor":45},{"not_picked":["Dropkick","Flex","Whirlwind+1"],"picked":"Singing Bowl","floor":54}],"player_experience":549406,"relics_obtained":[{"floor":8.0,"key":"Blue Candle"},{"floor":9.0,"key":"Mercury Hourglass"},{"floor":23.0,"key":"War Paint"},{"floor":26.0,"key":"Anchor"},{"floor":27.0,"key":"Regal Pillow"},{"floor":31.0,"key":"Frozen Egg 2"},{"floor":40,"key":"Turnip"},{"floor":40,"key":"Singing Bowl"},{"floor":42,"key":"Oddly Smooth Stone"},{"floor":42,"key":"Whetstone"},{"floor":54,"key":"Pear"},{"floor":54,"key":"Dodecahedron"}],"event_choices":[{"damage_healed":0.0,"max_hp_gain":0.0,"max_hp_loss":0.0,"gold_gain":0.0,"event_name":"Wheel of Change","player_choice":"Damaged","floor":2.0,"gold_loss":0.0,"damage_taken":8.0},{"damage_healed":0.0,"max_hp_gain":0.0,"max_hp_loss":0.0,"gold_gain":0.0,"event_name":"Scrap Ooze","player_choice":"Success","floor":4.0,"gold_loss":0.0,"damage_taken":33.0,"relics_obtained":["Self Forming Clay"]},{"damage_healed":0.0,"max_hp_gain":0.0,"max_hp_loss":0.0,"gold_gain":0.0,"event_name":"Lab","player_choice":"Got Potions","floor":5.0,"gold_loss":0.0,"damage_taken":0.0},{"damage_healed":0.0,"max_hp_gain":0.0,"max_hp_loss":0.0,"gold_gain":0.0,"event_name":"Vampires","player_choice":"Ignored","floor":19.0,"gold_loss":0.0,"damage_taken":0.0},{"damage_healed":0.0,"max_hp_gain":0.0,"max_hp_loss":40.0,"gold_gain":0.0,"event_name":"Ghosts","player_choice":"Became a Ghost","floor":22.0,"gold_loss":0.0,"damage_taken":0.0,"cards_obtained":["Ghostly","Ghostly","Ghostly","Ghostly","Ghostly"]},{"damage_healed":0,"gold_gain":0,"player_choice":"Paid","damage_taken":0,"relics_obtained":["Red Mask"],"max_hp_gain":0,"max_hp_loss":0,"event_name":"Tomb of Lord Red Mask","floor":39,"gold_loss":108},{"damage_healed":0,"gold_gain":0,"player_choice":"Max HP","damage_taken":0,"max_hp_gain":0,"max_hp_loss":2,"event_name":"Winding Halls","floor":47,"gold_loss":0},{"damage_healed":0,"gold_gain":0,"player_choice":"Ignored","damage_taken":0,"max_hp_gain":0,"max_hp_loss":0,"event_name":"SecretPortal","floor":48,"gold_loss":0}],"is_beta":true,"boss_relics":[{"not_picked":["Black Blood","Lizard Tail"],"picked":"Fusion Hammer"},{"not_picked":["Velvet Choker","Pandora\u0027s Box"],"picked":"Black Star"}],"items_purged_floors":[12,25],"is_endless":false,"potions_floor_spawned":[1,3,8,14,16,18,23,27,31,37,42],"ascension_level":13}