{"gold_per_floor":[114,114,124,89,89,89,89,14,14,26,26,26,26,101,101,175,175,193,193,118,118,130,130,164,176,222,232,154,215,232,243,243,318,318,332,352,196,196,212,212],"floor_reached":40,"playtime":1058,"items_purged":["Strike_R","Defend_R","Pain"],"score":978,"play_id":"1d01d085-06c6-4031-b5d6-f4c9c4212db7","local_time":"20190410225401","is_ascension_mode":true,"campfire_choices":[{"data":"Bash","floor":6,"key":"SMITH"},{"floor":13,"key":"REST"},{"data":"Strike_R","floor":15,"key":"SMITH"},{"data":"Heavy Blade","floor":23,"key":"SMITH"},{"floor":32,"key":"REST"}],"neow_cost":"NONE","seed_source_timestamp":33891574104599,"circlet_count":0,"master_deck":["AscendersBane","Strike_R+1","Strike_R","Strike_R+1","Defend_R+1","Defend_R","Bash+1","Heavy Blade+1","Whirlwind+1","Clothesline+1","Blood for Blood+1","Limit Break+1","Injury","Writhe","True Grit+1"],"relics":["Burning Blood","NeowsBlessing","Shuriken","Dead Branch","Toxic Egg 2","Snecko Eye","Molten Egg 2","Smiling Mask","Tiny Chest","Calling Bell","Anchor","Pantograph","Champion Belt","PreservedInsect"],"potions_floor_usage":[16,27,29,31,33,40,40],"damage_taken":[{"damage":0,"enemies":"Small Slimes","floor":1,"turns":1},{"damage":0,"enemies":"2 Louse","floor":3,"turns":1},{"damage":0,"enemies":"Jaw Worm","floor":10,"turns":1},{"damage":6,"enemies":"Slime Boss","floor":16,"turns":6},{"damage":26,"enemies":"3 Byrds","floor":18,"turns":4},{"damage":11,"enemies":"Spheric Guardian","floor":22,"turns":3},{"damage":0,"enemies":"Gremlin Leader","floor":24,"turns":3},{"damage":0,"enemies":"Cultist and Chosen","floor":25,"turns":3},{"damage":21,"enemies":"Shelled Parasite and Fungi","floor":27,"turns":2},{"damage":37,"enemies":"Slavers","floor":29,"turns":3},{"damage":18,"enemies":"Snake Plant","floor":30,"turns":2},{"damage":11,"enemies":"Sentry and Sphere","floor":31,"turns":3},{"damage":52,"enemies":"Collector","floor":33,"turns":6},{"damage":17,"enemies":"3 Shapes","floor":35,"turns":6},{"damage":38,"enemies":"3 Darklings","floor":36,"turns":3},{"damage":12,"enemies":"Transient","floor":39,"turns":6},{"damage":30,"enemies":"Nemesis","floor":40,"turns":2}],"seed_played":"7601209351505888723","potions_obtained":[{"floor":1,"key":"PowerPotion"},{"floor":16,"key":"Weak Potion"},{"floor":22,"key":"Energy Potion"},{"floor":27,"key":"Strength Potion"},{"floor":29,"key":"GamblersBrew"},{"floor":36,"key":"PowerPotion"}],"is_trial":false,"path_per_floor":["M","?","M","?","?","R","?","$","T","M","?","T","R","?","R","B",null,"M","?","?","?","M","R","E","M","T","M","$","E","M","M","R","B",null,"M","M","$","T","M","E"],"character_chosen":"IRONCLAD","items_purchased":["Clothesline+1","True Grit+1","PowerPotion"],"campfire_rested":2,"item_purchase_floors":[28,37,37],"current_hp_per_floor":[74,39,45,63,56,56,33,33,33,39,39,39,61,50,50,50,69,52,30,30,93,88,88,93,93,93,78,78,47,35,30,57,11,73,62,30,30,30,24,0],"gold":212,"neow_bonus":"THREE_ENEMY_KILL","is_prod":false,"is_daily":false,"chose_seed":false,"campfire_upgraded":3,"win_rate":0,"timestamp":1554929641,"path_taken":["M","?","M","?","?","R","?","?","T","?","?","?","R","?","R","BOSS","M","?","?","?","?","R","E","M","T","M","$","E","M","M","R","BOSS","M","M","$","?","M","E"],"build_version":"2019-04-04","purchased_purges":3,"victory":false,"max_hp_per_floor":[75,75,75,75,75,75,75,75,75,75,75,75,75,75,75,75,75,78,83,83,93,93,93,93,93,93,93,93,93,93,93,93,93,93,93,93,93,93,93,93],"card_choices":[{"not_picked":["Rampage","Entrench"],"picked":"Heavy Blade","floor":1},{"not_picked":["Cleave","Warcry","Feel No Pain"],"picked":"SKIP","floor":3},{"not_picked":["Wild Strike","Uppercut"],"picked":"Whirlwind","floor":10},{"not_picked":["Exhume+1","Berserk"],"picked":"Feed","floor":16},{"not_picked":["Feel No Pain","Headbutt","Iron Wave"],"picked":"SKIP","floor":18},{"not_picked":["Rage+1","Power Through+1","Heavy Blade"],"picked":"SKIP","floor":22},{"not_picked":["Feel No Pain","Sever Soul","Armaments+1"],"picked":"SKIP","floor":24},{"not_picked":["Flex+1","Rage+1","Corruption"],"picked":"SKIP","floor":25},{"not_picked":["Flex+1","Rage+1","Corruption"],"picked":"SKIP","floor":25},{"not_picked":["Dark Embrace","Rupture","Clash+1"],"picked":"SKIP","floor":27},{"not_picked":["Clash+1","Pommel Strike+1","Anger+1"],"picked":"SKIP","floor":29},{"not_picked":["Pommel Strike+1","Cleave+1"],"picked":"Blood for Blood+1","floor":30},{"not_picked":["Rampage+1","Feed+1","Thunderclap+1"],"picked":"SKIP","floor":31},{"not_picked":["Berserk","Exhume+1"],"picked":"Limit Break+1","floor":33},{"not_picked":["Rupture","Body Slam+1","Flex+1"],"picked":"SKIP","floor":35},{"not_picked":["Havoc+1","Barricade","Thunderclap+1"],"picked":"SKIP","floor":36},{"not_picked":["Iron Wave+1","Body Slam+1","Clash+1"],"picked":"SKIP","floor":39}],"player_experience":1356460,"relics_obtained":[{"floor":9,"key":"Dead Branch"},{"floor":12,"key":"Toxic Egg 2"},{"floor":24,"key":"Molten Egg 2"},{"floor":26,"key":"Smiling Mask"},{"floor":29,"key":"Tiny Chest"},{"floor":34,"key":"Anchor"},{"floor":34,"key":"Pantograph"},{"floor":34,"key":"Champion Belt"},{"floor":38,"key":"PreservedInsect"}],"event_choices":[{"damage_healed":0,"gold_gain":0,"player_choice":"Success","damage_taken":35,"relics_obtained":["Shuriken"],"max_hp_gain":0,"max_hp_loss":0,"event_name":"Scrap Ooze","floor":2,"gold_loss":0},{"damage_healed":18,"gold_gain":0,"player_choice":"Healed","damage_taken":0,"max_hp_gain":0,"max_hp_loss":0,"event_name":"The Cleric","floor":4,"gold_loss":35},{"cards_removed":["Defend_R"],"damage_healed":0,"gold_gain":0,"player_choice":"Card Removal","damage_taken":7,"max_hp_gain":0,"max_hp_loss":0,"event_name":"Golden Wing","floor":5,"gold_loss":0},{"damage_healed":0,"gold_gain":0,"player_choice":"Entered Light","damage_taken":23,"max_hp_gain":0,"max_hp_loss":0,"event_name":"Shining Light","floor":7,"gold_loss":0,"cards_upgraded":["Strike_R","Defend_R"]},{"damage_healed":0,"gold_gain":0,"player_choice":"Grow","damage_taken":0,"max_hp_gain":0,"max_hp_loss":0,"event_name":"Living Wall","floor":11,"gold_loss":0,"cards_upgraded":["Whirlwind"]},{"damage_healed":0,"gold_gain":75,"player_choice":"Gather Gold","damage_taken":11,"max_hp_gain":0,"max_hp_loss":0,"event_name":"World of Goop","floor":14,"gold_loss":0},{"damage_healed":0,"gold_gain":0,"player_choice":"Shed Blood","damage_taken":27,"max_hp_gain":5,"max_hp_loss":0,"event_name":"Forgotten Altar","floor":19,"gold_loss":0},{"cards_removed":["Strike_R"],"damage_healed":0,"gold_gain":0,"player_choice":"Gave Gold","damage_taken":0,"max_hp_gain":0,"max_hp_loss":0,"event_name":"Beggar","floor":20,"gold_loss":75},{"cards_removed":["Feed"],"damage_healed":53,"gold_gain":0,"player_choice":"Offered Rare","damage_taken":0,"max_hp_gain":10,"max_hp_loss":0,"event_name":"Bonfire Elementals","floor":21,"gold_loss":0}],"is_beta":true,"boss_relics":[{"not_picked":["Empty Cage","Coffee Dripper"],"picked":"Snecko Eye"},{"not_picked":["Fusion Hammer","Tiny House"],"picked":"Calling Bell"}],"items_purged_floors":[8,28,37],"is_endless":false,"potions_floor_spawned":[1,16,22,27,29,36,39],"killed_by":"Nemesis","ascension_level":20}