{"gold_per_floor":[110,110,110,129,54,54,81,81,81,93,93,171,171,189,189,260,260,270,281,293,311,311,311,324,324,324,324,324,324,341,356,356,356],"floor_reached":33,"playtime":1024,"items_purged":[],"score":544,"play_id":"fdc47d53-1e65-407d-9d13-985d99e76a6d","local_time":"20190121212719","is_ascension_mode":true,"campfire_choices":[{"data":"Neutralize","floor":6,"key":"SMITH"},{"data":"Deadly Poison","floor":8,"key":"SMITH"},{"data":"1","floor":11,"key":"LIFT"},{"floor":15,"key":"REST"},{"floor":23,"key":"REST"},{"floor":25,"key":"REST"},{"data":"2","floor":27,"key":"LIFT"},{"data":"Well Laid Plans","floor":29,"key":"SMITH"},{"floor":32,"key":"REST"}],"neow_cost":"NONE","seed_source_timestamp":204100505623600,"circlet_count":0,"master_deck":["AscendersBane","Defend_G","Defend_G","Defend_G","Strike_G","Strike_G","Strike_G","Strike_G","Survivor","Neutralize+1","Deadly Poison+1","Backstab","Backstab","Well Laid Plans+1","Die Die Die","Distraction+1","Catalyst+1","Leg Sweep","Heel Hook","Bouncing Flask"],"relics":["Ring of the Snake","NeowsBlessing","The Courier","WarpedTongs","Smiling Mask","Girya","Anchor","Astrolabe","Tough Bandages","Dodecahedron"],"potions_floor_usage":[16,19,33,33],"damage_taken":[{"damage":0,"enemies":"Jaw Worm","floor":1,"turns":1},{"damage":0,"enemies":"Cultist","floor":4,"turns":2},{"damage":0,"enemies":"Lagavulin","floor":7,"turns":1},{"damage":0,"enemies":"2 Louse","floor":10,"turns":2},{"damage":0,"enemies":"2 Fungi Beasts","floor":14,"turns":3},{"damage":2,"enemies":"The Guardian","floor":16,"turns":10},{"damage":15,"enemies":"Shell Parasite","floor":18,"turns":6},{"damage":0,"enemies":"2 Thieves","floor":19,"turns":4},{"damage":18,"enemies":"Snake Plant","floor":20,"turns":3},{"damage":17,"enemies":"Chosen and Byrds","floor":21,"turns":4},{"damage":4,"enemies":"Cultist and Chosen","floor":24,"turns":6},{"damage":23,"enemies":"Sentry and Sphere","floor":30,"turns":6},{"damage":4,"enemies":"Chosen and Byrds","floor":31,"turns":3},{"damage":53,"enemies":"Collector","floor":33,"turns":5}],"seed_played":"-197713140465987509","potions_obtained":[{"floor":1,"key":"FearPotion"},{"floor":10,"key":"Poison Potion"},{"floor":18,"key":"GamblersBrew"},{"floor":21,"key":"Strength Potion"}],"is_trial":false,"path_per_floor":["?","?","M","?","?","T","M","T","M","?","M"],"character_chosen":"THE_SILENT","items_purchased":[],"campfire_rested":4,"item_purchase_floors":[],"current_hp_per_floor":[59,24,24,24,24,24,24,24,24,24,24,24,24,24,43,41,60,45,45,27,10,10,29,25,44,44,44,44,44,21,17,36,0],"gold":356,"neow_bonus":"THREE_ENEMY_KILL","is_prod":false,"is_daily":false,"chose_seed":false,"campfire_upgraded":3,"win_rate":0,"timestamp":1548102439,"path_taken":["M","?","?","?","?","R","E","R","T","M","R","?","?","M","R","BOSS","M","?","M","M","?","R","?","R","T","R","?","R","?","M","R","BOSS"],"build_version":"2019-01-20","purchased_purges":0,"victory":false,"max_hp_per_floor":[66,66,66,66,66,66,66,66,66,66,66,66,66,66,66,66,66,66,66,66,66,66,66,66,66,66,66,66,66,66,66,66,66],"card_choices":[{"not_picked":["All Out Attack","Endless Agony"],"picked":"Deadly Poison","floor":1},{"not_picked":["Underhanded Strike","PiercingWail"],"picked":"Backstab","floor":4},{"not_picked":["Masterful Stab","Calculated Gamble"],"picked":"Backstab","floor":7},{"not_picked":["Deflect","Reflex"],"picked":"Well Laid Plans","floor":10},{"not_picked":["Acrobatics","Blade Dance","Dodge and Roll"],"picked":"SKIP","floor":14},{"not_picked":["Wraith Form v2","Night Terror"],"picked":"Die Die Die","floor":16},{"not_picked":["Prepared","Dodge and Roll"],"picked":"Leg Sweep","floor":18},{"not_picked":["Flying Knee","Blur","Bane+1"],"picked":"SKIP","floor":19},{"not_picked":["Cloak And Dagger+1","Quick Slash+1"],"picked":"Heel Hook","floor":20},{"not_picked":["Infinite Blades","Distraction","Slice"],"picked":"SKIP","floor":21},{"not_picked":["Glass Knife","Prepared","Bane"],"picked":"SKIP","floor":24},{"not_picked":["Underhanded Strike","Blur","Dagger Spray"],"picked":"SKIP","floor":30},{"not_picked":["Slice","Poisoned Stab"],"picked":"Bouncing Flask","floor":31}],"player_experience":1070512,"relics_obtained":[{"floor":7,"key":"Smiling Mask"},{"floor":9,"key":"Girya"},{"floor":13,"key":"Anchor"},{"floor":22,"key":"Tough Bandages"},{"floor":26,"key":"Dodecahedron"}],"event_choices":[{"damage_healed":0,"gold_gain":0,"player_choice":"Success","damage_taken":35,"relics_obtained":["The Courier"],"max_hp_gain":0,"max_hp_loss":0,"event_name":"Scrap Ooze","floor":2,"gold_loss":0},{"damage_healed":0,"gold_gain":0,"player_choice":"Rummage","damage_taken":0,"relics_obtained":["WarpedTongs"],"max_hp_gain":0,"max_hp_loss":0,"event_name":"Accursed Blacksmith","floor":3,"gold_loss":0,"cards_obtained":["Pain"]},{"cards_removed":["Pain"],"damage_healed":0,"gold_gain":0,"player_choice":"Card Removal","damage_taken":0,"max_hp_gain":0,"max_hp_loss":0,"event_name":"The Cleric","floor":5,"gold_loss":75},{"damage_healed":0,"gold_gain":78,"player_choice":"Gained Gold","damage_taken":0,"max_hp_gain":0,"max_hp_loss":0,"event_name":"Golden Wing","floor":12,"gold_loss":0},{"cards_removed":["Reflex"],"damage_healed":0,"gold_gain":0,"player_choice":"Card Removal","damage_taken":0,"max_hp_gain":0,"max_hp_loss":0,"event_name":"Wheel of Change","floor":28,"gold_loss":0}],"is_beta":true,"boss_relics":[{"not_picked":["WristBlade","White Beast Statue"],"picked":"Astrolabe"}],"items_purged_floors":[],"is_endless":false,"potions_floor_spawned":[1,10,18,21,31],"killed_by":"Collector","ascension_level":20}