{"gold_per_floor":[114,114,129,129,140,169,188,188],"floor_reached":8,"playtime":261,"items_purged":[],"score":87,"play_id":"33fb6797-abb8-4b97-b03e-a5c021b8b65e","local_time":"20181122234352","is_ascension_mode":true,"campfire_choices":[],"neow_cost":"PERCENT_DAMAGE","seed_source_timestamp":0,"circlet_count":0,"master_deck":["AscendersBane","Strike_R","Strike_R","Strike_R","Strike_R","Defend_R","Defend_R","Defend_R","Defend_R","Fire Breathing","Entrench","Inflame+1","Heavy Blade","Sword Boomerang"],"special_seed":0,"relics":["Burning Blood","Pen Nib","Regal Pillow"],"potions_floor_usage":[],"damage_taken":[{"damage":8.0,"enemies":"Jaw Worm","floor":1.0,"turns":5.0},{"damage":4.0,"enemies":"Small Slimes","floor":3.0,"turns":4.0},{"damage":1.0,"enemies":"Cultist","floor":5.0,"turns":3.0},{"damage":55.0,"enemies":"Lagavulin","floor":6.0,"turns":10.0},{"damage":9.0,"enemies":"Exordium Wildlife","floor":7.0,"turns":4.0},{"damage":0,"enemies":"3 Sentries","floor":8,"turns":1}],"seed_played":"841329275960697144","potions_obtained":[{"floor":1.0,"key":"EntropicBrew"}],"is_trial":false,"path_per_floor":["M","?","M","?","M","E","M","E"],"character_chosen":"IRONCLAD","items_purchased":[],"campfire_rested":0,"item_purchase_floors":[],"current_hp_per_floor":[49,37,39,39,44,10,7,7],"gold":188,"neow_bonus":"TRANSFORM_TWO_CARDS","is_prod":false,"is_daily":false,"chose_seed":false,"campfire_upgraded":0,"win_rate":0,"timestamp":1542959032,"path_taken":["M","?","M","?","?","E","M","E"],"build_version":"2018-11-15","purchased_purges":0,"victory":false,"max_hp_per_floor":[80,80,80,80,80,80,80,80],"card_choices":[{"not_picked":["Dropkick","Infernal Blade","Sword Boomerang"],"picked":"SKIP","floor":1.0},{"not_picked":["Perfected Strike","Headbutt"],"picked":"Inflame","floor":3.0},{"not_picked":["Perfected Strike","True Grit","Wild Strike"],"picked":"SKIP","floor":5.0},{"not_picked":["Clash","Pommel Strike"],"picked":"Heavy Blade","floor":6.0},{"not_picked":["Havoc","Wild Strike"],"picked":"Sword Boomerang","floor":7.0}],"player_experience":413404,"relics_obtained":[{"floor":6.0,"key":"Regal Pillow"}],"event_choices":[{"damage_healed":0.0,"max_hp_gain":0.0,"max_hp_loss":0.0,"gold_gain":0.0,"event_name":"Scrap Ooze","player_choice":"Success","floor":2.0,"gold_loss":0.0,"damage_taken":12.0,"relics_obtained":["Pen Nib"]},{"damage_healed":0.0,"max_hp_gain":0.0,"max_hp_loss":0.0,"gold_gain":0.0,"event_name":"Upgrade Shrine","player_choice":"Upgraded","floor":4.0,"gold_loss":0.0,"damage_taken":0.0,"cards_upgraded":["Inflame"]}],"is_beta":true,"boss_relics":[],"items_purged_floors":[],"is_endless":false,"potions_floor_spawned":[1],"killed_by":"3 Sentries","ascension_level":10}