{"gold_per_floor":[116,126,142,161,173,200,217,245,314,314,346,346,147,147,147,277,277,295,295,119,119,119,134,150,181,181,211,230,105,135,151,151,254,254,272,272,49,49,49,49,68,93,93,93,43,43,70,170,170,170],"floor_reached":51,"playtime":1886,"items_purged":["Strike_R","Writhe","Strike_R"],"score":1020,"play_id":"bfd7dc79-f3b7-4440-a98e-3520dbeaa605","local_time":"20180914210315","is_ascension_mode":true,"campfire_choices":[{"data":"Hemokinesis","floor":10.0,"key":"SMITH"},{"floor":15.0,"key":"REST"},{"data":"Rupture","floor":32.0,"key":"SMITH"},{"data":"Heavy Blade","floor":40,"key":"SMITH"},{"data":"Armaments","floor":44,"key":"SMITH"},{"floor":49,"key":"REST"}],"neow_cost":"","seed_source_timestamp":0,"circlet_count":0,"master_deck":["Strike_R","Defend_R","Defend_R","Defend_R","Defend_R","Blood for Blood","Hemokinesis+1","Iron Wave","Clothesline","Rupture","Heavy Blade+1","Bloodletting","Spot Weakness","Armaments+1","Searing Blow+1","Bandage Up","Heavy Blade+1","Reaper+1","Cleave+1","Whirlwind+1","Combust","Rupture+1","Offering","Rupture+1","Pummel+1"],"special_seed":0,"relics":["Burning Blood","Centennial Puzzle","Pen Nib","Letter Opener","Molten Egg 2","Bloody Idol","Sozu","Thread and Needle","Blood Vial","Bottled Lightning","Singing Bowl","Lantern","Empty Cage","Vajra","Charon\u0027s Ashes","Red Skull","Juzu Bracelet","Gremlin Horn","Pear","The Courier"],"potions_floor_usage":[],"damage_taken":[{"damage":6.0,"enemies":"Cultist","floor":1.0,"turns":4.0},{"damage":0.0,"enemies":"2 Louse","floor":2.0,"turns":3.0},{"damage":10.0,"enemies":"Jaw Worm","floor":3.0,"turns":3.0},{"damage":12.0,"enemies":"Large Slime","floor":4.0,"turns":7.0},{"damage":5.0,"enemies":"Blue Slaver","floor":5.0,"turns":3.0},{"damage":22.0,"enemies":"Lagavulin","floor":6.0,"turns":5.0},{"damage":11.0,"enemies":"Exordium Wildlife","floor":7.0,"turns":4.0},{"damage":17.0,"enemies":"Gremlin Nob","floor":8.0,"turns":4.0},{"damage":37.0,"enemies":"3 Sentries","floor":11.0,"turns":6.0},{"damage":30.0,"enemies":"Hexaghost","floor":16.0,"turns":6.0},{"damage":7.0,"enemies":"Chosen","floor":18.0,"turns":4.0},{"damage":4.0,"enemies":"3 Byrds","floor":23.0,"turns":2.0},{"damage":5.0,"enemies":"Centurion and Healer","floor":24.0,"turns":4.0},{"damage":31.0,"enemies":"Slavers","floor":25.0,"turns":4.0},{"damage":35.0,"enemies":"Gremlin Leader","floor":27.0,"turns":5.0},{"damage":40.0,"enemies":"Shelled Parasite and Fungi","floor":28.0,"turns":5.0},{"damage":8.0,"enemies":"Slavers","floor":30.0,"turns":2.0},{"damage":13.0,"enemies":"Snecko","floor":31.0,"turns":4.0},{"damage":53,"enemies":"Champ","floor":33,"turns":7},{"damage":11,"enemies":"Orb Walker","floor":35,"turns":2},{"damage":46,"enemies":"Mind Bloom Boss Battle","floor":38,"turns":3},{"damage":14,"enemies":"3 Shapes","floor":41,"turns":2},{"damage":35,"enemies":"2 Orb Walkers","floor":42,"turns":3},{"damage":53,"enemies":"Giant Head","floor":47,"turns":6},{"damage":100,"enemies":"Awakened One","floor":50,"turns":7}],"seed_played":"-787675874125730954","potions_obtained":[{"floor":2.0,"key":"Block Potion"},{"floor":3.0,"key":"AttackPotion"},{"floor":5.0,"key":"Weak Potion"},{"floor":6.0,"key":"Ancient Potion"}],"is_trial":false,"path_per_floor":["M","M","M","M","M","E","M","E","T","R","E","?","$","?","R","B",null,"M","?","$","?","?","M","M","E","T","E","M","$","E","M","R","B",null,"M","?","$","?","T","R","M","E","T","R","?","$","E","?","R","B"],"character_chosen":"IRONCLAD","items_purchased":["Bandage Up","Heavy Blade+1","Whirlwind+1","Vajra","Pummel+1"],"campfire_rested":2,"item_purchase_floors":[13,13,20,37,37],"current_hp_per_floor":[80,80,76,70,71,55,50,39,39,39,8,8,8,8,30,10,58,70,70,70,70,70,74,74,58,58,74,49,49,57,69,69,46,72,80,80,80,46,46,46,84,73,73,73,83,83,49,54,83,17],"gold":170,"neow_bonus":"","is_prod":false,"is_daily":false,"chose_seed":false,"campfire_upgraded":4,"win_rate":0,"timestamp":1536984195,"path_taken":["M","M","?","M","M","E","M","E","T","R","E","?","?","?","R","BOSS","M","?","$","?","?","M","M","E","T","E","?","$","E","M","R","BOSS","M","?","$","?","?","R","M","E","T","R","?","?","E","?","R","BOSS"],"build_version":"2018-09-12","purchased_purges":3,"victory":true,"max_hp_per_floor":[80,80,80,80,80,80,80,80,80,80,80,80,80,74,74,74,74,74,74,74,74,74,74,74,74,74,74,76,76,78,80,80,80,80,80,80,80,82,82,82,84,86,86,86,96,96,98,98,98,98],"card_choices":[{"not_picked":["True Grit","Rampage"],"picked":"Blood for Blood","floor":1.0},{"not_picked":["Perfected Strike","Warcry"],"picked":"Hemokinesis","floor":2.0},{"not_picked":["Infernal Blade","Reckless Charge"],"picked":"Iron Wave","floor":3.0},{"not_picked":["Clash","Iron Wave"],"picked":"Clothesline","floor":4.0},{"not_picked":["Immolate","Sword Boomerang"],"picked":"Rupture","floor":5.0},{"not_picked":["Warcry","Disarm"],"picked":"Heavy Blade","floor":6.0},{"not_picked":["Shrug It Off","Body Slam"],"picked":"Bloodletting","floor":7.0},{"not_picked":["Entrench","Rampage"],"picked":"Spot Weakness","floor":8.0},{"not_picked":["Headbutt","Bloodletting"],"picked":"Armaments","floor":11.0},{"not_picked":["Barricade","Brutality"],"picked":"Reaper+1","floor":16.0},{"not_picked":["Iron Wave+1","Warcry+1"],"picked":"Cleave+1","floor":18.0},{"not_picked":["Anger+1","Power Through","Rage"],"picked":"SKIP","floor":23.0},{"not_picked":["Pommel Strike+1","Clash+1","Thunderclap+1"],"picked":"SKIP","floor":24.0},{"not_picked":["Disarm","Rage+1","Wild Strike+1"],"picked":"SKIP","floor":25.0},{"not_picked":["Sentinel","True Grit"],"picked":"Rupture","floor":27.0},{"not_picked":["Rupture","Heavy Blade+1","Fire Breathing"],"picked":"Singing Bowl","floor":28.0},{"not_picked":["True Grit","Cleave+1","Perfected Strike+1"],"picked":"Singing Bowl","floor":30.0},{"not_picked":["Cleave+1","Pommel Strike+1","Power Through"],"picked":"Singing Bowl","floor":31.0},{"not_picked":["Reaper+1","Bludgeon+1"],"picked":"Offering","floor":33},{"not_picked":["Flex","Thunderclap+1"],"picked":"Rupture+1","floor":35},{"not_picked":["Flex+1","Heavy Blade+1","True Grit"],"picked":"Singing Bowl","floor":38},{"not_picked":["Whirlwind+1","Shrug It Off+1","Havoc+1"],"picked":"Singing Bowl","floor":41},{"not_picked":["Dark Embrace","Bloodletting+1","Corruption+1"],"picked":"Singing Bowl","floor":42},{"not_picked":["Shrug It Off+1","Body Slam+1","Havoc+1"],"picked":"Singing Bowl","floor":47}],"player_experience":275774,"relics_obtained":[{"floor":6.0,"key":"Centennial Puzzle"},{"floor":8.0,"key":"Pen Nib"},{"floor":9.0,"key":"Letter Opener"},{"floor":11.0,"key":"Molten Egg 2"},{"floor":25.0,"key":"Blood Vial"},{"floor":26.0,"key":"Bottled Lightning"},{"floor":27.0,"key":"Singing Bowl"},{"floor":30.0,"key":"Lantern"},{"floor":38,"key":"Charon\u0027s Ashes"},{"floor":39,"key":"Red Skull"},{"floor":42,"key":"Juzu Bracelet"},{"floor":43,"key":"Gremlin Horn"},{"floor":47,"key":"The Courier"}],"event_choices":[{"event_name":"Transmorgrifier","player_choice":"Transform","floor":12.0,"damage_taken":0.0},{"event_name":"Golden Idol","player_choice":"Lose Max HP","floor":14.0,"damage_taken":0.0},{"event_name":"The Mausoleum","player_choice":"Yes","floor":19.0,"damage_taken":0.0},{"event_name":"Forgotten Altar","player_choice":"Gave Idol","floor":21.0,"damage_taken":0.0},{"event_name":"The Library","player_choice":"Read","floor":22.0,"damage_taken":0.0},{"event_name":"Tomb of Lord Red Mask","player_choice":"Ignored","floor":36,"damage_taken":0},{"event_name":"MindBloom","player_choice":"Fight","floor":38,"damage_taken":0},{"event_name":"WeMeetAgain","player_choice":"Gold","floor":45,"damage_taken":0},{"event_name":"Golden Shrine","player_choice":"Pray","floor":48,"damage_taken":0}],"is_beta":true,"boss_relics":[{"not_picked":["Ectoplasm","Busted Crown"],"picked":"Sozu"},{"not_picked":["Astrolabe","Tiny House"],"picked":"Empty Cage"}],"items_purged_floors":[13,20,29],"is_endless":false,"potions_floor_spawned":[2,3,5,6,24,28,31,35,41,47],"ascension_level":5}