{"path_per_floor":["M","?","M","?","$","R","E","R","T","R","M","M","?","?","R"],"character_chosen":"IRONCLAD","items_purchased":["Thread and Needle"],"gold_per_floor":[366,366,385,385,2,2,33,33,33,33,52,65,15,15,15,15],"floor_reached":16,"campfire_rested":0,"playtime":472,"item_purchase_floors":[5],"current_hp_per_floor":[35,61,67,67,67,67,78,78,78,78,84,83,83,83,83,0],"items_purged":["Strike_R"],"gold":15,"score":98,"play_id":"448686df-1324-4c30-8f50-f7d54aa43ac3","local_time":"20180519175445","is_prod":false,"is_daily":false,"chose_seed":false,"is_ascension_mode":false,"campfire_upgraded":4,"timestamp":1526777685,"campfire_choices":[{"data":"Armaments","floor":6,"key":"SMITH"},{"data":"Pommel Strike","floor":8,"key":"SMITH"},{"data":"Ghostly Armor","floor":10,"key":"SMITH"},{"data":"Strike_R","floor":15,"key":"SMITH"}],"path_taken":["M","?","?","?","$","R","E","R","T","R","M","M","?","?","R","BOSS"],"build_version":"2018-05-18","seed_source_timestamp":116064242517753,"purchased_purges":1,"victory":false,"master_deck":["Strike_R","Strike_R","Strike_R","Strike_R+1","Defend_R","Defend_R","Defend_R","Defend_R","Armaments+1","Ghostly Armor+1","Pommel Strike+1","Shrug It Off+1"],"max_hp_per_floor":[80,80,80,80,80,80,90,90,90,90,90,90,90,90,90,90],"relics":["Burning Blood","Thread and Needle","Pear","Toolbox"],"card_choices":[{"not_picked":["Heavy Blade","Warcry"],"picked":"Armaments","floor":1},{"not_picked":["Headbutt","Seeing Red"],"picked":"Ghostly Armor","floor":3},{"not_picked":["Anger","Carnage"],"picked":"Pommel Strike","floor":7},{"not_picked":["Cleave","Uppercut"],"picked":"Shrug It Off","floor":11},{"not_picked":["Clothesline","Sever Soul","Warcry"],"picked":"SKIP","floor":12}],"player_experience":90681,"potions_floor_usage":[],"damage_taken":[{"damage":11,"enemies":"Jaw Worm","floor":1,"turns":4},{"damage":0,"enemies":"2 Louse","floor":3,"turns":3},{"damage":5,"enemies":"3 Sentries","floor":7,"turns":12},{"damage":0,"enemies":"Cultist","floor":11,"turns":3},{"damage":7,"enemies":"Gremlin Gang","floor":12,"turns":6},{"damage":83,"enemies":"Hexaghost","floor":16,"turns":13}],"relics_obtained":[{"floor":7,"key":"Pear"},{"floor":9,"key":"Toolbox"}],"event_choices":[{"event_name":"Big Fish","player_choice":"Banana","floor":2,"damage_taken":0},{"event_name":"Liars Game","player_choice":"disagreed","floor":4,"damage_taken":0},{"event_name":"The Cleric","player_choice":"Card Removal","floor":13,"damage_taken":0},{"event_name":"Living Wall","player_choice":"Grow","floor":14,"damage_taken":0}],"boss_relics":[],"items_purged_floors":[5],"potions_floor_spawned":[7,12],"seed_played":"-1674865451736919165","killed_by":"Hexaghost","ascension_level":0,"potions_obtained":[{"floor":7,"key":"FearPotion"},{"floor":12,"key":"Ancient Potion"}],"is_trial":false}