{"gold_per_floor":[111,130,130,146,146,176,186,215,215,215,231,259,277,289,289,393,393,373,216,231,242,341,341,373,391,391,406,438,438],"floor_reached":29,"playtime":1381,"items_purged":[],"score":441,"play_id":"2fe18ea4-f8d2-4d41-ab1a-e4068d4fea6d","local_time":"20180910215113","is_ascension_mode":true,"campfire_choices":[{"floor":15,"key":"REST"},{"data":"Cloak And Dagger","floor":23,"key":"SMITH"}],"neow_cost":"","seed_source_timestamp":422256102605400,"circlet_count":0,"master_deck":["Defend_G","Defend_G","Defend_G","Defend_G","Defend_G","Strike_G","Strike_G","Strike_G","Strike_G+1","Strike_G","Survivor","Neutralize+1","Dagger Throw+1","Bouncing Flask","A Thousand Cuts","Cloak And Dagger+1","PiercingWail","Blade Dance","PiercingWail","Venomology","Backflip","Backflip+1"],"relics":["Ring of the Snake","Shuriken","Thread and Needle","Singing Bowl","Blood Vial","Kunai","WristBlade","Whetstone","Bag of Preparation","Question Card","Meat on the Bone"],"potions_floor_usage":[6,6,18,18,20,21,24,25,27,28,29],"damage_taken":[{"damage":1,"enemies":"Cultist","floor":1,"turns":3},{"damage":0,"enemies":"2 Louse","floor":2,"turns":3},{"damage":1,"enemies":"Jaw Worm","floor":4,"turns":3},{"damage":6,"enemies":"Gremlin Nob","floor":6,"turns":5},{"damage":9,"enemies":"Red Slaver","floor":7,"turns":3},{"damage":17,"enemies":"Lagavulin","floor":8,"turns":7},{"damage":0,"enemies":"Looter","floor":11,"turns":3},{"damage":17,"enemies":"Gremlin Nob","floor":12,"turns":5},{"damage":1,"enemies":"Exordium Thugs","floor":13,"turns":4},{"damage":1,"enemies":"2 Fungi Beasts","floor":14,"turns":4},{"damage":0,"enemies":"The Guardian","floor":16,"turns":11},{"damage":26,"enemies":"2 Thieves","floor":18,"turns":4},{"damage":0,"enemies":"Chosen","floor":20,"turns":5},{"damage":20,"enemies":"Shelled Parasite and Fungi","floor":21,"turns":6},{"damage":17,"enemies":"Slavers","floor":24,"turns":7},{"damage":25,"enemies":"Snecko","floor":25,"turns":5},{"damage":1,"enemies":"Centurion and Healer","floor":27,"turns":7},{"damage":25,"enemies":"Book of Stabbing","floor":28,"turns":7},{"damage":6,"enemies":"Chosen and Byrds","floor":29,"turns":4}],"seed_played":"-6078029545744517472","potions_obtained":[{"floor":1,"key":"Block Potion"},{"floor":4,"key":"SteroidPotion"},{"floor":12,"key":"LiquidBronze"},{"floor":14,"key":"Swift Potion"},{"floor":16,"key":"Regen Potion"},{"floor":24,"key":"Ancient Potion"},{"floor":25,"key":"Regen Potion"},{"floor":27,"key":"Block Potion"}],"is_trial":false,"path_per_floor":["M","M","?","M","?","E","M","E","T","T","M","E","M","M","R","B",null,"M","$","M","M","?","R","E","M","T","M","E"],"character_chosen":"THE_SILENT","items_purchased":["Whetstone"],"campfire_rested":1,"item_purchase_floors":[19],"current_hp_per_floor":[62,62,62,61,61,55,46,29,29,29,33,18,21,22,44,46,67,57,57,59,41,41,41,28,7,7,25,4,0],"gold":438,"neow_bonus":"","is_prod":false,"is_daily":false,"chose_seed":false,"campfire_upgraded":1,"win_rate":0,"timestamp":1536641473,"path_taken":["M","?","?","M","?","E","M","E","T","?","?","E","M","M","R","BOSS","M","$","M","M","?","R","E","M","T","?","E","M"],"build_version":"2018-09-06","purchased_purges":0,"victory":false,"max_hp_per_floor":[70,70,70,70,70,70,70,70,70,70,72,72,74,74,74,74,74,76,76,76,76,76,76,78,80,80,82,84,84],"card_choices":[{"not_picked":["Slice","Masterful Stab","Well Laid Plans"],"picked":"SKIP","floor":1},{"not_picked":["Deadly Poison","Sucker Punch"],"picked":"Dagger Throw","floor":2},{"not_picked":["Setup","Deadly Poison","Grand Finale"],"picked":"SKIP","floor":4},{"not_picked":["Blade Dance","Outmaneuver"],"picked":"Cloak And Dagger","floor":6},{"not_picked":["Caltrops","Reflex","Poisoned Stab"],"picked":"SKIP","floor":7},{"not_picked":["Dagger Throw","Finisher"],"picked":"PiercingWail","floor":8},{"not_picked":["Flying Knee","Sucker Punch","Dash"],"picked":"Singing Bowl","floor":11},{"not_picked":["Flying Knee","Venomology"],"picked":"Blade Dance","floor":12},{"not_picked":["All Out Attack","Noxious Fumes","Deadly Poison"],"picked":"Singing Bowl","floor":13},{"not_picked":["Outmaneuver","Crippling Poison"],"picked":"PiercingWail","floor":14},{"not_picked":["A Thousand Cuts","Wraith Form v2"],"picked":"Venomology","floor":16},{"not_picked":["PiercingWail+1","Sucker Punch+1","Crippling Poison"],"picked":"Singing Bowl","floor":18},{"not_picked":["Dodge and Roll","Predator"],"picked":"Backflip","floor":20},{"not_picked":["Sucker Punch","Deflect+1"],"picked":"Backflip+1","floor":21},{"not_picked":["PiercingWail+1","Sucker Punch","Underhanded Strike"],"picked":"Singing Bowl","floor":24},{"not_picked":["Eviscerate","Riddle With Holes","Deadly Poison"],"picked":"Singing Bowl","floor":25},{"not_picked":["Distraction","Well Laid Plans","Eviscerate","Dodge and Roll"],"picked":"Singing Bowl","floor":27},{"not_picked":["Slice","Dodge and Roll","Concentrate","Crippling Poison"],"picked":"Singing Bowl","floor":28}],"player_experience":273100,"relics_obtained":[{"floor":6,"key":"Shuriken"},{"floor":8,"key":"Thread and Needle"},{"floor":9,"key":"Singing Bowl"},{"floor":10,"key":"Blood Vial"},{"floor":12,"key":"Kunai"},{"floor":24,"key":"Bag of Preparation"},{"floor":26,"key":"Question Card"},{"floor":28,"key":"Meat on the Bone"}],"event_choices":[{"event_name":"Living Wall","player_choice":"Grow","floor":3,"damage_taken":0},{"event_name":"Match and Keep!","player_choice":"2 cards matched","floor":5,"damage_taken":0},{"event_name":"Nest","player_choice":"Stole From Cult","floor":22,"damage_taken":0}],"is_beta":true,"boss_relics":[{"not_picked":["Runic Pyramid","Orrery"],"picked":"WristBlade"}],"items_purged_floors":[],"is_endless":false,"potions_floor_spawned":[1,4,12,14,16,24,25,27],"killed_by":"Chosen and Byrds","ascension_level":6}