{"gold_per_floor":[115,40,40,40,56,56,81,81,81,81,21,21,33,67,67,67],"floor_reached":16,"playtime":281,"items_purged":["Regret"],"score":262,"play_id":"2b4fb30a-23af-4b4f-91af-80a41383a558","local_time":"20190121204834","is_ascension_mode":true,"campfire_choices":[{"data":"Neutralize","floor":6,"key":"SMITH"},{"data":"Poisoned Stab","floor":8,"key":"SMITH"},{"data":"Deadly Poison","floor":10,"key":"SMITH"},{"data":"Cloak And Dagger","floor":12,"key":"SMITH"},{"data":"Survivor","floor":15,"key":"SMITH"}],"neow_cost":"NONE","seed_source_timestamp":202518587542000,"circlet_count":0,"master_deck":["AscendersBane","Defend_G","Defend_G","Defend_G","Defend_G","Strike_G","Strike_G","Strike_G","Strike_G","Strike_G","Survivor+1","Neutralize+1","Poisoned Stab+1","Cloak And Dagger+1","Deadly Poison+1"],"relics":["Ring of the Snake","NeowsBlessing","Snake Skull","GremlinMask","Frozen Egg 2","The Courier","Regal Pillow"],"potions_floor_usage":[14],"damage_taken":[{"damage":0,"enemies":"Cultist","floor":1,"turns":1},{"damage":0,"enemies":"Small Slimes","floor":5,"turns":1},{"damage":0,"enemies":"Gremlin Nob","floor":7,"turns":1},{"damage":5,"enemies":"2 Louse","floor":13,"turns":2},{"damage":22,"enemies":"3 Sentries","floor":14,"turns":9},{"damage":32,"enemies":"The Guardian","floor":16,"turns":4}],"seed_played":"3787382546338211787","potions_obtained":[{"floor":5,"key":"Ancient Potion"},{"floor":7,"key":"GamblersBrew"}],"is_trial":false,"path_per_floor":["?","?","?","M"],"character_chosen":"THE_SILENT","items_purchased":[],"campfire_rested":0,"item_purchase_floors":[],"current_hp_per_floor":[59,59,59,59,59,59,59,59,59,59,59,59,54,32,32,0],"gold":67,"neow_bonus":"THREE_ENEMY_KILL","is_prod":false,"is_daily":false,"chose_seed":false,"campfire_upgraded":5,"win_rate":0,"timestamp":1548100114,"path_taken":["M","?","?","?","?","R","E","R","T","R","$","R","M","E","R","BOSS"],"build_version":"2019-01-20","purchased_purges":1,"victory":false,"max_hp_per_floor":[66,66,66,66,66,66,66,66,66,66,66,66,66,66,66,66],"card_choices":[{"not_picked":["Sucker Punch","Outmaneuver"],"picked":"Poisoned Stab","floor":1},{"not_picked":["Terror","Quick Slash"],"picked":"Cloak And Dagger","floor":5},{"not_picked":["Cloak And Dagger","Prepared"],"picked":"Deadly Poison","floor":7},{"not_picked":["Grand Finale","Endless Agony","Slice"],"picked":"SKIP","floor":13},{"not_picked":["Slice","Underhanded Strike","Deflect"],"picked":"SKIP","floor":14}],"player_experience":1068988,"relics_obtained":[{"floor":7,"key":"Frozen Egg 2"},{"floor":9,"key":"The Courier"},{"floor":14,"key":"Regal Pillow"}],"event_choices":[{"cards_removed":["Defend_G"],"damage_healed":0,"gold_gain":0,"player_choice":"Card Removal","damage_taken":0,"max_hp_gain":0,"max_hp_loss":0,"event_name":"The Cleric","floor":2,"gold_loss":75},{"damage_healed":0,"gold_gain":0,"player_choice":"Box","damage_taken":0,"relics_obtained":["Snake Skull"],"max_hp_gain":0,"max_hp_loss":0,"event_name":"Big Fish","floor":3,"gold_loss":0,"cards_obtained":["Regret"]},{"damage_healed":0,"gold_gain":0,"player_choice":"Trade","damage_taken":0,"relics_obtained":["GremlinMask"],"max_hp_gain":0,"max_hp_loss":0,"event_name":"FaceTrader","floor":4,"gold_loss":0}],"is_beta":true,"boss_relics":[],"items_purged_floors":[11],"is_endless":false,"potions_floor_spawned":[5,7],"killed_by":"The Guardian","ascension_level":20}