{"gold_per_floor":[111,121,196,196,146,181,181,181,181,197,227,227,269,281,293,305],"floor_reached":16,"playtime":214,"items_purged":[],"score":121,"play_id":"a899a959-5b75-48e3-a442-79919c9e3091","local_time":"20190209233809","is_ascension_mode":false,"campfire_choices":[{"floor":7,"key":"DIG"},{"floor":12,"key":"DIG"},{"data":"Bash","floor":15,"key":"SMITH"}],"neow_cost":"NONE","seed_source_timestamp":1854442440417700,"circlet_count":0,"master_deck":["Strike_R","Strike_R","Strike_R","Strike_R","Strike_R","Defend_R","Defend_R","Defend_R","Bash+1"],"relics":["Burning Blood","NeowsBlessing","Ancient Tea Set","Shovel","Molten Egg 2","Gremlin Horn","Tiny Chest","MawBank","Odd Mushroom"],"potions_floor_usage":[16],"damage_taken":[{"damage":0,"enemies":"2 Louse","floor":1,"turns":1},{"damage":0,"enemies":"Jaw Worm","floor":2,"turns":1},{"damage":0,"enemies":"3 Sentries","floor":6,"turns":2},{"damage":0,"enemies":"Small Slimes","floor":10,"turns":2},{"damage":13,"enemies":"The Mushroom Lair","floor":13,"turns":7},{"damage":74,"enemies":"Hexaghost","floor":16,"turns":9}],"seed_played":"3528921428192736170","potions_obtained":[{"floor":1,"key":"Fire Potion"},{"floor":13,"key":"Weak Potion"}],"is_trial":false,"path_per_floor":["M","M","?","T","?","E","R","?","T","M","?","R","?","?","R","B"],"character_chosen":"IRONCLAD","items_purchased":[],"campfire_rested":0,"item_purchase_floors":[],"current_hp_per_floor":[80,80,69,69,69,75,75,80,80,85,78,78,71,71,71,0],"gold":305,"neow_bonus":"THREE_ENEMY_KILL","is_prod":false,"is_daily":false,"chose_seed":false,"campfire_upgraded":1,"win_rate":0,"timestamp":1549751889,"path_taken":["M","M","?","?","?","E","R","?","T","?","?","R","?","?","R","BOSS"],"build_version":"2019-02-06","purchased_purges":0,"victory":false,"max_hp_per_floor":[80,80,80,80,80,80,80,85,85,85,85,85,85,85,85,85],"card_choices":[{"not_picked":["Sever Soul","Power Through","Clothesline"],"picked":"SKIP","floor":1},{"not_picked":["Heavy Blade","Sever Soul","Sentinel"],"picked":"SKIP","floor":2},{"not_picked":["Pummel","Flex","Warcry"],"picked":"SKIP","floor":6},{"not_picked":["Flex","True Grit","Whirlwind+1"],"picked":"SKIP","floor":10}],"player_experience":1138321,"relics_obtained":[{"floor":4,"key":"Ancient Tea Set"},{"floor":6,"key":"Shovel"},{"floor":7,"key":"Molten Egg 2"},{"floor":9,"key":"Gremlin Horn"},{"floor":12,"key":"MawBank"},{"floor":13,"key":"Odd Mushroom"}],"event_choices":[{"damage_healed":0,"gold_gain":75,"player_choice":"Gather Gold","damage_taken":11,"max_hp_gain":0,"max_hp_loss":0,"event_name":"World of Goop","floor":3,"gold_loss":0},{"cards_removed":["Defend_R"],"damage_healed":0,"gold_gain":0,"player_choice":"Card Removal","damage_taken":0,"max_hp_gain":0,"max_hp_loss":0,"event_name":"The Cleric","floor":5,"gold_loss":50},{"damage_healed":0,"gold_gain":0,"player_choice":"Donut","damage_taken":0,"max_hp_gain":5,"max_hp_loss":0,"event_name":"Big Fish","floor":8,"gold_loss":0},{"damage_healed":0,"gold_gain":0,"player_choice":"Success","damage_taken":7,"relics_obtained":["Tiny Chest"],"max_hp_gain":0,"max_hp_loss":0,"event_name":"Scrap Ooze","floor":11,"gold_loss":0},{"damage_healed":0,"gold_gain":0,"player_choice":"Fought Mushrooms","damage_taken":0,"max_hp_gain":0,"max_hp_loss":0,"event_name":"Mushrooms","floor":13,"gold_loss":0},{"damage_healed":0,"gold_gain":0,"player_choice":"Ignored","damage_taken":0,"max_hp_gain":0,"max_hp_loss":0,"event_name":"Liars Game","floor":14,"gold_loss":0}],"is_beta":true,"boss_relics":[],"items_purged_floors":[],"is_endless":false,"potions_floor_spawned":[1,13],"killed_by":"Hexaghost","ascension_level":0}