{"gold_per_floor":[116,116,39,54,70,70,220,237,291,310,327,103,103,138,138,138],"floor_reached":16,"playtime":376,"items_purged":["Doubt"],"score":204,"play_id":"ac681c5d-4d69-4d68-92d2-80ca41f390b5","local_time":"20190322225116","is_ascension_mode":true,"campfire_choices":[{"data":"Bash","floor":6,"key":"SMITH"},{"floor":15,"key":"REST"}],"neow_cost":"NONE","seed_source_timestamp":167786192059000,"circlet_count":0,"master_deck":["AscendersBane","Strike_R","Strike_R","Strike_R","Strike_R","Strike_R","Defend_R","Defend_R","Defend_R","Bash+1","Cleave","Pummel","Inflame","Double Tap","Heavy Blade"],"relics":["Burning Blood","NeowsBlessing","FaceOfCleric","Pen Nib"],"potions_floor_usage":[10,14,16,16],"damage_taken":[{"damage":0,"enemies":"2 Louse","floor":1,"turns":1},{"damage":0,"enemies":"Cultist","floor":4,"turns":1},{"damage":0,"enemies":"Small Slimes","floor":5,"turns":1},{"damage":17,"enemies":"Looter","floor":8,"turns":3},{"damage":18,"enemies":"Exordium Thugs","floor":10,"turns":4},{"damage":11,"enemies":"2 Fungi Beasts","floor":11,"turns":3},{"damage":60,"enemies":"3 Sentries","floor":14,"turns":8},{"damage":38,"enemies":"The Guardian","floor":16,"turns":7}],"seed_played":"-5733942776897838930","potions_obtained":[{"floor":1,"key":"BloodPotion"},{"floor":8,"key":"Strength Potion"},{"floor":11,"key":"Regen Potion"},{"floor":14,"key":"SneckoOil"}],"is_trial":false,"path_per_floor":["M","?","$","M","M","R","?","M","T","M","M","$","?","E","R","B"],"character_chosen":"IRONCLAD","items_purchased":["Pummel","Double Tap"],"campfire_rested":1,"item_purchase_floors":[3,12],"current_hp_per_floor":[74,74,74,75,75,75,75,64,64,59,54,54,54,16,38,0],"gold":138,"neow_bonus":"THREE_ENEMY_KILL","is_prod":false,"is_daily":false,"chose_seed":false,"campfire_upgraded":1,"win_rate":0,"timestamp":1553291476,"path_taken":["M","?","?","?","M","R","?","M","T","M","M","$","?","E","R","BOSS"],"build_version":"2019-03-15","purchased_purges":1,"victory":false,"max_hp_per_floor":[75,75,75,75,75,75,75,75,75,75,75,75,75,76,76,76],"card_choices":[{"not_picked":["Rampage","Clothesline"],"picked":"Cleave","floor":1},{"not_picked":["Havoc","Wild Strike","Entrench"],"picked":"SKIP","floor":4},{"not_picked":["Wild Strike","Armaments","Searing Blow"],"picked":"SKIP","floor":5},{"not_picked":["Wild Strike","Armaments","Searing Blow"],"picked":"SKIP","floor":5},{"not_picked":["Sever Soul","Havoc","Pommel Strike"],"picked":"SKIP","floor":8},{"not_picked":["True Grit","Thunderclap"],"picked":"Inflame","floor":10},{"not_picked":["Cleave","Disarm","Feel No Pain"],"picked":"SKIP","floor":11},{"not_picked":["Wild Strike","Whirlwind"],"picked":"Heavy Blade","floor":14}],"player_experience":1272320,"relics_obtained":[{"floor":14,"key":"Pen Nib"}],"event_choices":[{"cards_removed":["Defend_R"],"damage_healed":0,"gold_gain":0,"player_choice":"Offered Basic","damage_taken":0,"max_hp_gain":0,"max_hp_loss":0,"event_name":"Bonfire Elementals","floor":2,"gold_loss":0},{"damage_healed":0,"gold_gain":150,"player_choice":"AGREE","damage_taken":0,"max_hp_gain":0,"max_hp_loss":0,"event_name":"Liars Game","floor":7,"gold_loss":0,"cards_obtained":["Doubt"]},{"damage_healed":0,"gold_gain":0,"player_choice":"Trade","damage_taken":0,"relics_obtained":["FaceOfCleric"],"max_hp_gain":0,"max_hp_loss":0,"event_name":"FaceTrader","floor":13,"gold_loss":0}],"is_beta":true,"boss_relics":[],"items_purged_floors":[12],"is_endless":false,"potions_floor_spawned":[1,8,11,14],"killed_by":"The Guardian","ascension_level":20}