{"gold_per_floor":[116,116,191,205,216,248,263,263,263,263,294,305,331,331,331,433,433,447,58,78,78,78,78,177,177,177,177,177],"floor_reached":28,"playtime":953,"items_purged":["Normality"],"score":304,"play_id":"577b59de-4b4a-4f35-8fcd-7bb19ebbb41b","local_time":"20180826200631","is_ascension_mode":true,"campfire_choices":[{"data":"Blade Dance","floor":8,"key":"SMITH"},{"data":"Terror","floor":10,"key":"SMITH"},{"data":"Backflip","floor":15,"key":"SMITH"},{"data":"Night Terror","floor":23,"key":"SMITH"},{"data":"Survivor","floor":25,"key":"SMITH"},{"data":"Noxious Fumes","floor":27,"key":"SMITH"}],"neow_cost":"NONE","seed_source_timestamp":9604417212200,"circlet_count":0,"master_deck":["Defend_G","Defend_G","Defend_G","Defend_G","Defend_G","Strike_G","Strike_G","Strike_G","Strike_G","Strike_G","Survivor+1","Neutralize","Blade Dance+1","Deflect","Terror+1","Blade Dance+1","Burst","Acrobatics","Backflip+1","Night Terror+1","Parasite","Regret","Deflect+1","Panache","Flash of Steel","Noxious Fumes+1","Corpse Explosion"],"relics":["WristBlade","Blue Candle","Gremlin Horn","Dodecahedron","Calling Bell","Bag of Marbles","Matryoshka","Du-Vu Doll","Nloth\u0027s Gift","Frozen Egg 2","Mummified Hand"],"potions_floor_usage":[5,11,16,28],"damage_taken":[{"damage":0,"enemies":"2 Louse","floor":1,"turns":3},{"damage":0,"enemies":"Cultist","floor":4,"turns":3},{"damage":0,"enemies":"Jaw Worm","floor":5,"turns":3},{"damage":23,"enemies":"3 Sentries","floor":6,"turns":10},{"damage":5,"enemies":"Large Slime","floor":7,"turns":4},{"damage":5,"enemies":"Lagavulin","floor":11,"turns":5},{"damage":5,"enemies":"Exordium Wildlife","floor":12,"turns":3},{"damage":14,"enemies":"3 Sentries","floor":13,"turns":6},{"damage":23,"enemies":"Slime Boss","floor":16,"turns":8},{"damage":1,"enemies":"Spheric Guardian","floor":18,"turns":2},{"damage":16,"enemies":"2 Thieves","floor":20,"turns":3},{"damage":39,"enemies":"Gremlin Leader","floor":28,"turns":2}],"seed_played":"-8945471713149634772","potions_obtained":[{"floor":1,"key":"Regen Potion"},{"floor":7,"key":"EssenceOfSteel"},{"floor":13,"key":"SkillPotion"},{"floor":20,"key":"Strength Potion"}],"is_trial":false,"path_per_floor":["M","?","?","M","M","E","M","R","T","R","E","M","E","?","R","B",null,"M","$","M","?","?","R","?","R","T","R"],"character_chosen":"THE_SILENT","items_purchased":["Panache","Flash of Steel","Noxious Fumes"],"campfire_rested":0,"item_purchase_floors":[19,19,19],"current_hp_per_floor":[63,63,52,52,61,38,33,33,33,33,28,23,9,32,32,9,55,54,54,38,38,38,38,38,38,38,38,0],"gold":177,"neow_bonus":"BOSS_RELIC","is_prod":false,"is_daily":false,"chose_seed":false,"campfire_upgraded":6,"win_rate":0,"timestamp":1535339191,"path_taken":["M","?","?","?","M","E","M","R","T","R","E","M","E","?","R","BOSS","M","$","M","?","?","R","?","R","T","R","E"],"build_version":"2018-08-23v2","purchased_purges":1,"victory":false,"max_hp_per_floor":[70,70,70,70,70,70,70,70,70,70,70,70,70,70,70,70,70,70,70,70,70,70,70,70,70,70,70,70],"card_choices":[{"not_picked":["Flechettes","Backflip"],"picked":"Blade Dance","floor":1},{"not_picked":["PiercingWail","Dodge and Roll"],"picked":"Deflect","floor":4},{"not_picked":["Prepared","Deflect"],"picked":"Terror","floor":5},{"not_picked":["Bouncing Flask","Distraction"],"picked":"Blade Dance","floor":6},{"not_picked":["Quick Slash","Deflect"],"picked":"Burst","floor":7},{"not_picked":["Tactician","Concentrate"],"picked":"Acrobatics","floor":11},{"not_picked":["Prepared","Flying Knee","Slice"],"picked":"SKIP","floor":12},{"not_picked":["Bane","Distraction"],"picked":"Backflip","floor":13},{"not_picked":["Wraith Form v2","Grand Finale"],"picked":"Night Terror","floor":16},{"not_picked":["Dagger Throw+1","Tactician"],"picked":"Deflect+1","floor":18},{"not_picked":["Calculated Gamble+1","PiercingWail"],"picked":"Corpse Explosion","floor":20}],"player_experience":235832,"relics_obtained":[{"floor":6,"key":"Blue Candle"},{"floor":9,"key":"Gremlin Horn"},{"floor":11,"key":"Dodecahedron"},{"floor":13,"key":"Tingsha"},{"floor":17,"key":"Bag of Marbles"},{"floor":17,"key":"Matryoshka"},{"floor":17,"key":"Du-Vu Doll"},{"floor":26,"key":"Frozen Egg 2"},{"floor":26,"key":"Mummified Hand"}],"event_choices":[{"event_name":"Upgrade Shrine","player_choice":"Upgraded","floor":2,"damage_taken":0},{"event_name":"World of Goop","player_choice":"Gather Gold","floor":3,"damage_taken":0},{"event_name":"Big Fish","player_choice":"Banana","floor":14,"damage_taken":0},{"event_name":"Ghosts","player_choice":"Ignored","floor":21,"damage_taken":0},{"event_name":"N\u0027loth","player_choice":"Traded a Tingsha","floor":22,"damage_taken":0},{"event_name":"Nest","player_choice":"Stole From Cult","floor":24,"damage_taken":0}],"is_beta":true,"boss_relics":[{"not_picked":["Tiny House","HoveringKite"],"picked":"Calling Bell"}],"items_purged_floors":[19],"is_endless":false,"potions_floor_spawned":[1,7,13,20],"killed_by":"Gremlin Leader","ascension_level":6}