{"gold_per_floor":[113,113,200,212,224,270,61,61,112,139,50,65,76,96,96,171,171,186,236,236,236,253,253],"floor_reached":23,"playtime":563,"items_purged":[],"score":519,"play_id":"40df7017-1e24-4730-835a-9fdee6fd172e","local_time":"20190427003123","is_ascension_mode":true,"campfire_choices":[{"data":"Bash","floor":8.0,"key":"SMITH"},{"data":"Rampage","floor":15.0,"key":"SMITH"}],"neow_cost":"NONE","seed_source_timestamp":0,"circlet_count":0,"master_deck":["AscendersBane","Defend_R","Defend_R+1","Defend_R+1","Bash+1","Shrug It Off","Pummel","Shrug It Off","Feed","Rampage+1","Evolve","Twin Strike","Demon Form","Bite","Bite","Bite","Bite","Bite"],"special_seed":0,"relics":["Burning Blood","NeowsBlessing","MawBank","War Paint","Oddly Smooth Stone","PreservedInsect","Pen Nib","Cursed Key"],"potions_floor_usage":[23],"damage_taken":[{"damage":0.0,"enemies":"2 Louse","floor":1.0,"turns":1.0},{"damage":0.0,"enemies":"Lagavulin","floor":6.0,"turns":1.0},{"damage":0.0,"enemies":"3 Sentries","floor":10.0,"turns":2.0},{"damage":11.0,"enemies":"Small Slimes","floor":12.0,"turns":4.0},{"damage":3.0,"enemies":"Jaw Worm","floor":13.0,"turns":3.0},{"damage":18.0,"enemies":"Large Slime","floor":14.0,"turns":8.0},{"damage":54.0,"enemies":"Slime Boss","floor":16.0,"turns":11.0},{"damage":14.0,"enemies":"Spheric Guardian","floor":18.0,"turns":5.0},{"damage":9,"enemies":"3 Byrds","floor":22,"turns":5},{"damage":69,"enemies":"Book of Stabbing","floor":23,"turns":4}],"seed_played":"-741755210394053581","potions_obtained":[{"floor":6.0,"key":"Energy Potion"},{"floor":16.0,"key":"Fire Potion"},{"floor":22,"key":"Strength Potion"}],"is_trial":false,"path_per_floor":["M","?","?","?","T","E","$","R","T","E","$","M","M","M","R","B",null,"M","?","?","?","M","E"],"character_chosen":"IRONCLAD","items_purchased":["PreservedInsect","Shrug It Off","Rampage"],"campfire_rested":0,"item_purchase_floors":[7,7,11],"current_hp_per_floor":[74,74,63,56,56,62,62,62,62,68,68,66,72,63,63,15,67,59,59,58,58,61,0],"gold":253,"neow_bonus":"THREE_ENEMY_KILL","is_prod":false,"is_daily":false,"chose_seed":false,"campfire_upgraded":2,"win_rate":0,"timestamp":1556317883,"path_taken":["M","?","?","?","?","E","$","R","T","E","?","M","M","M","R","BOSS","M","?","?","?","?","E"],"build_version":"2019-04-23","purchased_purges":0,"victory":false,"max_hp_per_floor":[75,75,75,75,75,75,75,75,75,75,75,78,81,84,84,84,84,84,84,58,58,61,61],"card_choices":[{"not_picked":["Cleave","True Grit"],"picked":"Shrug It Off","floor":1.0},{"not_picked":["Armaments","Intimidate"],"picked":"Pummel","floor":6.0},{"not_picked":["Spot Weakness","Armaments"],"picked":"Feed","floor":10.0},{"not_picked":["Evolve","Clash","Havoc"],"picked":"SKIP","floor":12.0},{"not_picked":["Clash","Havoc"],"picked":"Evolve","floor":12.0},{"not_picked":["Pommel Strike","Armaments"],"picked":"Twin Strike","floor":13.0},{"not_picked":["Shockwave","Burning Pact","Wild Strike"],"picked":"SKIP","floor":14.0},{"not_picked":["Barricade","Bludgeon"],"picked":"Demon Form","floor":16.0},{"not_picked":["Perfected Strike","Disarm","Clothesline"],"picked":"SKIP","floor":18.0},{"not_picked":["Iron Wave","Clothesline","Anger"],"picked":"SKIP","floor":22},{"not_picked":["Iron Wave","Clothesline","Anger"],"picked":"SKIP","floor":22}],"player_experience":1413809,"relics_obtained":[{"floor":5.0,"key":"War Paint"},{"floor":6.0,"key":"Oddly Smooth Stone"},{"floor":10.0,"key":"Pen Nib"}],"event_choices":[{"damage_healed":0.0,"max_hp_gain":0.0,"max_hp_loss":0.0,"gold_gain":0.0,"event_name":"Big Fish","player_choice":"Box","floor":2.0,"gold_loss":0.0,"damage_taken":0.0,"relics_obtained":["MawBank"],"cards_obtained":["Regret"]},{"damage_healed":0.0,"max_hp_gain":0.0,"max_hp_loss":0.0,"gold_gain":75.0,"event_name":"World of Goop","player_choice":"Gather Gold","floor":3.0,"gold_loss":0.0,"damage_taken":11.0},{"cards_removed":["Regret"],"damage_healed":0.0,"max_hp_gain":0.0,"max_hp_loss":0.0,"gold_gain":0.0,"event_name":"Golden Wing","player_choice":"Card Removal","floor":4.0,"gold_loss":0.0,"damage_taken":7.0},{"damage_healed":0.0,"max_hp_gain":0.0,"max_hp_loss":0.0,"gold_gain":50.0,"event_name":"Nest","player_choice":"Stole From Cult","floor":19.0,"gold_loss":0.0,"damage_taken":0.0},{"damage_healed":0.0,"max_hp_gain":0.0,"max_hp_loss":26.0,"gold_gain":0.0,"event_name":"Vampires","player_choice":"Became a vampire","floor":20.0,"gold_loss":0.0,"damage_taken":0.0,"cards_obtained":["Bite","Bite","Bite","Bite","Bite"]},{"cards_removed":["Defend_R"],"damage_healed":0.0,"max_hp_gain":0.0,"max_hp_loss":0.0,"gold_gain":0.0,"event_name":"Back to Basics","player_choice":"Elegance","floor":21.0,"gold_loss":0.0,"damage_taken":0.0}],"is_beta":true,"boss_relics":[{"not_picked":["Black Blood","Runic Cube"],"picked":"Cursed Key"}],"items_purged_floors":[],"is_endless":false,"potions_floor_spawned":[6,16,22],"killed_by":"Book of Stabbing","ascension_level":20}