{"gold_per_floor":[110,110,110,110,110,110,136,147,147,180,196,215,215,215,215,292,292,306,221,221,321,16,16],"floor_reached":23,"playtime":574,"items_purged":["Defend_R+1"],"score":440,"play_id":"642d7499-8ddb-43fe-a1e8-d3119dfc5cc5","local_time":"20190427004501","is_ascension_mode":true,"campfire_choices":[{"data":"Bash","floor":6,"key":"SMITH"},{"data":"Inflame","floor":13,"key":"SMITH"},{"data":"Heavy Blade","floor":15,"key":"SMITH"}],"neow_cost":"NONE","seed_source_timestamp":1423521594921500,"circlet_count":0,"master_deck":["AscendersBane","Strike_R+1","Strike_R+1","Strike_R+1","Strike_R+1","Defend_R+1","Defend_R+1","Bash+1","Whirlwind","Inflame+1","Inflame","Heavy Blade+1","Impervious","Shrug It Off","Feed"],"relics":["Burning Blood","NeowsBlessing","Singing Bowl","Thread and Needle","FossilizedHelix","Bird Faced Urn","Lizard Tail","Boot","Nunchaku","Mummified Hand"],"potions_floor_usage":[16,18,21],"damage_taken":[{"damage":0,"enemies":"2 Louse","floor":1,"turns":1},{"damage":0,"enemies":"Gremlin Nob","floor":7,"turns":1},{"damage":0,"enemies":"Small Slimes","floor":8,"turns":1},{"damage":28,"enemies":"Lagavulin","floor":10,"turns":6},{"damage":0,"enemies":"Cultist","floor":11,"turns":4},{"damage":12,"enemies":"Lots of Slimes","floor":12,"turns":4},{"damage":39,"enemies":"The Guardian","floor":16,"turns":8},{"damage":16,"enemies":"Shell Parasite","floor":18,"turns":4},{"damage":16,"enemies":"Colosseum Slavers","floor":21,"turns":8},{"damage":62,"enemies":"Colosseum Nobs","floor":21,"turns":7},{"damage":0,"enemies":"Slavers","floor":23,"turns":2}],"seed_played":"-8425042278942820576","potions_obtained":[{"floor":1,"key":"Energy Potion"},{"floor":8,"key":"SpeedPotion"},{"floor":12,"key":"Regen Potion"},{"floor":16,"key":"SneckoOil"},{"floor":21,"key":"SpeedPotion"}],"is_trial":false,"path_per_floor":["M","$","?","$","?","R","E","M","T","E","M","M","R","?","R","B",null,"M","?","?","?","$","E"],"character_chosen":"IRONCLAD","items_purchased":["Feed","Block Potion"],"campfire_rested":0,"item_purchase_floors":[22,22],"current_hp_per_floor":[74,74,67,67,67,67,73,75,75,55,61,55,55,50,50,21,63,55,55,55,14,14,14],"gold":16,"neow_bonus":"THREE_ENEMY_KILL","is_prod":false,"is_daily":false,"chose_seed":false,"campfire_upgraded":3,"win_rate":0,"timestamp":1556318701,"path_taken":["M","$","?","$","?","R","E","M","T","E","?","?","R","?","R","BOSS","M","?","?","?","$","E"],"build_version":"2019-04-23","purchased_purges":1,"victory":false,"max_hp_per_floor":[75,75,75,75,75,75,75,75,75,77,77,77,77,77,77,77,77,77,77,77,79,79,79],"card_choices":[{"not_picked":["Uppercut","Body Slam","Warcry"],"picked":"SKIP","floor":1},{"not_picked":["Shockwave","Spot Weakness"],"picked":"Whirlwind","floor":7},{"not_picked":["Dropkick","Disarm"],"picked":"Inflame","floor":8},{"not_picked":["Clash","Thunderclap","Bloodletting"],"picked":"Singing Bowl","floor":10},{"not_picked":["Second Wind","Clothesline"],"picked":"Inflame","floor":11},{"not_picked":["Seeing Red","Havoc"],"picked":"Heavy Blade","floor":12},{"not_picked":["Juggernaut","Bludgeon"],"picked":"Impervious","floor":16},{"not_picked":["Flex","Havoc"],"picked":"Shrug It Off","floor":18},{"not_picked":["Clothesline","Anger","Second Wind"],"picked":"Singing Bowl","floor":21}],"player_experience":1414595,"relics_obtained":[{"floor":7,"key":"Singing Bowl"},{"floor":9,"key":"Thread and Needle"},{"floor":10,"key":"FossilizedHelix"},{"floor":21,"key":"Nunchaku"},{"floor":21,"key":"Mummified Hand"}],"event_choices":[{"cards_removed":["Defend_R"],"damage_healed":0,"gold_gain":0,"player_choice":"Card Removal","damage_taken":7,"max_hp_gain":0,"max_hp_loss":0,"event_name":"Golden Wing","floor":3,"gold_loss":0},{"cards_removed":["Strike_R"],"damage_healed":0,"gold_gain":0,"player_choice":"Card Removal","damage_taken":0,"max_hp_gain":0,"max_hp_loss":0,"event_name":"Wheel of Change","floor":5,"gold_loss":0},{"damage_healed":0,"gold_gain":0,"player_choice":"Success","damage_taken":5,"relics_obtained":["Bird Faced Urn"],"max_hp_gain":0,"max_hp_loss":0,"event_name":"Scrap Ooze","floor":14,"gold_loss":0},{"damage_healed":0,"gold_gain":0,"player_choice":"Obtained Relic","damage_taken":0,"relics_obtained":["Boot"],"max_hp_gain":0,"max_hp_loss":0,"event_name":"Addict","floor":19,"gold_loss":85},{"damage_healed":0,"gold_gain":0,"player_choice":"Simplicity","damage_taken":0,"max_hp_gain":0,"max_hp_loss":0,"event_name":"Back to Basics","floor":20,"gold_loss":0,"cards_upgraded":["Strike_R","Strike_R","Strike_R","Strike_R","Defend_R","Defend_R","Defend_R"]},{"damage_healed":0,"gold_gain":0,"player_choice":"Fight","damage_taken":0,"max_hp_gain":0,"max_hp_loss":0,"event_name":"Colosseum","floor":21,"gold_loss":0},{"damage_healed":0,"gold_gain":0,"player_choice":"Fought Nobs","damage_taken":0,"max_hp_gain":0,"max_hp_loss":0,"event_name":"Colosseum","floor":21,"gold_loss":0}],"is_beta":true,"boss_relics":[{"not_picked":["Tiny House","Runic Cube"],"picked":"Lizard Tail"}],"items_purged_floors":[22],"is_endless":false,"potions_floor_spawned":[1,8,12,16,21,21],"killed_by":"Slavers","ascension_level":20}