{"gold_per_floor":[113,188,134,151,151,187,187,230,230,253,253,178,178,15,15,15],"floor_reached":16,"playtime":270,"items_purged":["Strike_R"],"score":262,"play_id":"46a8dc0d-93ae-46e5-8382-553cca1eced6","local_time":"20190412163658","is_ascension_mode":true,"campfire_choices":[{"data":"Bash","floor":7,"key":"SMITH"},{"floor":11,"key":"REST"},{"data":"Twin Strike","floor":15,"key":"SMITH"}],"neow_cost":"NONE","seed_source_timestamp":184866235775600,"circlet_count":0,"master_deck":["AscendersBane","Strike_R","Strike_R","Strike_R","Strike_R","Defend_R","Defend_R","Defend_R","Defend_R","Bash+1","Twin Strike+1","Feed"],"relics":["Burning Blood","NeowsBlessing","Golden Idol","Pantograph","Omamori","Sundial","Red Skull"],"potions_floor_usage":[8],"damage_taken":[{"damage":0,"enemies":"Jaw Worm","floor":1,"turns":1},{"damage":0,"enemies":"Small Slimes","floor":4,"turns":1},{"damage":0,"enemies":"3 Sentries","floor":6,"turns":1},{"damage":46,"enemies":"Lagavulin","floor":8,"turns":6},{"damage":6,"enemies":"2 Louse","floor":10,"turns":4},{"damage":74,"enemies":"Slime Boss","floor":16,"turns":7}],"seed_played":"8450087129891617016","potions_obtained":[{"floor":6,"key":"Energy Potion"},{"floor":10,"key":"LiquidBronze"}],"is_trial":false,"path_per_floor":["M","?","$","M","?","E","R","E","T","M","R","$","?","$","R","B"],"character_chosen":"IRONCLAD","items_purchased":["Twin Strike","Red Skull"],"campfire_rested":1,"item_purchase_floors":[3,14],"current_hp_per_floor":[74,63,63,69,43,49,49,12,12,15,39,39,59,59,59,7],"gold":15,"neow_bonus":"THREE_ENEMY_KILL","is_prod":false,"is_daily":false,"chose_seed":false,"campfire_upgraded":2,"win_rate":0,"timestamp":1555079818,"path_taken":["M","?","$","M","?","E","R","E","T","M","R","?","?","$","R","BOSS"],"build_version":"2019-04-04","purchased_purges":1,"victory":false,"max_hp_per_floor":[75,75,75,75,75,75,75,78,78,81,81,81,81,81,81,81],"card_choices":[{"not_picked":["Cleave","True Grit","Sentinel"],"picked":"SKIP","floor":1},{"not_picked":["Battle Trance","True Grit","Disarm"],"picked":"SKIP","floor":4},{"not_picked":["Barricade","Thunderclap"],"picked":"Feed","floor":6},{"not_picked":["Reckless Charge","Hemokinesis","Seeing Red"],"picked":"SKIP","floor":8},{"not_picked":["Twin Strike","Headbutt","Armaments"],"picked":"SKIP","floor":10}],"player_experience":1368089,"relics_obtained":[{"floor":6,"key":"Pantograph"},{"floor":8,"key":"Omamori"},{"floor":9,"key":"Sundial"}],"event_choices":[{"damage_healed":0,"gold_gain":75,"player_choice":"Gather Gold","damage_taken":11,"max_hp_gain":0,"max_hp_loss":0,"event_name":"World of Goop","floor":2,"gold_loss":0},{"damage_healed":0,"gold_gain":0,"player_choice":"Take Damage","damage_taken":26,"relics_obtained":["Golden Idol"],"max_hp_gain":0,"max_hp_loss":0,"event_name":"Golden Idol","floor":5,"gold_loss":0},{"damage_healed":20,"gold_gain":0,"player_choice":"Healed and dodged fight","damage_taken":0,"max_hp_gain":0,"max_hp_loss":0,"event_name":"Mushrooms","floor":13,"gold_loss":0,"cards_obtained":["Parasite"]}],"is_beta":true,"boss_relics":[],"items_purged_floors":[12],"is_endless":false,"potions_floor_spawned":[6,10],"killed_by":"Slime Boss","ascension_level":20}