{"gold_per_floor":[109,109,59,70,81,110,110,124,124,158,158,158,170,170,170,261,261,286,286,299,317,317],"floor_reached":22,"playtime":631,"items_purged":[],"score":392,"play_id":"4ff99644-78a6-4347-866e-ead79c919324","local_time":"20190427220638","is_ascension_mode":true,"campfire_choices":[{"data":"Bash","floor":7,"key":"SMITH"},{"data":"Flame Barrier","floor":12,"key":"SMITH"},{"data":"True Grit","floor":15,"key":"SMITH"}],"neow_cost":"NONE","seed_source_timestamp":1500366871495000,"circlet_count":0,"master_deck":["AscendersBane","Strike_R","Strike_R","Strike_R","Strike_R","Defend_R","Defend_R","Defend_R","Defend_R","Bash+1","Sword Boomerang","Heavy Blade","Double Tap","Flame Barrier+1","True Grit+1","Feed","Twin Strike","Offering","Havoc"],"relics":["Burning Blood","NeowsBlessing","Paper Frog","Ice Cream","Dead Branch","Bronze Scales","Golden Idol","Sozu"],"potions_floor_usage":[6,10],"damage_taken":[{"damage":0,"enemies":"Cultist","floor":1,"turns":1},{"damage":0,"enemies":"Small Slimes","floor":4,"turns":1},{"damage":0,"enemies":"2 Louse","floor":5,"turns":1},{"damage":8,"enemies":"Gremlin Nob","floor":6,"turns":3},{"damage":12,"enemies":"Looter","floor":8,"turns":3},{"damage":20,"enemies":"3 Sentries","floor":10,"turns":6},{"damage":0,"enemies":"Red Slaver","floor":13,"turns":3},{"damage":20,"enemies":"Hexaghost","floor":16,"turns":10},{"damage":24,"enemies":"Chosen","floor":18,"turns":4},{"damage":21,"enemies":"Shell Parasite","floor":20,"turns":3},{"damage":6,"enemies":"Snecko","floor":21,"turns":2},{"damage":28,"enemies":"3 Cultists","floor":22,"turns":4}],"seed_played":"-7085206627260725904","potions_obtained":[{"floor":5,"key":"SteroidPotion"},{"floor":8,"key":"Explosive Potion"},{"floor":16,"key":"SkillPotion"}],"is_trial":false,"path_per_floor":["M","?","$","M","M","E","R","M","T","E","?","R","M","?","R","B",null,"M","?","M","M","M"],"character_chosen":"IRONCLAD","items_purchased":["Sword Boomerang"],"campfire_rested":0,"item_purchase_floors":[3],"current_hp_per_floor":[74,74,74,75,75,73,73,67,67,53,46,46,52,26,26,12,59,41,41,26,26,0],"gold":317,"neow_bonus":"THREE_ENEMY_KILL","is_prod":false,"is_daily":false,"chose_seed":false,"campfire_upgraded":3,"win_rate":0,"timestamp":1556395598,"path_taken":["M","?","$","M","?","E","R","M","T","E","?","R","M","?","R","BOSS","M","?","M","?","?"],"build_version":"2019-04-23","purchased_purges":0,"victory":false,"max_hp_per_floor":[75,75,75,75,75,75,75,75,75,75,75,75,75,75,75,75,75,75,75,75,75,75],"card_choices":[{"not_picked":["Warcry","Searing Blow","Shockwave"],"picked":"SKIP","floor":1},{"not_picked":["Reckless Charge","Perfected Strike","Pommel Strike"],"picked":"SKIP","floor":4},{"not_picked":["Anger","Wild Strike"],"picked":"Heavy Blade","floor":5},{"not_picked":["Fire Breathing","Ghostly Armor","Perfected Strike"],"picked":"SKIP","floor":6},{"not_picked":["Clothesline","Whirlwind"],"picked":"Double Tap","floor":8},{"not_picked":["Clash","Fire Breathing"],"picked":"Flame Barrier","floor":10},{"not_picked":["Heavy Blade","Dropkick"],"picked":"True Grit","floor":13},{"not_picked":["Bludgeon","Double Tap"],"picked":"Feed","floor":16},{"not_picked":["Havoc","Pommel Strike"],"picked":"Twin Strike","floor":18},{"not_picked":["Battle Trance","Twin Strike"],"picked":"Havoc","floor":20},{"not_picked":["Havoc","Flame Barrier","Armaments"],"picked":"SKIP","floor":21}],"player_experience":1419751,"relics_obtained":[{"floor":2,"key":"Paper Frog"},{"floor":6,"key":"Ice Cream"},{"floor":9,"key":"Dead Branch"},{"floor":10,"key":"Bronze Scales"}],"event_choices":[{"damage_healed":0,"gold_gain":0,"player_choice":"Relic","damage_taken":0,"max_hp_gain":0,"max_hp_loss":0,"event_name":"Wheel of Change","floor":2,"gold_loss":0},{"cards_removed":["Strike_R"],"damage_healed":0,"gold_gain":0,"player_choice":"Card Removal","damage_taken":7,"max_hp_gain":0,"max_hp_loss":0,"event_name":"Golden Wing","floor":11,"gold_loss":0},{"damage_healed":0,"gold_gain":0,"player_choice":"Take Damage","damage_taken":26,"relics_obtained":["Golden Idol"],"max_hp_gain":0,"max_hp_loss":0,"event_name":"Golden Idol","floor":14,"gold_loss":0},{"damage_healed":0,"gold_gain":0,"player_choice":"1 cards matched","damage_taken":0,"max_hp_gain":0,"max_hp_loss":0,"event_name":"Match and Keep!","floor":19,"gold_loss":0,"cards_obtained":["Offering"]}],"is_beta":true,"boss_relics":[{"not_picked":["Calling Bell","Ectoplasm"],"picked":"Sozu"}],"items_purged_floors":[],"is_endless":false,"potions_floor_spawned":[5,8,16,21],"killed_by":"3 Cultists","ascension_level":20}