{"gold_per_floor":[116,266,24,36,36,36,54,54,54,85,108,19,29,29,29,29],"floor_reached":16,"playtime":326,"items_purged":["Doubt"],"score":196,"play_id":"c28763ef-e19a-4537-853a-10887f88c0a2","local_time":"20190409000030","is_ascension_mode":true,"campfire_choices":[{"data":"Pummel","floor":6.0,"key":"SMITH"},{"data":"Twin Strike","floor":8.0,"key":"SMITH"},{"floor":15.0,"key":"REST"}],"neow_cost":"NONE","seed_source_timestamp":0,"circlet_count":0,"master_deck":["AscendersBane","Strike_R","Strike_R","Strike_R","Strike_R","Strike_R","Defend_R","Defend_R","Defend_R","Defend_R","Bash+1","Limit Break","Pummel+1","Twin Strike+1","Pummel","Immolate"],"special_seed":0,"relics":["Burning Blood","Bag of Preparation","Bottled Lightning","Kunai","Ancient Tea Set","Boot"],"potions_floor_usage":[],"damage_taken":[{"damage":7.0,"enemies":"Small Slimes","floor":1.0,"turns":4.0},{"damage":6.0,"enemies":"2 Louse","floor":4.0,"turns":3.0},{"damage":4.0,"enemies":"Jaw Worm","floor":7.0,"turns":4.0},{"damage":32.0,"enemies":"Gremlin Nob","floor":10.0,"turns":4.0},{"damage":31.0,"enemies":"Exordium Thugs","floor":13.0,"turns":6.0},{"damage":12,"enemies":"Slime Boss","floor":16,"turns":6}],"seed_played":"-811080768807910450","potions_obtained":[{"floor":4.0,"key":"LiquidBronze"},{"floor":7.0,"key":"Regen Potion"}],"is_trial":false,"path_per_floor":["M","?","$","M","?","R","M","R","T","E","T","$","M","?","R","B"],"character_chosen":"IRONCLAD","items_purchased":["Limit Break","Pummel","Immolate"],"campfire_rested":1,"item_purchase_floors":[3,3,12],"current_hp_per_floor":[67,67,67,67,67,67,69,69,69,43,43,43,33,7,29,17],"gold":29,"neow_bonus":"RANDOM_COMMON_RELIC","is_prod":false,"is_daily":false,"chose_seed":false,"campfire_upgraded":2,"win_rate":0,"timestamp":1554760830,"path_taken":["M","?","$","M","?","R","M","R","T","E","?","$","?","?","R","BOSS"],"build_version":"2019-04-04","purchased_purges":1,"victory":false,"max_hp_per_floor":[75,75,75,75,75,75,75,75,75,75,75,75,75,75,75,75],"card_choices":[{"not_picked":["Wild Strike","Armaments","Headbutt"],"picked":"SKIP","floor":1.0},{"not_picked":["Havoc","Wild Strike"],"picked":"Twin Strike","floor":4.0},{"not_picked":["Clothesline","Clash"],"picked":"Pummel","floor":7.0},{"not_picked":["Carnage","Clash","True Grit"],"picked":"SKIP","floor":10.0},{"not_picked":["Reaper","Warcry","Flex"],"picked":"SKIP","floor":13.0}],"player_experience":1348424,"relics_obtained":[{"floor":9.0,"key":"Bottled Lightning"},{"floor":10.0,"key":"Kunai"},{"floor":11.0,"key":"Ancient Tea Set"}],"event_choices":[{"damage_healed":0.0,"max_hp_gain":0.0,"max_hp_loss":0.0,"gold_gain":150.0,"event_name":"Liars Game","player_choice":"AGREE","floor":2.0,"gold_loss":0.0,"damage_taken":0.0,"cards_obtained":["Doubt"]},{"damage_healed":0.0,"max_hp_gain":0.0,"max_hp_loss":0.0,"gold_gain":0.0,"event_name":"Living Wall","player_choice":"Grow","floor":5.0,"gold_loss":0.0,"damage_taken":0.0,"cards_upgraded":["Bash"]},{"damage_healed":0.0,"max_hp_gain":0.0,"max_hp_loss":0.0,"gold_gain":0.0,"event_name":"Scrap Ooze","player_choice":"Success","floor":14.0,"gold_loss":0.0,"damage_taken":26.0,"relics_obtained":["Boot"]}],"is_beta":true,"boss_relics":[],"items_purged_floors":[3],"is_endless":false,"potions_floor_spawned":[4,7],"killed_by":"Slime Boss","ascension_level":20}