{"gold_per_floor":[110,124,142,159,159,159,175,14,40,66,16,72,84,104,104,179,229,245,245,255,145,158,158,19,50,127,140,140,61,75,75,75,75],"floor_reached":33,"playtime":1355,"items_purged":["Regret","Doubt","Defend_R","Strike_R"],"score":622,"play_id":"83edbcb6-3564-4b01-8949-421276f86934","local_time":"20181015205431","is_ascension_mode":true,"campfire_choices":[{"data":"Inflame","floor":6.0,"key":"SMITH"},{"data":"Body Slam","floor":15.0,"key":"SMITH"},{"floor":23.0,"key":"REST"},{"data":"Bash","floor":32.0,"key":"SMITH"}],"neow_cost":"CURSE","seed_source_timestamp":0,"circlet_count":0,"master_deck":["Strike_R","Strike_R","Strike_R","Defend_R","Defend_R","Defend_R","Bash+1","AscendersBane","Offering","Inflame+1","Shrug It Off","Metallicize","Wild Strike+1","Sword Boomerang","Spot Weakness","Impervious","Body Slam+1","Twin Strike+1","True Grit+1","Iron Wave","Pommel Strike","Writhe"],"special_seed":0,"relics":["Burning Blood","Vajra","Smiling Mask","Juzu Bracelet","Red Skull","Tiny House","Bag of Preparation","Mummified Hand","Kunai"],"potions_floor_usage":[33,33],"damage_taken":[{"damage":3.0,"enemies":"2 Louse","floor":1.0,"turns":5.0},{"damage":9.0,"enemies":"Small Slimes","floor":2.0,"turns":3.0},{"damage":8.0,"enemies":"Jaw Worm","floor":3.0,"turns":4.0},{"damage":10.0,"enemies":"Looter","floor":4.0,"turns":4.0},{"damage":9.0,"enemies":"2 Fungi Beasts","floor":7.0,"turns":3.0},{"damage":39.0,"enemies":"3 Sentries","floor":10.0,"turns":7.0},{"damage":6.0,"enemies":"Gremlin Nob","floor":12.0,"turns":4.0},{"damage":0.0,"enemies":"Large Slime","floor":13.0,"turns":5.0},{"damage":12.0,"enemies":"Exordium Thugs","floor":14.0,"turns":3.0},{"damage":6.0,"enemies":"Slime Boss","floor":16.0,"turns":4.0},{"damage":17.0,"enemies":"Chosen","floor":18.0,"turns":5.0},{"damage":9.0,"enemies":"Spheric Guardian","floor":20.0,"turns":4.0},{"damage":48.0,"enemies":"Shelled Parasite and Fungi","floor":22.0,"turns":4.0},{"damage":19.0,"enemies":"Gremlin Leader","floor":25.0,"turns":7.0},{"damage":10.0,"enemies":"Snecko","floor":27.0,"turns":3.0},{"damage":6.0,"enemies":"Snake Plant","floor":30.0,"turns":2.0},{"damage":94,"enemies":"Collector","floor":33,"turns":9}],"seed_played":"1582158670811313891","potions_obtained":[{"floor":2.0,"key":"Explosive Potion"},{"floor":3.0,"key":"Ancient Potion"},{"floor":10.0,"key":"Block Potion"},{"floor":12.0,"key":"Weak Potion"},{"floor":12.0,"key":"Fire Potion"},{"floor":14.0,"key":"SkillPotion"},{"floor":17.0,"key":"Strength Potion"},{"floor":22.0,"key":"PowerPotion"},{"floor":25.0,"key":"SneckoOil"},{"floor":30.0,"key":"SpeedPotion"}],"is_trial":false,"path_per_floor":["M","M","M","M","?","R","M","$","T","E","$","?","M","M","R","B",null,"M","?","M","?","M","R","$","E","T","M","?","$","M","?","R"],"character_chosen":"IRONCLAD","items_purchased":["Spot Weakness","Regen Potion","Pommel Strike"],"campfire_rested":1,"item_purchase_floors":[8,24,29],"current_hp_per_floor":[71,68,66,62,62,62,59,59,59,26,26,26,32,26,26,26,68,57,57,54,54,12,36,36,38,38,34,90,90,90,90,90,0],"gold":75,"neow_bonus":"THREE_RARE_CARDS","is_prod":false,"is_daily":false,"chose_seed":false,"campfire_upgraded":3,"win_rate":0,"timestamp":1539629671,"path_taken":["M","M","M","M","?","R","M","$","T","E","$","?","M","M","R","BOSS","M","?","M","?","M","R","$","E","T","M","?","$","M","?","R","BOSS"],"build_version":"2018-10-11","purchased_purges":4,"victory":false,"max_hp_per_floor":[75,75,75,75,75,75,75,75,75,75,75,75,75,75,75,75,80,80,80,80,80,80,80,80,80,80,80,90,90,90,90,90,90],"card_choices":[{"not_picked":["Impervious","Fiend Fire"],"picked":"Offering","floor":0.0},{"not_picked":["Cleave","True Grit"],"picked":"Inflame","floor":1.0},{"not_picked":["Battle Trance","Wild Strike"],"picked":"Shrug It Off","floor":2.0},{"not_picked":["Headbutt","Disarm"],"picked":"Metallicize","floor":3.0},{"not_picked":["Shrug It Off","Thunderclap"],"picked":"Wild Strike","floor":4.0},{"not_picked":["Body Slam","Intimidate"],"picked":"Sword Boomerang","floor":7.0},{"not_picked":["Twin Strike","Clash"],"picked":"Impervious","floor":10.0},{"not_picked":["Blood for Blood","Thunderclap"],"picked":"Body Slam","floor":12.0},{"not_picked":["Thunderclap","Combust","Armaments"],"picked":"SKIP","floor":13.0},{"not_picked":["Searing Blow","Rage"],"picked":"Twin Strike","floor":14.0},{"not_picked":["Brutality","Exhume"],"picked":"Fiend Fire","floor":16.0},{"not_picked":["Burning Pact","Seeing Red"],"picked":"True Grit","floor":17.0},{"not_picked":["Clothesline","Perfected Strike"],"picked":"Iron Wave","floor":18.0},{"not_picked":["True Grit","Clothesline","Seeing Red+1"],"picked":"SKIP","floor":20.0},{"not_picked":["Sentinel","True Grit","Twin Strike"],"picked":"SKIP","floor":22.0},{"not_picked":["Blood for Blood+1","Clash","Intimidate"],"picked":"SKIP","floor":25.0},{"not_picked":["Iron Wave","Sword Boomerang","Feel No Pain+1"],"picked":"SKIP","floor":27.0},{"not_picked":["Bloodletting","Flex","Cleave"],"picked":"SKIP","floor":30.0}],"player_experience":833944,"relics_obtained":[{"floor":9.0,"key":"Smiling Mask"},{"floor":10.0,"key":"Juzu Bracelet"},{"floor":12.0,"key":"Red Skull"},{"floor":25.0,"key":"Bag of Preparation"},{"floor":26.0,"key":"Mummified Hand"}],"event_choices":[{"event_name":"Big Fish","player_choice":"Box","floor":5.0,"damage_taken":0.0},{"event_name":"Dead Adventurer","player_choice":"Searched \u00271\u0027 times","floor":12.0,"damage_taken":0.0},{"event_name":"Upgrade Shrine","player_choice":"Upgraded","floor":19.0,"damage_taken":0.0},{"event_name":"Designer","player_choice":"Full Service","floor":21.0,"damage_taken":0.0},{"event_name":"Bonfire Elementals","player_choice":"RARE","floor":28.0,"damage_taken":0.0},{"event_name":"The Mausoleum","player_choice":"Yes","floor":31.0,"damage_taken":0.0}],"is_beta":true,"boss_relics":[{"not_picked":["Black Star","White Beast Statue"],"picked":"Tiny House"}],"items_purged_floors":[8,11,24,29],"is_endless":false,"potions_floor_spawned":[2,3,10,12,12,14,22,25,30],"killed_by":"Collector","ascension_level":19}