{"gold_per_floor":[366,385,385,71,71,71,71,221,221,106,106,121,137,165,165,236,236,255,269,169,188,188],"floor_reached":22,"playtime":1001,"items_purged":["Doubt","Pain"],"score":368,"play_id":"f8ce17f8-de8b-4289-8565-cbf19ae545e7","local_time":"20190117002846","is_ascension_mode":true,"campfire_choices":[{"data":"Sucker Punch","floor":6,"key":"SMITH"},{"data":"Crippling Poison","floor":11,"key":"SMITH"},{"data":"Footwork","floor":15,"key":"SMITH"}],"neow_cost":"PERCENT_DAMAGE","seed_source_timestamp":0,"circlet_count":0,"master_deck":["AscendersBane","Defend_G","Defend_G","Defend_G","Defend_G","Defend_G","Strike_G","Strike_G","Strike_G","Strike_G+1","Strike_G","Survivor+1","Neutralize","Sucker Punch+1","Backstab","Leg Sweep","Crippling Poison+1","Dagger Spray","Footwork+1","Burst","After Image","Parasite","Parasite","Heel Hook","Well Laid Plans"],"special_seed":0,"relics":["Ring of the Snake","Lee\u0027s Waffle","Dead Branch","Bottled Tornado","Calling Bell","Art of War","Pear","WingedGreaves"],"potions_floor_usage":[14,16],"damage_taken":[{"damage":14.0,"enemies":"Cultist","floor":1.0,"turns":5.0},{"damage":6.0,"enemies":"Jaw Worm","floor":2.0,"turns":5.0},{"damage":0,"enemies":"2 Louse","floor":12,"turns":2},{"damage":0,"enemies":"Exordium Wildlife","floor":13,"turns":2},{"damage":3,"enemies":"Gremlin Nob","floor":14,"turns":3},{"damage":42,"enemies":"Slime Boss","floor":16,"turns":16},{"damage":9,"enemies":"Shell Parasite","floor":18,"turns":11},{"damage":18,"enemies":"Chosen","floor":19,"turns":7},{"damage":34,"enemies":"Snake Plant","floor":21,"turns":9},{"damage":12,"enemies":"Colosseum Slavers","floor":22,"turns":3}],"seed_played":"1936410617892233111","potions_obtained":[{"floor":12,"key":"Ancient Potion"},{"floor":13,"key":"Energy Potion"},{"floor":14,"key":"Dexterity Potion"},{"floor":21,"key":"LiquidBronze"}],"is_trial":false,"path_per_floor":["M","M","?","$","?","R","$","?","T","$","R","M","M","E","R","B",null,"M","M","$","M","?"],"character_chosen":"THE_SILENT","items_purchased":["Lee\u0027s Waffle","Leg Sweep","Crippling Poison"],"campfire_rested":0,"item_purchase_floors":[4,4,10],"current_hp_per_floor":[30,24,24,73,51,51,51,51,51,51,51,51,51,48,48,6,66,57,39,39,5,0],"gold":188,"neow_bonus":"TWO_FIFTY_GOLD","is_prod":false,"is_daily":false,"chose_seed":false,"campfire_upgraded":3,"win_rate":0,"timestamp":1547681326,"path_taken":["M","M","?","$","?","R","?","?","T","$","R","M","M","E","R","BOSS","M","M","$","M","?"],"build_version":"2019-01-14v2","purchased_purges":2,"victory":false,"max_hp_per_floor":[66,66,66,73,73,73,73,73,73,73,73,73,73,73,73,73,83,83,83,83,83,83],"card_choices":[{"not_picked":["Blade Dance","Caltrops"],"picked":"Sucker Punch","floor":1.0},{"not_picked":["Deflect","Deadly Poison"],"picked":"Backstab","floor":2.0},{"not_picked":["Backflip","Sucker Punch"],"picked":"Dagger Spray","floor":12},{"not_picked":["Dodge and Roll","Dagger Throw"],"picked":"Footwork","floor":13},{"not_picked":["Outmaneuver","Bane"],"picked":"Burst","floor":14},{"not_picked":["Glass Knife","Corpse Explosion"],"picked":"After Image","floor":16},{"not_picked":["Dagger Spray+1","Distraction+1","Bane+1"],"picked":"SKIP","floor":18},{"not_picked":["Dodge and Roll","Noxious Fumes"],"picked":"Heel Hook","floor":19},{"not_picked":["Quick Slash","Leg Sweep"],"picked":"Well Laid Plans","floor":21}],"player_experience":1048784,"relics_obtained":[{"floor":9,"key":"Dead Branch"},{"floor":14,"key":"Bottled Tornado"},{"floor":17,"key":"Art of War"},{"floor":17,"key":"Pear"},{"floor":17,"key":"WingedGreaves"}],"event_choices":[{"damage_healed":0,"gold_gain":0,"player_choice":"Fled","damage_taken":0,"max_hp_gain":0,"max_hp_loss":0,"event_name":"Scrap Ooze","floor":3,"gold_loss":0},{"damage_healed":0,"gold_gain":0,"player_choice":"Entered Light","damage_taken":22,"max_hp_gain":0,"max_hp_loss":0,"event_name":"Shining Light","floor":5,"gold_loss":0,"cards_upgraded":["Survivor","Strike_G"]},{"damage_healed":0,"gold_gain":150,"player_choice":"AGREE","damage_taken":0,"max_hp_gain":0,"max_hp_loss":0,"event_name":"Liars Game","floor":8,"gold_loss":0,"cards_obtained":["Doubt"]},{"damage_healed":0,"gold_gain":0,"player_choice":"Fight","damage_taken":0,"max_hp_gain":0,"max_hp_loss":0,"event_name":"Colosseum","floor":22,"gold_loss":0}],"is_beta":true,"boss_relics":[{"not_picked":["Pandora\u0027s Box","WristBlade"],"picked":"Calling Bell"}],"items_purged_floors":[10,20],"is_endless":false,"potions_floor_spawned":[12,13,14,21],"killed_by":"Colosseum Slavers","ascension_level":20}