{"gold_per_floor":[13,13,25,25,42,42,69,85,112,62,97,97,120,198,198,198],"floor_reached":16,"playtime":13674,"items_purged":[],"score":143,"play_id":"ec7a1ae9-8331-4633-b0b4-52c559e61eef","local_time":"20180909175140","is_ascension_mode":true,"campfire_choices":[{"data":"Footwork","floor":6,"key":"SMITH"},{"floor":15,"key":"REST"}],"neow_cost":"NO_GOLD","seed_source_timestamp":309168134298700,"circlet_count":0,"master_deck":["Defend_G","Defend_G","Defend_G","Defend_G","Defend_G","Strike_G","Strike_G","Survivor","Neutralize","Malaise","Quick Slash","Footwork+1","Flying Knee","Crippling Poison","Riddle With Holes","Dash","Adrenaline","Dagger Throw"],"relics":["Ring of the Snake","Happy Flower","Regal Pillow","Juzu Bracelet","Golden Idol","Tough Bandages"],"potions_floor_usage":[11,14,14,16],"damage_taken":[{"damage":0,"enemies":"Jaw Worm","floor":1,"turns":5},{"damage":3,"enemies":"Small Slimes","floor":3,"turns":4},{"damage":3,"enemies":"Cultist","floor":5,"turns":4},{"damage":21,"enemies":"3 Sentries","floor":7,"turns":15},{"damage":4,"enemies":"Blue Slaver","floor":8,"turns":6},{"damage":7,"enemies":"Gremlin Nob","floor":11,"turns":6},{"damage":3,"enemies":"2 Fungi Beasts","floor":13,"turns":3},{"damage":6,"enemies":"Lagavulin Event","floor":14,"turns":10},{"damage":46,"enemies":"Slime Boss","floor":16,"turns":13}],"seed_played":"4414366257575654528","potions_obtained":[{"floor":3,"key":"Ancient Potion"},{"floor":7,"key":"Block Potion"},{"floor":11,"key":"Weak Potion"},{"floor":13,"key":"SpeedPotion"},{"floor":14,"key":"Fire Potion"}],"is_trial":false,"path_per_floor":["M","?","M","?","M","R","E","M","T","?","E","?","M","?","R"],"character_chosen":"THE_SILENT","items_purchased":[],"campfire_rested":1,"item_purchase_floors":[],"current_hp_per_floor":[63,56,53,53,50,50,29,25,25,25,18,18,15,9,43,0],"gold":198,"neow_bonus":"THREE_RARE_CARDS","is_prod":false,"is_daily":false,"chose_seed":false,"campfire_upgraded":1,"win_rate":0,"timestamp":1536540700,"path_taken":["M","?","M","?","M","R","E","M","T","?","E","?","M","?","R","BOSS"],"build_version":"2018-09-06","purchased_purges":0,"victory":false,"max_hp_per_floor":[70,70,70,70,70,70,70,70,70,70,70,65,65,65,65,65],"card_choices":[{"not_picked":["Phantasmal Killer","Night Terror"],"picked":"Malaise","floor":0},{"not_picked":["Bane","Flying Knee"],"picked":"Quick Slash","floor":1},{"not_picked":["Dagger Spray","Concentrate"],"picked":"Footwork","floor":3},{"not_picked":["Deadly Poison","Blade Dance"],"picked":"Crippling Poison","floor":5},{"not_picked":["Crippling Poison","Deflect"],"picked":"Riddle With Holes","floor":7},{"not_picked":["PiercingWail","Prepared"],"picked":"Dash","floor":8},{"not_picked":["Tactician","PiercingWail"],"picked":"Adrenaline","floor":11},{"not_picked":["Eviscerate","Blade Dance","Expertise"],"picked":"SKIP","floor":13},{"not_picked":["Blade Dance","Deflect"],"picked":"Dagger Throw","floor":14}],"player_experience":256634,"relics_obtained":[{"floor":7,"key":"Happy Flower"},{"floor":9,"key":"Regal Pillow"},{"floor":11,"key":"Juzu Bracelet"},{"floor":14,"key":"Tough Bandages"}],"event_choices":[{"event_name":"Golden Wing","player_choice":"Card Removal","floor":2,"damage_taken":0},{"event_name":"Transmorgrifier","player_choice":"Transform","floor":4,"damage_taken":0},{"event_name":"The Cleric","player_choice":"Card Removal","floor":10,"damage_taken":0},{"event_name":"Golden Idol","player_choice":"Lose Max HP","floor":12,"damage_taken":0},{"event_name":"Dead Adventurer","player_choice":"Searched \u00271\u0027 times","floor":14,"damage_taken":0}],"is_beta":true,"boss_relics":[],"items_purged_floors":[],"is_endless":false,"potions_floor_spawned":[3,7,11,13,14],"killed_by":"Slime Boss","ascension_level":6}