{"gold_per_floor":[111,111,123,141,141,141,171,148,212,224,268,296,325,356,368,454,466,496,508,520,546,66,66,76,87,87,87,106,106,381,87,87,163,163,173,187,187,198,198],"floor_reached":39,"playtime":1207,"items_purged":["Regret"],"score":811,"play_id":"6100a324-a2ba-44a8-8386-34a0b11800bb","local_time":"20190413001507","is_ascension_mode":true,"campfire_choices":[{"data":"Bash","floor":6.0,"key":"SMITH"},{"data":"Twin Strike","floor":10.0,"key":"SMITH"},{"floor":15.0,"key":"REST"},{"floor":23,"key":"REST"},{"floor":27,"key":"REST"},{"floor":32,"key":"REST"}],"neow_cost":"PERCENT_DAMAGE","seed_source_timestamp":0,"circlet_count":0,"master_deck":["AscendersBane","Strike_R","Strike_R+1","Strike_R","Strike_R","Strike_R+1","Defend_R","Defend_R","Defend_R","Defend_R","Bash+1","Twin Strike+1","Pummel","Offering","Double Tap","True Grit","Immolate"],"special_seed":0,"relics":["Burning Blood","StoneCalendar","MawBank","Pen Nib","Blood Vial","Orrery","Kunai","FossilizedHelix","Lantern","Shuriken","Regal Pillow","Snecko Eye"],"potions_floor_usage":[16,21,21,33,33,39],"damage_taken":[{"damage":10.0,"enemies":"2 Louse","floor":1.0,"turns":3.0},{"damage":2.0,"enemies":"Jaw Worm","floor":3.0,"turns":4.0},{"damage":4.0,"enemies":"Small Slimes","floor":4.0,"turns":3.0},{"damage":30.0,"enemies":"3 Sentries","floor":7.0,"turns":5.0},{"damage":25.0,"enemies":"Lagavulin","floor":11.0,"turns":5.0},{"damage":9.0,"enemies":"Exordium Wildlife","floor":12.0,"turns":3.0},{"damage":12.0,"enemies":"Large Slime","floor":13.0,"turns":3.0},{"damage":14.0,"enemies":"Red Slaver","floor":14.0,"turns":2.0},{"damage":39,"enemies":"Slime Boss","floor":16,"turns":7},{"damage":30,"enemies":"2 Thieves","floor":18,"turns":5},{"damage":16,"enemies":"Shell Parasite","floor":21,"turns":2},{"damage":32,"enemies":"Snake Plant","floor":24,"turns":3},{"damage":6,"enemies":"Centurion and Healer","floor":25,"turns":5},{"damage":22,"enemies":"Cultist and Chosen","floor":28,"turns":5},{"damage":60,"enemies":"Collector","floor":33,"turns":7},{"damage":8,"enemies":"3 Darklings","floor":35,"turns":4},{"damage":8,"enemies":"Orb Walker","floor":36,"turns":3},{"damage":0,"enemies":"3 Darklings","floor":38,"turns":2},{"damage":82,"enemies":"2 Orb Walkers","floor":39,"turns":4}],"seed_played":"-1397065975541969549","potions_obtained":[{"floor":3.0,"key":"Weak Potion"},{"floor":4.0,"key":"AttackPotion"},{"floor":7.0,"key":"Ancient Potion"},{"floor":12.0,"key":"PowerPotion"},{"floor":16,"key":"SteroidPotion"},{"floor":21,"key":"Weak Potion"},{"floor":24,"key":"SteroidPotion"},{"floor":36,"key":"FearPotion"},{"floor":38,"key":"PowerPotion"}],"is_trial":false,"path_per_floor":["M","?","M","M","?","R","E","?","T","R","E","M","M","M","R","B",null,"M","?","T","M","$","R","M","M","T","R","M","$","?","$","R","B",null,"M","M","$","M","?"],"character_chosen":"IRONCLAD","items_purchased":["FossilizedHelix","Lantern","Regal Pillow","PowerPotion"],"campfire_rested":4,"item_purchase_floors":[22,22,31,31],"current_hp_per_floor":[46,23,27,29,54,54,30,48,48,48,29,28,24,18,40,9,59,37,16,16,8,8,32,8,10,10,34,20,20,20,20,59,7,62,62,62,62,70,0],"gold":198,"neow_bonus":"ONE_RARE_RELIC","is_prod":false,"is_daily":false,"chose_seed":false,"campfire_upgraded":2,"win_rate":0,"timestamp":1555107307,"path_taken":["M","?","M","M","?","R","E","?","T","R","E","M","M","M","R","BOSS","M","?","?","M","$","R","M","M","T","R","M","?","?","$","R","BOSS","M","M","?","M","?"],"build_version":"2019-04-04","purchased_purges":1,"victory":false,"max_hp_per_floor":[75,75,75,75,75,75,75,75,75,75,75,75,75,75,75,75,75,75,80,80,80,80,80,80,80,80,80,80,80,80,80,80,80,80,80,80,80,80,80],"card_choices":[{"not_picked":["Warcry","Rupture","Pommel Strike"],"picked":"SKIP","floor":1.0},{"not_picked":["Feel No Pain","Dropkick","Armaments"],"picked":"SKIP","floor":3.0},{"not_picked":["Wild Strike","Battle Trance"],"picked":"Twin Strike","floor":4.0},{"not_picked":["Searing Blow","Armaments","Thunderclap"],"picked":"SKIP","floor":7.0},{"not_picked":["Havoc","Searing Blow"],"picked":"Pummel","floor":11.0},{"not_picked":["Cleave","Evolve","Entrench"],"picked":"SKIP","floor":12.0},{"not_picked":["Body Slam","Dark Embrace","Metallicize"],"picked":"SKIP","floor":13.0},{"not_picked":["Flame Barrier","Clothesline","Pommel Strike"],"picked":"SKIP","floor":14.0},{"not_picked":["Exhume","Reaper"],"picked":"Offering","floor":16},{"not_picked":["Seeing Red","Warcry"],"picked":"Double Tap","floor":17},{"not_picked":["Warcry","Burning Pact"],"picked":"True Grit","floor":17},{"not_picked":["Metallicize","Reckless Charge","Havoc"],"picked":"SKIP","floor":18},{"not_picked":["Headbutt","Havoc","Pommel Strike"],"picked":"SKIP","floor":21},{"not_picked":["Armaments","Perfected Strike","Anger"],"picked":"SKIP","floor":24},{"not_picked":["Second Wind","Iron Wave","Double Tap"],"picked":"SKIP","floor":25},{"not_picked":["Sentinel","Seeing Red","Twin Strike+1"],"picked":"SKIP","floor":28},{"not_picked":["Reaper","Impervious"],"picked":"Immolate","floor":33},{"not_picked":["Feel No Pain","Iron Wave","Hemokinesis+1"],"picked":"SKIP","floor":35},{"not_picked":["Hemokinesis","Perfected Strike+1","Reckless Charge"],"picked":"SKIP","floor":36},{"not_picked":["Headbutt","Clothesline","Thunderclap"],"picked":"SKIP","floor":38}],"player_experience":1377219,"relics_obtained":[{"floor":7.0,"key":"MawBank"},{"floor":9.0,"key":"Pen Nib"},{"floor":11.0,"key":"Blood Vial"},{"floor":20,"key":"Kunai"},{"floor":26,"key":"Shuriken"}],"event_choices":[{"damage_healed":0.0,"max_hp_gain":0.0,"max_hp_loss":0.0,"gold_gain":0.0,"event_name":"Shining Light","player_choice":"Entered Light","floor":2.0,"gold_loss":0.0,"damage_taken":23.0,"cards_upgraded":["Strike_R","Strike_R"]},{"damage_healed":25.0,"max_hp_gain":0.0,"max_hp_loss":0.0,"gold_gain":0.0,"event_name":"Big Fish","player_choice":"Banana","floor":5.0,"gold_loss":0.0,"damage_taken":0.0},{"damage_healed":18.0,"max_hp_gain":0.0,"max_hp_loss":0.0,"gold_gain":0.0,"event_name":"The Cleric","player_choice":"Healed","floor":8.0,"gold_loss":35.0,"damage_taken":0.0},{"damage_healed":0,"gold_gain":0,"player_choice":"Shed Blood","damage_taken":26,"max_hp_gain":5,"max_hp_loss":0,"event_name":"Forgotten Altar","floor":19,"gold_loss":0},{"damage_healed":0,"gold_gain":275,"player_choice":"Desecrate","damage_taken":0,"max_hp_gain":0,"max_hp_loss":0,"event_name":"Golden Shrine","floor":30,"gold_loss":0,"cards_obtained":["Regret"]},{"damage_healed":0,"gold_gain":0,"player_choice":"Fight","damage_taken":0,"max_hp_gain":0,"max_hp_loss":0,"event_name":"Mysterious Sphere","floor":39,"gold_loss":0}],"is_beta":true,"boss_relics":[{"not_picked":["Tiny House","Runic Cube"],"picked":"Orrery"},{"not_picked":["Cursed Key","Runic Dome"],"picked":"Snecko Eye"}],"items_purged_floors":[31],"is_endless":false,"potions_floor_spawned":[3,4,7,12,16,21,24,25,36,38],"killed_by":"2 Orb Walkers","ascension_level":20}