{"path_per_floor":["M","?","M","$","M","E","R","E","T","E","M","M","R","M","R","B",null,"M","$","M","M","?","R","E","M","T","?","R","?","E","M","R","B",null,"M","M","T","$","M","R","E","R","T","?","E","M","$","$","R","B"],"character_chosen":"THE_SILENT","items_purchased":["Infinite Blades","Footwork","Anchor","Toolbox","Toxic Egg","War Paint","Bottled Flame"],"gold_per_floor":[118,118,128,128,148,183,183,210,234,269,283,294,294,307,307,407,407,424,344,364,380,380,380,407,423,423,423,423,423,458,474,474,569,569,588,605,686,72,84,84,117,117,171,225,551,567,492,86,86,86],"floor_reached":51,"campfire_rested":7,"playtime":5692,"current_hp_per_floor":[70,70,70,70,69,54,70,48,48,37,34,34,55,52,70,55,70,70,70,48,44,44,65,47,35,35,26,48,85,81,75,75,14,85,64,57,57,57,57,57,44,69,69,59,58,58,58,58,83,76],"items_purged":["Infinite Blades"],"gold":86,"play_id":"85fd297b-e6d1-44ad-93cd-db6d07dd9dd1","is_prod":false,"is_daily":false,"campfire_rituals":0,"campfire_upgraded":2,"is_hardmode":false,"path_taken":["M","?","M","?","M","E","R","E","T","E","M","M","R","?","R","BOSS","M","$","M","M","?","R","E","M","T","?","R","?","E","M","R","BOSS","M","?","?","$","M","R","E","R","T","?","E","M","?","$","R","BOSS"],"build_version":"2018-01-18-PROD4","purchased_purges":1,"victory":true,"master_deck":["Defend_G","Defend_G","Defend_G","Defend_G","Defend_G","Strike_G","Strike_G","Strike_G","Strike_G","Strike_G","Survivor","Neutralize","Footwork","Flying Knee","Footwork","Flying Knee","A Thousand Cuts","Quick Slash","Backflip","Blur","Backflip","Die Die Die","Infinite Blades","Predator","Dodge and Roll","Dagger Spray","Unload","Acrobatics","Wraith Form","Blur","Infinite Blades","Footwork","Backflip","Die Die Die"],"max_hp_per_floor":[70,70,70,70,70,70,70,70,70,70,70,70,70,70,70,70,70,70,70,70,70,70,70,70,70,70,75,75,85,85,85,85,85,85,85,85,85,85,85,85,85,85,85,85,85,85,85,85,85,85],"relics":["Ring of the Snake","Oddly Smooth Stone","Mercury Hourglass","Ancient Tea Set","Sozu","Nloth\u0027s Gift","Ornamental Fan","Vajra","Lantern","Runic Pyramid","Bottled Lightning","Anchor","Toolbox","Toxic Egg","Thread and Needle","Bag of Preparation","Torii","Old Coin","War Paint","Bottled Flame"],"campfire_meditates":0,"card_choices":[{"not_picked":["Well Laid Plans","Dodge and Roll"],"picked":"Footwork"},{"not_picked":["Backstab","Catalyst"],"picked":"Flying Knee"},{"not_picked":["Quick Slash","Prepared"],"picked":"Footwork"},{"not_picked":["Bane","Poisoned Stab"],"picked":"Flying Knee"},{"not_picked":["Sucker Punch","Bane"],"picked":"A Thousand Cuts"},{"not_picked":["Poisoned Stab","Terror"],"picked":"Quick Slash"},{"not_picked":["Noxious Fumes","Flying Knee"],"picked":"Backflip"},{"not_picked":["Slice","Blade Dance"],"picked":"Blur"},{"not_picked":["Poisoned Stab","Catalyst"],"picked":"Backflip"},{"not_picked":["Night Terror","Doppelganger"],"picked":"Die Die Die"},{"not_picked":["Blur","Terror"],"picked":"Infinite Blades"},{"not_picked":["Deadly Poison","Poisoned Stab"],"picked":"Predator"},{"not_picked":["Skewer","Sucker Punch"],"picked":"Dodge and Roll"},{"not_picked":["Noxious Fumes","Crippling Poison"],"picked":"Dagger Spray"},{"not_picked":["Dodge and Roll","Deflect"],"picked":"Unload"},{"not_picked":["Dodge and Roll","Burst"],"picked":"Unload"},{"not_picked":["PiercingWail","Quick Slash"],"picked":"Acrobatics"},{"not_picked":["Unload","Burst"],"picked":"Wraith Form"},{"not_picked":["Tools of the Trade","Crippling Poison"],"picked":"Blur"},{"not_picked":["Backflip","Outmaneuver"],"picked":"Infinite Blades"},{"not_picked":["Catalyst","Bouncing Flask"],"picked":"Backflip"},{"not_picked":["Escape Plan","Dagger Spray"],"picked":"Die Die Die"}],"player_experience":14236,"potions_floor_usage":[6,8,16],"damage_taken":[{"damage":0,"enemies":"2 Louse","floor":1,"turns":4},{"damage":0,"enemies":"Cultist","floor":3,"turns":3},{"damage":1,"enemies":"Jaw Worm","floor":5,"turns":6},{"damage":15,"enemies":"Gremlin Nob","floor":6,"turns":5},{"damage":22,"enemies":"3 Sentries","floor":8,"turns":12},{"damage":11,"enemies":"Lagavulin","floor":10,"turns":10},{"damage":3,"enemies":"Red Slaver","floor":11,"turns":4},{"damage":0,"enemies":"2 Fungi Beasts","floor":12,"turns":3},{"damage":3,"enemies":"Exordium Wildlife","floor":14,"turns":4},{"damage":15,"enemies":"Hexaghost","floor":16,"turns":15},{"damage":0,"enemies":"Spheric Guardian","floor":18,"turns":4},{"damage":22,"enemies":"2 Thieves","floor":20,"turns":3},{"damage":4,"enemies":"Snake Plant","floor":21,"turns":6},{"damage":18,"enemies":"Slavers","floor":24,"turns":5},{"damage":12,"enemies":"Sentry and Sphere","floor":25,"turns":6},{"damage":4,"enemies":"Gremlin Leader","floor":30,"turns":5},{"damage":6,"enemies":"Centurion and Healer","floor":31,"turns":4},{"damage":61,"enemies":"Collector","floor":33,"turns":8},{"damage":21,"enemies":"3 Darklings","floor":35,"turns":4},{"damage":7,"enemies":"3 Shapes","floor":36,"turns":4},{"damage":0,"enemies":"3 Darklings","floor":39,"turns":5},{"damage":13,"enemies":"Giant Head","floor":41,"turns":10},{"damage":10,"enemies":"Mysterious Sphere","floor":44,"turns":3},{"damage":1,"enemies":"Nemesis","floor":45,"turns":10},{"damage":0,"enemies":"Maw","floor":46,"turns":8},{"damage":7,"enemies":"Awakened One","floor":50,"turns":16}],"event_choices":[{"event_name":"Golden Wing","player_choice":"Ignored","floor":2,"damage_taken":0},{"event_name":"N\u0027loth","player_choice":"Traded a Dream Catcher","floor":22,"damage_taken":0},{"event_name":"Forgotten Altar","player_choice":"Shed Blood","floor":27,"damage_taken":0},{"event_name":"Bonfire Elementals","player_choice":"RARE","floor":29,"damage_taken":0},{"event_name":"Mysterious Sphere","player_choice":"Fight","floor":44,"damage_taken":0}],"boss_relics":[{"not_picked":["Runic Dome","Orrery"],"picked":"Sozu"},{"not_picked":["White Beast Statue","Lizard Tail"],"picked":"Runic Pyramid"}],"potions_floor_spawned":[1,3,8,11,18,21,25,30,36,39,41,46],"seed_played":"1161114796978020141","is_trial":false}