{"gold_per_floor":[114,125,135,135,151,167,11,11,11,27,27,38,71,83,83,155,155,105,119,119,119],"floor_reached":21,"playtime":627,"items_purged":[],"score":370,"play_id":"d2dd5454-f0e9-4b72-822f-b830baf163a2","local_time":"20190402002904","is_ascension_mode":true,"campfire_choices":[{"floor":8,"key":"REST"},{"floor":11,"key":"REST"},{"floor":15,"key":"REST"}],"neow_cost":"TEN_PERCENT_HP_LOSS","seed_source_timestamp":1033846051582200,"circlet_count":0,"master_deck":["AscendersBane","Strike_R","Strike_R","Strike_R","Strike_R","Strike_R","Defend_R","Defend_R","Defend_R","Defend_R","Bash+1","Heavy Blade","Demon Form","Impervious","Reaper"],"relics":["Burning Blood","Prayer Wheel","Bottled Tornado","Smiling Mask","Busted Crown"],"potions_floor_usage":[6,12,13,16,21],"damage_taken":[{"damage":15,"enemies":"2 Louse","floor":1,"turns":3},{"damage":17,"enemies":"Cultist","floor":2,"turns":4},{"damage":0,"enemies":"Small Slimes","floor":3,"turns":4},{"damage":18,"enemies":"3 Louse","floor":5,"turns":5},{"damage":37,"enemies":"Exordium Thugs","floor":6,"turns":6},{"damage":18,"enemies":"Red Slaver","floor":10,"turns":3},{"damage":0,"enemies":"Looter","floor":12,"turns":4},{"damage":30,"enemies":"Lagavulin","floor":13,"turns":6},{"damage":16,"enemies":"Blue Slaver","floor":14,"turns":6},{"damage":32,"enemies":"Hexaghost","floor":16,"turns":8},{"damage":25,"enemies":"2 Thieves","floor":18,"turns":5},{"damage":17,"enemies":"Spheric Guardian","floor":19,"turns":5},{"damage":32,"enemies":"Centurion and Healer","floor":21,"turns":5}],"seed_played":"-2306495142846383377","potions_obtained":[{"floor":2,"key":"SneckoOil"},{"floor":10,"key":"Block Potion"},{"floor":12,"key":"BloodPotion"},{"floor":14,"key":"GamblersBrew"},{"floor":19,"key":"Weak Potion"}],"is_trial":false,"path_per_floor":["M","M","M","?","M","M","$","R","T","M","R","M","E","M","R","B",null,"M","M","?","M"],"character_chosen":"IRONCLAD","items_purchased":["Impervious"],"campfire_rested":3,"item_purchase_floors":[7],"current_hp_per_floor":[59,48,54,54,42,11,11,31,31,19,39,45,27,17,37,11,54,53,42,23,0],"gold":119,"neow_bonus":"ONE_RARE_RELIC","is_prod":false,"is_daily":false,"chose_seed":false,"campfire_upgraded":0,"win_rate":0,"timestamp":1554157744,"path_taken":["M","M","M","?","M","M","?","R","T","M","R","?","E","M","R","BOSS","M","M","?","M"],"build_version":"2019-03-15","purchased_purges":0,"victory":false,"max_hp_per_floor":[68,68,68,68,68,68,68,68,68,68,68,68,68,68,68,68,68,68,68,73,73],"card_choices":[{"not_picked":["Body Slam","Headbutt","Burning Pact"],"picked":"SKIP","floor":1},{"not_picked":["Iron Wave","Perfected Strike","Clash"],"picked":"SKIP","floor":1},{"not_picked":["Twin Strike","Body Slam"],"picked":"Heavy Blade","floor":2},{"not_picked":["Dual Wield","Hemokinesis","Iron Wave"],"picked":"SKIP","floor":2},{"not_picked":["Armaments","Reckless Charge","Flex"],"picked":"SKIP","floor":3},{"not_picked":["Armaments","Fire Breathing","Clothesline"],"picked":"SKIP","floor":3},{"not_picked":["Burning Pact","Hemokinesis","Perfected Strike"],"picked":"SKIP","floor":5},{"not_picked":["Wild Strike","Armaments","Perfected Strike"],"picked":"SKIP","floor":5},{"not_picked":["Fire Breathing","Evolve"],"picked":"Demon Form","floor":6},{"not_picked":["Evolve","Headbutt","Bloodletting"],"picked":"SKIP","floor":6},{"not_picked":["Seeing Red","Dropkick","Evolve"],"picked":"SKIP","floor":10},{"not_picked":["Perfected Strike","Pommel Strike","Sentinel"],"picked":"SKIP","floor":10},{"not_picked":["Iron Wave","Headbutt","Sentinel"],"picked":"SKIP","floor":12},{"not_picked":["Burning Pact","Headbutt","Havoc"],"picked":"SKIP","floor":12},{"not_picked":["Bloodletting","Body Slam","Whirlwind"],"picked":"SKIP","floor":13},{"not_picked":["Flex","True Grit","Headbutt"],"picked":"SKIP","floor":14},{"not_picked":["Perfected Strike","Clothesline","Iron Wave"],"picked":"SKIP","floor":14},{"not_picked":["Exhume","Dark Embrace"],"picked":"Reaper","floor":16},{"not_picked":["Cleave+1"],"picked":"SKIP","floor":18},{"not_picked":["Heavy Blade"],"picked":"SKIP","floor":18},{"not_picked":["Pommel Strike"],"picked":"SKIP","floor":19},{"not_picked":["Cleave+1"],"picked":"SKIP","floor":19}],"player_experience":1322357,"relics_obtained":[{"floor":9,"key":"Bottled Tornado"},{"floor":13,"key":"Smiling Mask"}],"event_choices":[{"damage_healed":0,"gold_gain":0,"player_choice":"Upgraded","damage_taken":0,"max_hp_gain":0,"max_hp_loss":0,"event_name":"Upgrade Shrine","floor":4,"gold_loss":0,"cards_upgraded":["Bash"]},{"damage_healed":0,"gold_gain":0,"player_choice":"Shed Blood","damage_taken":24,"max_hp_gain":5,"max_hp_loss":0,"event_name":"Forgotten Altar","floor":20,"gold_loss":0}],"is_beta":true,"boss_relics":[{"not_picked":["Mark of Pain","Eternal Feather"],"picked":"Busted Crown"}],"items_purged_floors":[],"is_endless":false,"potions_floor_spawned":[2,10,12,14,19],"killed_by":"Centurion and Healer","ascension_level":20}