{"gold_per_floor":[117,127,202,213,225,225,260,260,260,260,260,260,279,289,289,289],"floor_reached":16,"playtime":838,"items_purged":[],"score":128,"play_id":"aead239f-5118-4579-b03d-44bb495bd251","local_time":"20180729131217","is_ascension_mode":true,"campfire_choices":[{"data":"Glass Knife","floor":6,"key":"SMITH"},{"floor":8,"key":"REST"},{"data":"Neutralize","floor":10,"key":"SMITH"},{"data":"Backflip","floor":15,"key":"SMITH"}],"neow_cost":"","seed_source_timestamp":410175920690600,"circlet_count":0,"master_deck":["Defend_G","Defend_G","Defend_G","Defend_G","Strike_G","Strike_G","Strike_G","Strike_G","Strike_G","Survivor","Neutralize+1","PiercingWail","Backflip+1","Glass Knife+1","Distraction","Predator"],"relics":["Ring of the Snake","Juzu Bracelet","Orichalcum"],"potions_floor_usage":[7,7],"damage_taken":[{"damage":1,"enemies":"2 Louse","floor":1,"turns":4},{"damage":3,"enemies":"Jaw Worm","floor":2,"turns":6},{"damage":2,"enemies":"Cultist","floor":4,"turns":5},{"damage":14,"enemies":"Large Slime","floor":5,"turns":8},{"damage":30,"enemies":"Lagavulin","floor":7,"turns":5},{"damage":3,"enemies":"Blue Slaver","floor":13,"turns":3},{"damage":9,"enemies":"Lots of Slimes","floor":14,"turns":4},{"damage":12,"enemies":"Hexaghost","floor":16,"turns":8}],"seed_played":"4617061963952775477","potions_obtained":[{"floor":2,"key":"SteroidPotion"},{"floor":5,"key":"Swift Potion"}],"is_trial":false,"path_per_floor":["M","M","?","M","M","R","E","R","T","R","?","?","M","M","R"],"character_chosen":"THE_SILENT","items_purchased":[],"campfire_rested":1,"item_purchase_floors":[],"current_hp_per_floor":[69,66,55,53,39,39,9,30,30,30,30,23,20,11,11,0],"gold":289,"neow_bonus":"","is_prod":false,"is_daily":false,"chose_seed":false,"campfire_upgraded":3,"win_rate":0,"timestamp":1532895137,"path_taken":["M","M","?","M","M","R","E","R","T","R","?","?","M","M","R","BOSS"],"build_version":"2018-07-26","purchased_purges":0,"victory":false,"max_hp_per_floor":[70,70,70,70,70,70,70,70,70,70,70,70,70,70,70,70],"card_choices":[{"not_picked":["Slice","Underhanded Strike"],"picked":"PiercingWail","floor":1},{"not_picked":["Outmaneuver","Quick Slash"],"picked":"Backflip","floor":2},{"not_picked":["Dagger Throw","Outmaneuver","Sucker Punch"],"picked":"SKIP","floor":4},{"not_picked":["Slice","Dodge and Roll"],"picked":"Glass Knife","floor":5},{"not_picked":["Underhanded Strike","Well Laid Plans"],"picked":"Distraction","floor":7},{"not_picked":["Catalyst","Slice"],"picked":"Predator","floor":13},{"not_picked":["Skewer","Prepared","Acrobatics"],"picked":"SKIP","floor":14}],"player_experience":194791,"relics_obtained":[{"floor":7,"key":"Juzu Bracelet"},{"floor":9,"key":"Orichalcum"}],"event_choices":[{"event_name":"World of Goop","player_choice":"Gather Gold","floor":3,"damage_taken":0},{"event_name":"Liars Game","player_choice":"disagreed","floor":11,"damage_taken":0},{"event_name":"Golden Wing","player_choice":"Card Removal","floor":12,"damage_taken":0}],"is_beta":true,"boss_relics":[],"items_purged_floors":[],"is_endless":false,"potions_floor_spawned":[2,5],"killed_by":"Hexaghost","ascension_level":5}