{"gold_per_floor":[14,14,14,14,30,41,41],"floor_reached":7,"playtime":179,"items_purged":[],"score":82,"play_id":"2b72ce04-9dee-47e0-a09e-032ef75a252e","local_time":"20190412164007","is_ascension_mode":true,"campfire_choices":[],"neow_cost":"NO_GOLD","seed_source_timestamp":185146549339800,"circlet_count":0,"master_deck":["AscendersBane","Strike_R","Strike_R","Strike_R","Strike_R","Strike_R","Defend_R+1","Defend_R","Defend_R+1","Defend_R","Bash+1","Reaper","Regret","Twin Strike"],"relics":["Burning Blood","Letter Opener"],"potions_floor_usage":[7],"damage_taken":[{"damage":12,"enemies":"Cultist","floor":1,"turns":4},{"damage":2,"enemies":"2 Louse","floor":5,"turns":5},{"damage":21,"enemies":"Small Slimes","floor":6,"turns":5},{"damage":62,"enemies":"Gremlin Nob","floor":7,"turns":4}],"seed_played":"7830153257411990842","potions_obtained":[{"floor":6,"key":"Swift Potion"}],"is_trial":false,"path_per_floor":["M","?","?","?","M","M","E"],"character_chosen":"IRONCLAD","items_purchased":[],"campfire_rested":0,"item_purchase_floors":[],"current_hp_per_floor":[62,39,39,39,43,32,0],"gold":41,"neow_bonus":"THREE_RARE_CARDS","is_prod":false,"is_daily":false,"chose_seed":false,"campfire_upgraded":0,"win_rate":0,"timestamp":1555080007,"path_taken":["M","?","?","?","M","M","E"],"build_version":"2019-04-04","purchased_purges":0,"victory":false,"max_hp_per_floor":[75,75,75,75,75,75,75],"card_choices":[{"not_picked":["Berserk","Dark Embrace"],"picked":"Reaper","floor":0},{"not_picked":["Armaments","Blood for Blood","Flame Barrier"],"picked":"SKIP","floor":1},{"not_picked":["Fire Breathing","Clothesline","Blood for Blood"],"picked":"SKIP","floor":5},{"not_picked":["Rage","Dual Wield"],"picked":"Twin Strike","floor":6}],"player_experience":1368359,"relics_obtained":[],"event_choices":[{"damage_healed":0,"gold_gain":0,"player_choice":"Entered Light","damage_taken":23,"max_hp_gain":0,"max_hp_loss":0,"event_name":"Shining Light","floor":2,"gold_loss":0,"cards_upgraded":["Defend_R","Defend_R"]},{"damage_healed":0,"gold_gain":0,"player_choice":"Box","damage_taken":0,"relics_obtained":["Letter Opener"],"max_hp_gain":0,"max_hp_loss":0,"event_name":"Big Fish","floor":3,"gold_loss":0,"cards_obtained":["Regret"]},{"damage_healed":0,"gold_gain":0,"player_choice":"Upgraded","damage_taken":0,"max_hp_gain":0,"max_hp_loss":0,"event_name":"Upgrade Shrine","floor":4,"gold_loss":0,"cards_upgraded":["Bash"]}],"is_beta":true,"boss_relics":[],"items_purged_floors":[],"is_endless":false,"potions_floor_spawned":[6],"killed_by":"Gremlin Nob","ascension_level":20}