{"gold_per_floor":[112,73,73,89,164,200,220,370,416,436,436,436,436,470,470,470],"floor_reached":16,"playtime":264,"items_purged":[],"score":266,"play_id":"b3582846-cae7-48ab-b0f9-eb4fcbd3fe04","local_time":"20190126003649","is_ascension_mode":true,"campfire_choices":[{"data":"Neutralize","floor":11,"key":"SMITH"},{"data":"Cloak And Dagger","floor":13,"key":"SMITH"},{"data":"Caltrops","floor":15,"key":"SMITH"}],"neow_cost":"NONE","seed_source_timestamp":561844300928100,"circlet_count":0,"master_deck":["AscendersBane","Defend_G","Defend_G","Defend_G","Defend_G","Strike_G","Strike_G","Strike_G","Strike_G","Strike_G","Survivor","Neutralize+1","Deadly Poison","Caltrops+1","Leg Sweep","Cloak And Dagger+1","Flying Knee","Doubt","Dash","Finisher","Blade Dance"],"relics":["Ring of the Snake","NeowsBlessing","Golden Idol","Juzu Bracelet","Strawberry","Sundial"],"potions_floor_usage":[14],"damage_taken":[{"damage":0,"enemies":"Cultist","floor":1,"turns":1},{"damage":0,"enemies":"2 Louse","floor":4,"turns":1},{"damage":0,"enemies":"3 Sentries","floor":6,"turns":2},{"damage":0,"enemies":"Small Slimes","floor":7,"turns":4},{"damage":8,"enemies":"2 Fungi Beasts","floor":10,"turns":4},{"damage":13,"enemies":"Gremlin Nob","floor":14,"turns":4},{"damage":35,"enemies":"The Guardian","floor":16,"turns":6}],"seed_played":"-9012925230659618600","potions_obtained":[{"floor":7,"key":"Poison Potion"},{"floor":10,"key":"SmokeBomb"}],"is_trial":false,"path_per_floor":["M","$","?","M","?","E","M","?","T","M","R","?","R","E","R","B"],"character_chosen":"THE_SILENT","items_purchased":["Caltrops"],"campfire_rested":0,"item_purchase_floors":[2],"current_hp_per_floor":[59,59,59,59,48,48,48,48,55,47,47,47,47,34,34,0],"gold":470,"neow_bonus":"THREE_ENEMY_KILL","is_prod":false,"is_daily":false,"chose_seed":false,"campfire_upgraded":3,"win_rate":0,"timestamp":1548459409,"path_taken":["M","$","?","M","?","E","M","?","T","M","R","?","R","E","R","BOSS"],"build_version":"2019-01-23","purchased_purges":0,"victory":false,"max_hp_per_floor":[66,66,60,60,60,60,60,60,67,67,67,67,67,67,67,67],"card_choices":[{"not_picked":["Dodge and Roll","PiercingWail"],"picked":"Deadly Poison","floor":1},{"not_picked":["Blade Dance","Dodge and Roll"],"picked":"Leg Sweep","floor":4},{"not_picked":["Distraction","Prepared"],"picked":"Cloak And Dagger","floor":6},{"not_picked":["Acrobatics","PiercingWail"],"picked":"Flying Knee","floor":7},{"not_picked":["Backflip","Infinite Blades"],"picked":"Dash","floor":10},{"not_picked":["Flechettes","Unload"],"picked":"Blade Dance","floor":14}],"player_experience":1079877,"relics_obtained":[{"floor":6,"key":"Juzu Bracelet"},{"floor":9,"key":"Strawberry"},{"floor":14,"key":"Sundial"}],"event_choices":[{"damage_healed":0,"gold_gain":0,"player_choice":"Lose Max HP","damage_taken":0,"relics_obtained":["Golden Idol"],"max_hp_gain":0,"max_hp_loss":6,"event_name":"Golden Idol","floor":3,"gold_loss":0},{"damage_healed":0,"gold_gain":75,"player_choice":"Gather Gold","damage_taken":11,"max_hp_gain":0,"max_hp_loss":0,"event_name":"World of Goop","floor":5,"gold_loss":0},{"damage_healed":0,"gold_gain":150,"player_choice":"AGREE","damage_taken":0,"max_hp_gain":0,"max_hp_loss":0,"event_name":"Liars Game","floor":8,"gold_loss":0,"cards_obtained":["Doubt"]},{"damage_healed":0,"gold_gain":0,"cards_transformed":["Defend_G"],"player_choice":"Transformed","damage_taken":0,"max_hp_gain":0,"max_hp_loss":0,"event_name":"Transmorgrifier","floor":12,"gold_loss":0,"cards_obtained":["Finisher"]}],"is_beta":true,"boss_relics":[],"items_purged_floors":[],"is_endless":false,"potions_floor_spawned":[7,10],"killed_by":"The Guardian","ascension_level":20}