{"gold_per_floor":[115,115,135,135,135,135,165,165,165,196,31,64,87,12,12,89,89,103,53,53,66,77,77,92,105,105,105,132,132,149,56,56,56],"floor_reached":33,"playtime":792,"items_purged":["Regret","Strike_R","Regret"],"score":612,"play_id":"991137cb-9c8a-4785-88b2-96e9fb5642e0","local_time":"20190417224024","is_ascension_mode":true,"campfire_choices":[{"data":"Bash","floor":6.0,"key":"SMITH"},{"data":"Twin Strike","floor":8.0,"key":"SMITH"},{"floor":15.0,"key":"REST"},{"floor":23.0,"key":"REST"},{"floor":29.0,"key":"REST"},{"floor":32,"key":"REST"}],"neow_cost":"NONE","seed_source_timestamp":0,"circlet_count":0,"master_deck":["AscendersBane","Strike_R","Strike_R+1","Strike_R","Strike_R+1","Defend_R","Defend_R","Defend_R","Defend_R","Bash+1","Twin Strike+1","Flame Barrier","Heavy Blade","Inflame+1","Double Tap","Feed","True Grit","Sword Boomerang"],"special_seed":0,"relics":["Burning Blood","NeowsBlessing","Vajra","Art of War","Bag of Marbles","Red Skull","Smiling Mask","Cursed Key","The Courier","Paper Frog"],"potions_floor_usage":[33,33],"damage_taken":[{"damage":0.0,"enemies":"2 Louse","floor":1.0,"turns":1.0},{"damage":0.0,"enemies":"Cultist","floor":3.0,"turns":1.0},{"damage":0.0,"enemies":"Lagavulin","floor":7.0,"turns":1.0},{"damage":11.0,"enemies":"Gremlin Nob","floor":10.0,"turns":3.0},{"damage":40.0,"enemies":"3 Sentries","floor":12.0,"turns":11.0},{"damage":31.0,"enemies":"Hexaghost","floor":16.0,"turns":8.0},{"damage":23.0,"enemies":"Shell Parasite","floor":18.0,"turns":3.0},{"damage":0.0,"enemies":"Chosen","floor":21.0,"turns":3.0},{"damage":19.0,"enemies":"Snake Plant","floor":22.0,"turns":2.0},{"damage":29.0,"enemies":"Shelled Parasite and Fungi","floor":24.0,"turns":4.0},{"damage":17.0,"enemies":"Centurion and Healer","floor":25.0,"turns":5.0},{"damage":22.0,"enemies":"Slavers","floor":28.0,"turns":5.0},{"damage":11,"enemies":"3 Cultists","floor":30,"turns":5},{"damage":67,"enemies":"Automaton","floor":33,"turns":6}],"seed_played":"-8486317482436465518","potions_obtained":[{"floor":2.0,"key":"Energy Potion"},{"floor":2.0,"key":"FairyPotion"},{"floor":3.0,"key":"Block Potion"},{"floor":7.0,"key":"Fire Potion"},{"floor":18.0,"key":"Strength Potion"},{"floor":21.0,"key":"Dexterity Potion"},{"floor":30,"key":"SneckoOil"}],"is_trial":false,"path_per_floor":["M","?","M","?","?","R","E","R","T","E","$","E","T","$","R","B",null,"M","$","?","M","M","R","M","M","T","?","E","R","M","$","R","B"],"character_chosen":"IRONCLAD","items_purchased":["Flame Barrier","Inflame","SkillPotion"],"campfire_rested":4,"item_purchase_floors":[11,14,31],"current_hp_per_floor":[74,74,75,75,52,52,58,58,58,53,53,19,19,19,41,16,60,43,43,43,49,36,58,38,30,30,30,14,38,36,36,61,0],"gold":56,"neow_bonus":"THREE_ENEMY_KILL","is_prod":false,"is_daily":false,"chose_seed":false,"campfire_upgraded":2,"win_rate":0,"timestamp":1555533624,"path_taken":["M","?","?","?","?","R","E","R","T","E","$","E","?","?","R","BOSS","M","$","?","M","M","R","M","M","T","?","E","R","?","?","R","BOSS"],"build_version":"2019-04-04","purchased_purges":3,"victory":false,"max_hp_per_floor":[75,75,75,75,75,75,75,75,75,75,75,75,75,75,75,75,75,75,75,75,75,75,75,78,81,81,81,81,81,84,84,84,84],"card_choices":[{"not_picked":["Headbutt","Heavy Blade"],"picked":"Twin Strike","floor":1.0},{"not_picked":["Warcry","Disarm","Perfected Strike"],"picked":"SKIP","floor":3.0},{"not_picked":["Metallicize","Blood for Blood","Anger"],"picked":"SKIP","floor":7.0},{"not_picked":["Headbutt","Bloodletting","Cleave"],"picked":"SKIP","floor":10.0},{"not_picked":["Twin Strike","Perfected Strike"],"picked":"Heavy Blade","floor":12.0},{"not_picked":["Juggernaut","Berserk"],"picked":"Double Tap","floor":16.0},{"not_picked":["Dual Wield","Bloodletting","Pommel Strike"],"picked":"SKIP","floor":18.0},{"not_picked":["Havoc","Body Slam"],"picked":"Feed","floor":21.0},{"not_picked":["Spot Weakness","Armaments"],"picked":"True Grit","floor":22.0},{"not_picked":["Pommel Strike","Twin Strike","Heavy Blade"],"picked":"SKIP","floor":24.0},{"not_picked":["Pommel Strike","Anger","Perfected Strike"],"picked":"SKIP","floor":25.0},{"not_picked":["Headbutt","Seeing Red","Second Wind"],"picked":"SKIP","floor":28.0},{"not_picked":["Intimidate","Thunderclap"],"picked":"Sword Boomerang","floor":30}],"player_experience":1395715,"relics_obtained":[{"floor":7.0,"key":"Art of War"},{"floor":10.0,"key":"Bag of Marbles"},{"floor":12.0,"key":"Red Skull"},{"floor":13.0,"key":"Smiling Mask"},{"floor":26.0,"key":"The Courier"},{"floor":28.0,"key":"Paper Frog"}],"event_choices":[{"damage_healed":0.0,"max_hp_gain":0.0,"max_hp_loss":0.0,"gold_gain":0.0,"event_name":"Lab","player_choice":"Got Potions","floor":2.0,"gold_loss":0.0,"damage_taken":0.0},{"damage_healed":0.0,"max_hp_gain":0.0,"max_hp_loss":0.0,"gold_gain":0.0,"event_name":"Big Fish","player_choice":"Box","floor":4.0,"gold_loss":0.0,"damage_taken":0.0,"relics_obtained":["Vajra"],"cards_obtained":["Regret"]},{"damage_healed":0.0,"max_hp_gain":0.0,"max_hp_loss":0.0,"gold_gain":0.0,"event_name":"Shining Light","player_choice":"Entered Light","floor":5.0,"gold_loss":0.0,"damage_taken":23.0,"cards_upgraded":["Strike_R","Strike_R"]},{"damage_healed":0.0,"max_hp_gain":0.0,"max_hp_loss":0.0,"gold_gain":0.0,"event_name":"Ghosts","player_choice":"Ignored","floor":20.0,"gold_loss":0.0,"damage_taken":0.0},{"damage_healed":0.0,"max_hp_gain":0.0,"max_hp_loss":0.0,"gold_gain":0.0,"event_name":"Upgrade Shrine","player_choice":"Upgraded","floor":27.0,"gold_loss":0.0,"damage_taken":0.0,"cards_upgraded":["Inflame"]}],"is_beta":true,"boss_relics":[{"not_picked":["Coffee Dripper","Runic Cube"],"picked":"Cursed Key"}],"items_purged_floors":[11,19,31],"is_endless":false,"potions_floor_spawned":[3,7,18,21,30],"killed_by":"Automaton","ascension_level":20}