{"gold_per_floor":[18,18,36,56,72,72,103,103,103,123,123,123,139,119,119,216,216,233,251,251],"floor_reached":20,"playtime":802,"items_purged":[],"score":176,"play_id":"546c25d2-2ed7-4500-b898-aa8e91aec0ee","local_time":"20190223000243","is_ascension_mode":false,"campfire_choices":[{"data":"Bash","floor":6,"key":"SMITH"},{"floor":8,"key":"REST"},{"data":"Shrug It Off","floor":11,"key":"SMITH"},{"floor":15,"key":"REST"}],"neow_cost":"NO_GOLD","seed_source_timestamp":258922696070500,"circlet_count":0,"master_deck":["Strike_R","Strike_R+1","Strike_R","Strike_R","Strike_R","Defend_R","Defend_R+1","Defend_R","Defend_R","Bash+1","Shrug It Off+1"],"relics":["Burning Blood","Bird Faced Urn","Bag of Marbles","Anchor","White Beast Statue"],"potions_floor_usage":[16,16,19,19,19],"damage_taken":[{"damage":0,"enemies":"Small Slimes","floor":1,"turns":3},{"damage":6,"enemies":"Cultist","floor":3,"turns":3},{"damage":3,"enemies":"Jaw Worm","floor":4,"turns":3},{"damage":21,"enemies":"Lots of Slimes","floor":5,"turns":6},{"damage":39,"enemies":"3 Sentries","floor":7,"turns":11},{"damage":5,"enemies":"Exordium Thugs","floor":10,"turns":5},{"damage":0,"enemies":"Exordium Wildlife","floor":13,"turns":4},{"damage":62,"enemies":"Hexaghost","floor":16,"turns":11},{"damage":36,"enemies":"2 Thieves","floor":18,"turns":5},{"damage":27,"enemies":"Spheric Guardian","floor":19,"turns":8},{"damage":5,"enemies":"Chosen and Byrds","floor":20,"turns":5}],"seed_played":"2440437688659079200","potions_obtained":[{"floor":1,"key":"Fire Potion"},{"floor":10,"key":"FearPotion"},{"floor":13,"key":"Poison Potion"},{"floor":14,"key":"Swift Potion"},{"floor":16,"key":"Weak Potion"},{"floor":18,"key":"SkillPotion"},{"floor":19,"key":"Energy Potion"}],"is_trial":false,"path_per_floor":["M","?","M","M","M","R","E","R","T","M","R","?","M","?","R","B",null,"M","M","M"],"character_chosen":"IRONCLAD","items_purchased":[],"campfire_rested":2,"item_purchase_floors":[],"current_hp_per_floor":[80,85,85,85,70,70,37,62,62,63,63,46,52,52,77,21,85,55,34,29],"gold":251,"neow_bonus":"ONE_RARE_RELIC","is_prod":false,"is_daily":false,"chose_seed":false,"campfire_upgraded":2,"win_rate":0,"timestamp":1550876563,"path_taken":["M","?","M","M","M","R","E","R","T","M","R","?","M","?","R","BOSS","M","?","M"],"build_version":"2019-02-06","purchased_purges":0,"victory":false,"max_hp_per_floor":[80,85,85,85,85,85,85,85,85,85,85,85,85,85,85,85,85,85,85,85],"card_choices":[{"not_picked":["Thunderclap","Body Slam"],"picked":"Shrug It Off","floor":1},{"not_picked":["Power Through","Ghostly Armor","Shockwave"],"picked":"SKIP","floor":3},{"not_picked":["Rupture","Heavy Blade","Fire Breathing"],"picked":"SKIP","floor":4},{"not_picked":["Flex","Perfected Strike","Headbutt"],"picked":"SKIP","floor":5},{"not_picked":["Heavy Blade","Headbutt","Limit Break"],"picked":"SKIP","floor":7},{"not_picked":["Cleave","Rampage","Combust"],"picked":"SKIP","floor":10},{"not_picked":["Thunderclap","Armaments","Hemokinesis"],"picked":"SKIP","floor":13},{"not_picked":["Cleave+1","Clash","Wild Strike+1"],"picked":"SKIP","floor":18},{"not_picked":["Corruption","Searing Blow","Body Slam"],"picked":"SKIP","floor":19}],"player_experience":1173592,"relics_obtained":[{"floor":7,"key":"Bag of Marbles"},{"floor":9,"key":"Anchor"}],"event_choices":[{"damage_healed":0,"gold_gain":0,"player_choice":"Donut","damage_taken":0,"max_hp_gain":5,"max_hp_loss":0,"event_name":"Big Fish","floor":2,"gold_loss":0},{"damage_healed":0,"gold_gain":0,"player_choice":"Entered Light","damage_taken":17,"max_hp_gain":0,"max_hp_loss":0,"event_name":"Shining Light","floor":12,"gold_loss":0,"cards_upgraded":["Strike_R","Defend_R"]},{"damage_healed":0,"gold_gain":0,"player_choice":"Bought 1 Potion","damage_taken":0,"max_hp_gain":0,"max_hp_loss":0,"event_name":"The Woman in Blue","floor":14,"gold_loss":0}],"is_beta":true,"boss_relics":[{"not_picked":["Calling Bell","Runic Pyramid"],"picked":"White Beast Statue"}],"items_purged_floors":[],"is_endless":false,"potions_floor_spawned":[1,10,13,16,18,19],"killed_by":"Chosen and Byrds","ascension_level":0}