{"gold_per_floor":[117,267,90,107,120,120,151,151,151,151,181,199,169,202,202,279,279,297,197,297,317,317,317,343,355,391,403,415,442,454],"floor_reached":30,"playtime":734,"items_purged":["Doubt","Strike_R"],"score":528,"play_id":"141d6875-a44e-47a2-a4c6-aa1a9815cf7f","local_time":"20190428203843","is_ascension_mode":true,"campfire_choices":[{"data":"Bash","floor":6.0,"key":"SMITH"},{"data":"Immolate","floor":8.0,"key":"SMITH"},{"data":"Inflame","floor":10.0,"key":"SMITH"},{"data":"Heavy Blade","floor":15.0,"key":"SMITH"},{"data":"Demon Form","floor":23.0,"key":"SMITH"},{"floor":28.0,"key":"REST"}],"neow_cost":"NONE","seed_source_timestamp":0,"circlet_count":0,"master_deck":["AscendersBane","Strike_R","Defend_R","Defend_R","Defend_R","Bash+1","Immolate+1","Sword Boomerang","Shrug It Off","Inflame+1","Sword Boomerang","Twin Strike","Heavy Blade+1","Double Tap","Demon Form+1","Sentinel+1","Sword Boomerang+1","Battle Trance+1","Pummel","True Grit"],"special_seed":0,"relics":["Burning Blood","Mummified Hand","Omamori","Potion Belt","Bag of Marbles","Astrolabe","Gambling Chip","Mercury Hourglass","MawBank"],"potions_floor_usage":[29,30,30],"damage_taken":[{"damage":7.0,"enemies":"Jaw Worm","floor":1.0,"turns":3.0},{"damage":0.0,"enemies":"Cultist","floor":4.0,"turns":2.0},{"damage":4.0,"enemies":"Small Slimes","floor":5.0,"turns":2.0},{"damage":32.0,"enemies":"Gremlin Nob","floor":7.0,"turns":4.0},{"damage":28.0,"enemies":"3 Sentries","floor":11.0,"turns":3.0},{"damage":1.0,"enemies":"2 Fungi Beasts","floor":12.0,"turns":2.0},{"damage":8.0,"enemies":"Lagavulin","floor":14.0,"turns":4.0},{"damage":28.0,"enemies":"The Guardian","floor":16.0,"turns":8.0},{"damage":2.0,"enemies":"3 Byrds","floor":18.0,"turns":2.0},{"damage":8.0,"enemies":"Colosseum Slavers","floor":20.0,"turns":3.0},{"damage":8.0,"enemies":"Colosseum Nobs","floor":20.0,"turns":3.0},{"damage":14.0,"enemies":"2 Thieves","floor":21.0,"turns":2.0},{"damage":35.0,"enemies":"Gremlin Leader","floor":24.0,"turns":3.0},{"damage":0,"enemies":"Snake Plant","floor":29,"turns":2},{"damage":33,"enemies":"Slavers","floor":30,"turns":2}],"seed_played":"-1473696918481019399","potions_obtained":[{"floor":4.0,"key":"Strength Potion"},{"floor":7.0,"key":"Energy Potion"},{"floor":12.0,"key":"BloodPotion"},{"floor":13.0,"key":"Block Potion"},{"floor":14.0,"key":"Fire Potion"},{"floor":16.0,"key":"LiquidBronze"},{"floor":18.0,"key":"Ancient Potion"},{"floor":20.0,"key":"Ancient Potion"},{"floor":29,"key":"Fire Potion"}],"is_trial":false,"path_per_floor":["M","?","$","M","M","R","E","R","T","R","E","M","?","E","R","B",null,"M","$","?","M","?","R","E","$","T","?","R","M","E"],"character_chosen":"IRONCLAD","items_purchased":["Shrug It Off","Inflame"],"campfire_rested":1,"item_purchase_floors":[3,3],"current_hp_per_floor":[67,67,67,73,75,75,49,49,49,49,27,32,32,37,37,15,60,64,64,60,52,52,52,23,23,23,2,26,32,0],"gold":454,"neow_bonus":"TRANSFORM_CARD","is_prod":false,"is_daily":false,"chose_seed":false,"campfire_upgraded":5,"win_rate":0,"timestamp":1556476723,"path_taken":["M","?","$","M","M","R","E","R","T","R","E","M","?","E","R","BOSS","M","$","?","M","?","R","E","$","T","?","R","M","E"],"build_version":"2019-04-23","purchased_purges":2,"victory":false,"max_hp_per_floor":[75,75,75,75,75,75,75,75,75,75,75,75,75,75,75,75,75,75,75,75,75,75,75,75,75,75,80,80,80,80],"card_choices":[{"not_picked":["Iron Wave","Flex"],"picked":"Sword Boomerang","floor":1.0},{"not_picked":["Rupture","Seeing Red"],"picked":"Sword Boomerang","floor":4.0},{"not_picked":["Anger","Havoc","Exhume"],"picked":"SKIP","floor":5.0},{"not_picked":["Metallicize","Bloodletting"],"picked":"Twin Strike","floor":7.0},{"not_picked":["Cleave","Carnage","Perfected Strike"],"picked":"SKIP","floor":11.0},{"not_picked":["Sword Boomerang","Pommel Strike"],"picked":"Heavy Blade","floor":12.0},{"not_picked":["Clash","Sever Soul"],"picked":"Double Tap","floor":14.0},{"not_picked":["Brutality","Feed"],"picked":"Demon Form","floor":16.0},{"not_picked":["Clothesline","Pommel Strike","Sever Soul"],"picked":"SKIP","floor":18.0},{"not_picked":["Ghostly Armor","Metallicize"],"picked":"Pummel","floor":20.0},{"not_picked":["Twin Strike","Fire Breathing+1","Flex"],"picked":"SKIP","floor":21.0},{"not_picked":["Burning Pact+1","Iron Wave"],"picked":"True Grit","floor":24.0},{"not_picked":["Clash","True Grit","Heavy Blade"],"picked":"SKIP","floor":29}],"player_experience":1421454,"relics_obtained":[{"floor":7.0,"key":"Mummified Hand"},{"floor":9.0,"key":"Omamori"},{"floor":11.0,"key":"Potion Belt"},{"floor":14.0,"key":"Bag of Marbles"},{"floor":20.0,"key":"Gambling Chip"},{"floor":20.0,"key":"Mercury Hourglass"},{"floor":24.0,"key":"MawBank"}],"event_choices":[{"damage_healed":0.0,"max_hp_gain":0.0,"max_hp_loss":0.0,"gold_gain":150.0,"event_name":"Liars Game","player_choice":"AGREE","floor":2.0,"gold_loss":0.0,"damage_taken":0.0,"cards_obtained":["Doubt"]},{"damage_healed":0.0,"max_hp_gain":0.0,"max_hp_loss":0.0,"gold_gain":0.0,"event_name":"The Woman in Blue","player_choice":"Bought 2 Potions","floor":13.0,"gold_loss":0.0,"damage_taken":0.0},{"damage_healed":0.0,"max_hp_gain":0.0,"max_hp_loss":0.0,"gold_gain":0.0,"event_name":"Colosseum","player_choice":"Fight","floor":20.0,"gold_loss":0.0,"damage_taken":0.0},{"damage_healed":0.0,"max_hp_gain":0.0,"max_hp_loss":0.0,"gold_gain":0.0,"event_name":"Colosseum","player_choice":"Fought Nobs","floor":20.0,"gold_loss":0.0,"damage_taken":0.0},{"damage_healed":0.0,"max_hp_gain":0.0,"max_hp_loss":0.0,"gold_gain":0.0,"event_name":"Vampires","player_choice":"Ignored","floor":22.0,"gold_loss":0.0,"damage_taken":0.0},{"damage_healed":0.0,"max_hp_gain":5.0,"max_hp_loss":0.0,"gold_gain":0.0,"event_name":"Forgotten Altar","player_choice":"Shed Blood","floor":27.0,"gold_loss":0.0,"damage_taken":26.0}],"is_beta":true,"boss_relics":[{"not_picked":["Pandora\u0027s Box","Sozu"],"picked":"Astrolabe"}],"items_purged_floors":[3,19],"is_endless":false,"potions_floor_spawned":[4,7,12,14,16,18,20,29],"killed_by":"Slavers","ascension_level":20}