{"gold_per_floor":[114,189,208,208,208,251,275,275,275,308,308,326,349,372,372,463,463,488,413,438,438,463,463,463,482,482,497,547,547],"floor_reached":29,"playtime":850,"items_purged":["Brutality"],"score":524,"play_id":"4a5eb61d-0f47-4dd9-9435-4d5aac74ac18","local_time":"20190406231052","is_ascension_mode":true,"campfire_choices":[{"floor":8.0,"key":"REST"},{"floor":11.0,"key":"REST"},{"data":"Demon Form","floor":15.0,"key":"SMITH"},{"data":"Heavy Blade","floor":23,"key":"SMITH"}],"neow_cost":"NONE","seed_source_timestamp":0,"circlet_count":0,"master_deck":["AscendersBane","Bash","Heavy Blade+1","Shrug It Off+1","Demon Form+1","Shrug It Off","Sword Boomerang","Offering","Exhume","Seeing Red","Feed","Immolate","Combust","Inflame","Offering","Shrug It Off"],"special_seed":0,"relics":["Burning Blood","NeowsBlessing","Golden Idol","Champion Belt","Pocketwatch","Regal Pillow","Pandora\u0027s Box","Enchiridion","Paper Frog"],"potions_floor_usage":[16,27,27],"damage_taken":[{"damage":0.0,"enemies":"Cultist","floor":1.0,"turns":1.0},{"damage":0.0,"enemies":"2 Louse","floor":3.0,"turns":1.0},{"damage":0.0,"enemies":"Lagavulin","floor":6.0,"turns":1.0},{"damage":6.0,"enemies":"Jaw Worm","floor":7.0,"turns":4.0},{"damage":40.0,"enemies":"3 Sentries","floor":10.0,"turns":6.0},{"damage":12.0,"enemies":"Lots of Slimes","floor":12.0,"turns":5.0},{"damage":8.0,"enemies":"3 Louse","floor":13.0,"turns":4.0},{"damage":3.0,"enemies":"Looter","floor":14.0,"turns":4.0},{"damage":28,"enemies":"Hexaghost","floor":16,"turns":8},{"damage":21,"enemies":"3 Byrds","floor":18,"turns":3},{"damage":12,"enemies":"Chosen","floor":20,"turns":4},{"damage":29,"enemies":"Snake Plant","floor":22,"turns":4},{"damage":18,"enemies":"Snecko","floor":25,"turns":2},{"damage":28,"enemies":"Shelled Parasite and Fungi","floor":27,"turns":4},{"damage":19,"enemies":"Centurion and Healer","floor":29,"turns":2}],"seed_played":"-2181779556193849884","potions_obtained":[{"floor":3.0,"key":"PowerPotion"},{"floor":7.0,"key":"EntropicBrew"},{"floor":10.0,"key":"SteroidPotion"},{"floor":18,"key":"Weak Potion"},{"floor":25,"key":"Energy Potion"}],"is_trial":false,"path_per_floor":["M","?","M","?","?","E","M","R","T","E","R","M","M","M","R","B",null,"M","$","M","?","M","R","?","M","T","M","?","M"],"character_chosen":"IRONCLAD","items_purchased":[],"campfire_rested":2,"item_purchase_floors":[],"current_hp_per_floor":[74,63,69,43,20,26,26,48,48,14,51,45,43,46,46,24,62,50,50,44,88,65,65,44,32,32,13,13,0],"gold":547,"neow_bonus":"THREE_ENEMY_KILL","is_prod":false,"is_daily":false,"chose_seed":false,"campfire_upgraded":2,"win_rate":0,"timestamp":1554585052,"path_taken":["M","?","M","?","?","E","M","R","T","E","R","M","M","M","R","BOSS","M","$","M","?","?","R","?","M","T","M","?","M"],"build_version":"2019-04-04","purchased_purges":1,"victory":false,"max_hp_per_floor":[75,75,75,75,75,75,75,75,75,75,75,75,75,75,75,75,75,78,78,78,88,88,88,88,88,88,91,91,91],"card_choices":[{"not_picked":["Flex","Warcry"],"picked":"Heavy Blade","floor":1.0},{"not_picked":["Perfected Strike","Flex"],"picked":"Shrug It Off","floor":3.0},{"not_picked":["Combust","Wild Strike"],"picked":"Demon Form","floor":6.0},{"not_picked":["Corruption","Clash","Armaments"],"picked":"SKIP","floor":7.0},{"not_picked":["Feel No Pain","Havoc","Cleave"],"picked":"SKIP","floor":10.0},{"not_picked":["Warcry","Blood for Blood"],"picked":"Shrug It Off","floor":12.0},{"not_picked":["Cleave","Thunderclap"],"picked":"Sword Boomerang","floor":13.0},{"not_picked":["Pommel Strike","Dual Wield","Wild Strike"],"picked":"SKIP","floor":14.0},{"not_picked":["Fiend Fire","Brutality"],"picked":"Offering","floor":16},{"not_picked":["Spot Weakness","Thunderclap","Headbutt"],"picked":"SKIP","floor":18},{"not_picked":["Battle Trance","Rage"],"picked":"Shrug It Off","floor":20},{"not_picked":["True Grit","Thunderclap","Headbutt"],"picked":"SKIP","floor":22},{"not_picked":["Pommel Strike","Sentinel","Infernal Blade"],"picked":"SKIP","floor":25},{"not_picked":["Second Wind","Perfected Strike","Wild Strike"],"picked":"SKIP","floor":27}],"player_experience":1337145,"relics_obtained":[{"floor":6.0,"key":"Champion Belt"},{"floor":9.0,"key":"Pocketwatch"},{"floor":10.0,"key":"Regal Pillow"},{"floor":24,"key":"Enchiridion"},{"floor":26,"key":"Paper Frog"}],"event_choices":[{"damage_healed":0.0,"max_hp_gain":0.0,"max_hp_loss":0.0,"gold_gain":75.0,"event_name":"World of Goop","player_choice":"Gather Gold","floor":2.0,"gold_loss":0.0,"damage_taken":11.0},{"damage_healed":0.0,"max_hp_gain":0.0,"max_hp_loss":0.0,"gold_gain":0.0,"event_name":"Golden Idol","player_choice":"Take Damage","floor":4.0,"gold_loss":0.0,"damage_taken":26.0,"relics_obtained":["Golden Idol"]},{"damage_healed":0.0,"max_hp_gain":0.0,"max_hp_loss":0.0,"gold_gain":0.0,"event_name":"Shining Light","player_choice":"Entered Light","floor":5.0,"gold_loss":0.0,"damage_taken":23.0,"cards_upgraded":["Shrug It Off","Strike_R"]},{"cards_removed":["Juggernaut"],"damage_healed":34,"gold_gain":0,"player_choice":"Offered Rare","damage_taken":0,"max_hp_gain":10,"max_hp_loss":0,"event_name":"Bonfire Elementals","floor":21,"gold_loss":0},{"damage_healed":0,"gold_gain":0,"player_choice":"Obtained Book","damage_taken":21,"max_hp_gain":0,"max_hp_loss":0,"event_name":"Cursed Tome","floor":24,"gold_loss":0},{"damage_healed":0,"gold_gain":50,"player_choice":"Stole From Cult","damage_taken":0,"max_hp_gain":0,"max_hp_loss":0,"event_name":"Nest","floor":28,"gold_loss":0}],"is_beta":true,"boss_relics":[{"not_picked":["Fusion Hammer","White Beast Statue"],"picked":"Pandora\u0027s Box"}],"items_purged_floors":[19],"is_endless":false,"potions_floor_spawned":[3,7,10,18,20,25],"killed_by":"Centurion and Healer","ascension_level":20}