{"gold_per_floor":[359,359,379,392,151,151,151,151,151,169,169,127,127,140,140,234,234,208,123,123,123,144,144,182,182,182,182,198,198,69,82,82,82],"floor_reached":33,"playtime":1201,"items_purged":["Parasite","Writhe"],"score":506,"play_id":"46e93c06-68e7-4344-850e-8dece6f9b69a","local_time":"20190421192303","is_ascension_mode":true,"campfire_choices":[{"data":"Bash","floor":6.0,"key":"SMITH"},{"data":"Rampage","floor":11.0,"key":"SMITH"},{"data":"Inflame","floor":13.0,"key":"SMITH"},{"data":"Heavy Blade","floor":15.0,"key":"SMITH"},{"floor":23.0,"key":"REST"},{"floor":25.0,"key":"REST"},{"floor":27.0,"key":"REST"},{"floor":32.0,"key":"REST"}],"neow_cost":"CURSE","seed_source_timestamp":0,"circlet_count":0,"master_deck":["AscendersBane","Strike_R+1","Strike_R+1","Strike_R+1","Strike_R+1","Defend_R+1","Defend_R+1","Defend_R+1","Defend_R+1","Bash+1","Rampage+1","True Grit","Shrug It Off","Inflame+1","Heavy Blade+1","Demon Form","Feed","Sword Boomerang","Shrug It Off+1"],"special_seed":0,"relics":["Burning Blood","Lantern","Golden Idol","Champion Belt","Velvet Choker","Pen Nib","Kunai","Oddly Smooth Stone","Centennial Puzzle"],"potions_floor_usage":[],"damage_taken":[{"damage":6.0,"enemies":"Cultist","floor":1.0,"turns":4.0},{"damage":2.0,"enemies":"2 Louse","floor":3.0,"turns":4.0},{"damage":9.0,"enemies":"Jaw Worm","floor":4.0,"turns":4.0},{"damage":1.0,"enemies":"Looter","floor":10.0,"turns":4.0},{"damage":22.0,"enemies":"Exordium Thugs","floor":14.0,"turns":6.0},{"damage":39.0,"enemies":"Slime Boss","floor":16.0,"turns":10.0},{"damage":8.0,"enemies":"2 Thieves","floor":18.0,"turns":4.0},{"damage":27.0,"enemies":"3 Byrds","floor":22.0,"turns":5.0},{"damage":46.0,"enemies":"Slavers","floor":24.0,"turns":6.0},{"damage":8.0,"enemies":"Cultist and Chosen","floor":28.0,"turns":7.0},{"damage":32.0,"enemies":"Shelled Parasite and Fungi","floor":31.0,"turns":6.0},{"damage":60,"enemies":"Automaton","floor":33,"turns":6}],"seed_played":"4424216866654012866","potions_obtained":[{"floor":8.0,"key":"EntropicBrew"},{"floor":8.0,"key":"SmokeBomb"},{"floor":14.0,"key":"SteroidPotion"},{"floor":16.0,"key":"AttackPotion"},{"floor":31.0,"key":"Ancient Potion"}],"is_trial":false,"path_per_floor":["M","$","M","M","$","R","?","?","T","M","R","$","R","M","R","B",null,"M","?","?","?","M","R","E","R","T","R","M","?","$","M","R","B"],"character_chosen":"IRONCLAD","items_purchased":["Lantern","Inflame","Sword Boomerang"],"campfire_rested":4,"item_purchase_floors":[5,12,30],"current_hp_per_floor":[68,68,72,69,69,69,44,44,44,49,49,49,49,33,33,7,56,54,54,54,54,33,54,14,35,35,56,57,57,57,34,57,0],"gold":82,"neow_bonus":"TWO_FIFTY_GOLD","is_prod":false,"is_daily":false,"chose_seed":false,"campfire_upgraded":4,"win_rate":0,"timestamp":1555867383,"path_taken":["M","$","M","M","$","R","?","?","T","?","R","?","R","M","R","BOSS","M","?","?","?","?","R","E","R","T","R","M","?","$","M","R","BOSS"],"build_version":"2019-04-20","purchased_purges":2,"victory":false,"max_hp_per_floor":[75,75,75,75,72,72,72,72,72,72,72,72,72,72,72,72,72,72,72,72,72,72,72,72,72,72,72,75,75,75,78,78,78],"card_choices":[{"not_picked":["Heavy Blade","Intimidate"],"picked":"Rampage","floor":1.0},{"not_picked":["Cleave","Intimidate"],"picked":"True Grit","floor":3.0},{"not_picked":["Thunderclap","Armaments"],"picked":"Shrug It Off","floor":4.0},{"not_picked":["Wild Strike","Clash","Havoc"],"picked":"SKIP","floor":10.0},{"not_picked":["Clash","Body Slam"],"picked":"Heavy Blade","floor":14.0},{"not_picked":["Brutality","Limit Break"],"picked":"Demon Form","floor":16.0},{"not_picked":["Searing Blow","Clash","Heavy Blade+1"],"picked":"SKIP","floor":18.0},{"not_picked":["Ghostly Armor","Havoc","Spot Weakness"],"picked":"SKIP","floor":22.0},{"not_picked":["Cleave","Thunderclap"],"picked":"Feed","floor":24.0},{"not_picked":["Clothesline","Power Through","Anger"],"picked":"SKIP","floor":28.0},{"not_picked":["Ghostly Armor","Flex"],"picked":"Shrug It Off+1","floor":31.0}],"player_experience":1407886,"relics_obtained":[{"floor":9.0,"key":"Champion Belt"},{"floor":24.0,"key":"Kunai"},{"floor":26.0,"key":"Oddly Smooth Stone"}],"event_choices":[{"damage_healed":0.0,"max_hp_gain":0.0,"max_hp_loss":0.0,"gold_gain":0.0,"event_name":"Golden Idol","player_choice":"Take Damage","floor":7.0,"gold_loss":0.0,"damage_taken":25.0,"relics_obtained":["Golden Idol"]},{"damage_healed":0.0,"max_hp_gain":0.0,"max_hp_loss":0.0,"gold_gain":0.0,"event_name":"Lab","player_choice":"Got Potions","floor":8.0,"gold_loss":0.0,"damage_taken":0.0},{"damage_healed":0.0,"max_hp_gain":0.0,"max_hp_loss":0.0,"gold_gain":0.0,"event_name":"Addict","player_choice":"Obtained Relic","floor":19.0,"gold_loss":85.0,"damage_taken":0.0,"relics_obtained":["Pen Nib"]},{"damage_healed":0.0,"max_hp_gain":0.0,"max_hp_loss":0.0,"gold_gain":0.0,"event_name":"Back to Basics","player_choice":"Simplicity","floor":20.0,"gold_loss":0.0,"damage_taken":0.0,"cards_upgraded":["Strike_R","Strike_R","Strike_R","Strike_R","Strike_R","Defend_R","Defend_R","Defend_R","Defend_R"]},{"cards_removed":["Strike_R"],"damage_healed":0.0,"max_hp_gain":0.0,"max_hp_loss":0.0,"gold_gain":0.0,"event_name":"Wheel of Change","player_choice":"Card Removal","floor":21.0,"gold_loss":0.0,"damage_taken":0.0},{"damage_healed":0.0,"max_hp_gain":0.0,"max_hp_loss":0.0,"gold_gain":0.0,"event_name":"The Mausoleum","player_choice":"Opened","floor":29.0,"gold_loss":0.0,"damage_taken":0.0,"relics_obtained":["Centennial Puzzle"],"cards_obtained":["Writhe"]}],"is_beta":true,"boss_relics":[{"not_picked":["Fusion Hammer","Busted Crown"],"picked":"Velvet Choker"}],"items_purged_floors":[5,30],"is_endless":false,"potions_floor_spawned":[14,16,31],"killed_by":"Automaton","ascension_level":20}