{"gold_per_floor":[113,113,131,131,146,146,156,184,184,184],"floor_reached":10,"playtime":197,"items_purged":[],"score":68,"play_id":"a11383b8-f718-45ef-9040-02eb11ab3efb","local_time":"20190314224810","is_ascension_mode":false,"campfire_choices":[{"data":"Strike_R","floor":6,"key":"SMITH"}],"neow_cost":"NONE","seed_source_timestamp":87255916527100,"circlet_count":0,"master_deck":["Strike_R","Strike_R","Strike_R","Strike_R","Strike_R+1","Defend_R","Defend_R","Defend_R","Defend_R","Bash+1","Regret"],"relics":["Burning Blood","Toxic Egg 2","GremlinMask","Calipers","Bird Faced Urn"],"potions_floor_usage":[],"damage_taken":[{"damage":5,"enemies":"Small Slimes","floor":1,"turns":4},{"damage":4,"enemies":"Jaw Worm","floor":3,"turns":3},{"damage":9,"enemies":"Cultist","floor":5,"turns":3},{"damage":21,"enemies":"Blue Slaver","floor":7,"turns":3},{"damage":57,"enemies":"Lagavulin","floor":8,"turns":8},{"damage":0,"enemies":"Exordium Thugs","floor":10,"turns":1}],"seed_played":"2705135669500673973","potions_obtained":[{"floor":1,"key":"Dexterity Potion"}],"is_trial":false,"path_per_floor":["M","?","M","?","M","R","M","E","T","M"],"character_chosen":"IRONCLAD","items_purchased":[],"campfire_rested":0,"item_purchase_floors":[],"current_hp_per_floor":[80,80,80,80,77,77,62,11,11,11],"gold":184,"neow_bonus":"UPGRADE_CARD","is_prod":false,"is_daily":false,"chose_seed":false,"campfire_upgraded":1,"win_rate":0,"timestamp":1552600090,"path_taken":["M","?","M","?","?","R","M","E","T","M"],"build_version":"2019-02-06","purchased_purges":0,"victory":false,"max_hp_per_floor":[80,80,80,80,80,80,80,80,80,80],"card_choices":[{"not_picked":["Sentinel","Clothesline","Headbutt"],"picked":"SKIP","floor":1},{"not_picked":["Thunderclap","Armaments+1","Evolve"],"picked":"SKIP","floor":3},{"not_picked":["Sever Soul","Body Slam","Iron Wave"],"picked":"SKIP","floor":5},{"not_picked":["Headbutt","Havoc+1","Fire Breathing"],"picked":"SKIP","floor":7},{"not_picked":["Second Wind+1","Cleave","Corruption"],"picked":"SKIP","floor":8}],"player_experience":1251606,"relics_obtained":[{"floor":8,"key":"Calipers"},{"floor":9,"key":"Bird Faced Urn"}],"event_choices":[{"damage_healed":0,"gold_gain":0,"player_choice":"Box","damage_taken":0,"relics_obtained":["Toxic Egg 2"],"max_hp_gain":0,"max_hp_loss":0,"event_name":"Big Fish","floor":2,"gold_loss":0,"cards_obtained":["Regret"]},{"damage_healed":0,"gold_gain":0,"player_choice":"Trade","damage_taken":0,"relics_obtained":["GremlinMask"],"max_hp_gain":0,"max_hp_loss":0,"event_name":"FaceTrader","floor":4,"gold_loss":0}],"is_beta":true,"boss_relics":[],"items_purged_floors":[],"is_endless":false,"potions_floor_spawned":[1],"killed_by":"Exordium Thugs","ascension_level":0}