{"path_per_floor":["M","?","M","?","M","E","R","E","T","M","M","E","R","E","R","B",null,"M","M","$","?","M","R","E","M","T","M","$","?"],"character_chosen":"THE_SILENT","items_purchased":["War Paint","Tingsha","Bottled Lightning","PiercingWail"],"gold_per_floor":[117,117,130,130,148,175,175,205,281,291,303,333,333,659,659,737,737,751,762,64,64,76,76,101,121,144,155,51,51,51],"floor_reached":30,"campfire_rested":2,"playtime":1603,"current_hp_per_floor":[59,59,58,58,50,40,40,24,24,24,24,9,28,25,25,22,55,27,15,15,15,15,34,15,13,20,2,2,2,0],"items_purged":["Writhe"],"gold":51,"score":515,"play_id":"baa1b318-1016-4d5b-ba1e-3e6519b517b7","local_time":"20180419000406","is_prod":false,"is_daily":false,"chose_seed":false,"is_ascension_mode":true,"campfire_upgraded":2,"timestamp":1524110646,"path_taken":["M","?","M","?","M","E","R","E","T","?","M","E","R","E","R","BOSS","M","M","$","?","M","R","E","M","T","M","$","?","E"],"build_version":"2018-04-12","seed_source_timestamp":295521702236363,"purchased_purges":1,"victory":false,"master_deck":["Defend_G+1","Defend_G+1","Defend_G+1","Defend_G+1","Defend_G+1","Strike_G+1","Strike_G+1","Strike_G+1","Strike_G+1","Strike_G+1","Survivor","Neutralize+1","AscendersBane","Malaise+1","Dagger Spray","Noxious Fumes+1","Dagger Throw","Choke","Cloak And Dagger","Reflex+1","All Out Attack","Calculated Gamble","Endless Agony","Footwork","Prepared","Footwork","Escape Plan","Glass Knife","Dagger Throw","Infinite Blades","Escape Plan","Escape Plan","Regret","Catalyst","PiercingWail"],"max_hp_per_floor":[66,66,66,66,66,66,66,66,66,66,66,66,66,66,66,66,66,66,66,66,66,66,66,66,66,73,73,73,73,73],"relics":["Orrery","Pen Nib","Gremlin Horn","Tough Bandages","Snake Skull","Old Coin","Cursed Key","War Paint","Tingsha","Bottled Lightning","Smiling Mask","Happy Flower","Strawberry"],"card_choices":[{"not_picked":["Slice","Underhanded Strike"],"picked":"Malaise","floor":0},{"not_picked":["PiercingWail","Acrobatics"],"picked":"Dagger Spray","floor":0},{"not_picked":["Predator","Flying Knee"],"picked":"Noxious Fumes","floor":0},{"not_picked":["Bane","Distraction"],"picked":"Dagger Throw","floor":0},{"not_picked":["Outmaneuver","Underhanded Strike"],"picked":"Choke","floor":0},{"not_picked":["Acrobatics","Underhanded Strike"],"picked":"Cloak And Dagger","floor":1},{"not_picked":["Concentrate","Underhanded Strike"],"picked":"Reflex","floor":3},{"not_picked":["Quick Slash","Flechettes"],"picked":"All Out Attack","floor":5},{"not_picked":["All Out Attack","Expertise"],"picked":"Calculated Gamble","floor":6},{"not_picked":["Unload","Deadly Poison"],"picked":"Endless Agony","floor":8},{"not_picked":["PiercingWail","Leg Sweep"],"picked":"Footwork","floor":10},{"not_picked":["Heel Hook","Outmaneuver"],"picked":"Prepared","floor":11},{"not_picked":["Outmaneuver","Cloak And Dagger"],"picked":"Footwork","floor":12},{"not_picked":["Well Laid Plans","Slice"],"picked":"Escape Plan","floor":14},{"not_picked":["Unload","Burst"],"picked":"Glass Knife","floor":16},{"not_picked":["Slice","Poisoned Stab"],"picked":"Dagger Throw","floor":18},{"not_picked":["Slice","Dodge and Roll"],"picked":"Infinite Blades","floor":19},{"not_picked":["Backstab","Die Die Die"],"picked":"Escape Plan","floor":22},{"not_picked":["Quick Slash","PiercingWail"],"picked":"Escape Plan","floor":25},{"not_picked":["Deflect","Underhanded Strike"],"picked":"Catalyst","floor":27}],"player_experience":901360,"potions_floor_usage":[5,6,8,11,12,19,24,25,27],"damage_taken":[{"damage":0,"enemies":"2 Louse","floor":1,"turns":3},{"damage":1,"enemies":"Jaw Worm","floor":3,"turns":4},{"damage":8,"enemies":"Small Slimes","floor":5,"turns":3},{"damage":22,"enemies":"Lagavulin","floor":6,"turns":7},{"damage":16,"enemies":"3 Sentries","floor":8,"turns":6},{"damage":0,"enemies":"Exordium Thugs","floor":10,"turns":4},{"damage":0,"enemies":"Gremlin Gang","floor":11,"turns":1},{"damage":15,"enemies":"Gremlin Nob","floor":12,"turns":5},{"damage":3,"enemies":"Lagavulin","floor":14,"turns":8},{"damage":3,"enemies":"Hexaghost","floor":16,"turns":9},{"damage":28,"enemies":"3 Byrds","floor":18,"turns":6},{"damage":12,"enemies":"Chosen","floor":19,"turns":3},{"damage":0,"enemies":"Snake Plant","floor":22,"turns":5},{"damage":19,"enemies":"Book of Stabbing","floor":24,"turns":6},{"damage":2,"enemies":"3 Cultists","floor":25,"turns":4},{"damage":18,"enemies":"Cultist and Chosen","floor":27,"turns":6},{"damage":2,"enemies":"Gremlin Leader","floor":30,"turns":4}],"event_choices":[{"event_name":"Living Wall","player_choice":"Grow","floor":2,"damage_taken":0},{"event_name":"The Lab","player_choice":"Got Potions","floor":4,"damage_taken":0},{"event_name":"The Mausoleum","player_choice":"Yes","floor":21,"damage_taken":0},{"event_name":"Back to Basics","player_choice":"Simplicity","floor":29,"damage_taken":0}],"boss_relics":[{"not_picked":["Lizard Tail","Eternal Feather"],"picked":"Cursed Key"}],"potions_floor_spawned":[3,5,6,10,19,22,25],"seed_played":"-2803822558344599353","killed_by":"Gremlin Leader","ascension_level":15,"is_trial":false}