{"gold_per_floor":[119,44,56,56,131,131,147,190,214,229,229,250,27,63,63,63],"floor_reached":16,"playtime":609,"items_purged":[],"score":220,"play_id":"79b21b42-69f6-468b-9d3f-dffb913fbf66","local_time":"20190423001818","is_ascension_mode":true,"campfire_choices":[{"data":"True Grit","floor":6,"key":"SMITH"},{"data":"Armaments","floor":11,"key":"SMITH"},{"data":"Disarm","floor":15,"key":"SMITH"}],"neow_cost":"NONE","seed_source_timestamp":22633477877666,"circlet_count":0,"master_deck":["AscendersBane","Strike_R","Strike_R","Strike_R","Strike_R","Defend_R","Defend_R","Defend_R","Defend_R","Bash+1","True Grit+1","Heavy Blade","Evolve","Cleave","Armaments+1","Clothesline","Disarm+1","Reaper"],"relics":["Burning Blood","Golden Idol","PreservedInsect","Lantern","Strawberry"],"potions_floor_usage":[8,10,12,12,14,16],"damage_taken":[{"damage":1,"enemies":"2 Louse","floor":1,"turns":3},{"damage":10,"enemies":"Small Slimes","floor":3,"turns":5},{"damage":2,"enemies":"Cultist","floor":7,"turns":4},{"damage":32,"enemies":"Gremlin Nob","floor":8,"turns":4},{"damage":0,"enemies":"Lots of Slimes","floor":10,"turns":4},{"damage":23,"enemies":"Gremlin Gang","floor":12,"turns":6},{"damage":4,"enemies":"Lagavulin","floor":14,"turns":5},{"damage":31,"enemies":"Hexaghost","floor":16,"turns":11}],"seed_played":"3722879054829834431","potions_obtained":[{"floor":3,"key":"PowerPotion"},{"floor":7,"key":"Fire Potion"},{"floor":8,"key":"EssenceOfSteel"},{"floor":10,"key":"Regen Potion"}],"is_trial":false,"path_per_floor":["M","?","M","?","?","R","M","E","T","M","R","M","$","E","R","B"],"character_chosen":"IRONCLAD","items_purchased":["Disarm","GamblersBrew","SteroidPotion"],"campfire_rested":0,"item_purchase_floors":[13,13,13],"current_hp_per_floor":[73,73,69,43,32,32,36,10,10,16,16,14,14,23,23,0],"gold":63,"neow_bonus":"UPGRADE_CARD","is_prod":false,"is_daily":false,"chose_seed":false,"campfire_upgraded":3,"win_rate":0,"timestamp":1555993098,"path_taken":["M","?","M","?","?","R","M","E","T","M","R","M","$","E","R","BOSS"],"build_version":"2019-01-23","purchased_purges":0,"victory":false,"max_hp_per_floor":[75,75,75,75,75,75,75,75,75,75,75,75,75,82,82,82],"card_choices":[{"not_picked":["Headbutt","Bloodletting"],"picked":"True Grit","floor":1},{"not_picked":["Ghostly Armor","Infernal Blade"],"picked":"Heavy Blade","floor":3},{"not_picked":["Headbutt","Pommel Strike"],"picked":"Evolve","floor":7},{"not_picked":["True Grit","Anger"],"picked":"Cleave","floor":8},{"not_picked":["Sentinel","True Grit"],"picked":"Armaments","floor":10},{"not_picked":["Ghostly Armor","Pommel Strike"],"picked":"Clothesline","floor":12},{"not_picked":["Intimidate","Rage"],"picked":"Reaper","floor":14}],"player_experience":1877763,"relics_obtained":[{"floor":8,"key":"PreservedInsect"},{"floor":9,"key":"Lantern"},{"floor":14,"key":"Strawberry"}],"event_choices":[{"cards_removed":["Strike_R"],"damage_healed":0,"gold_gain":0,"player_choice":"Card Removal","damage_taken":0,"max_hp_gain":0,"max_hp_loss":0,"event_name":"The Cleric","floor":2,"gold_loss":75},{"damage_healed":0,"gold_gain":0,"player_choice":"Take Damage","damage_taken":26,"relics_obtained":["Golden Idol"],"max_hp_gain":0,"max_hp_loss":0,"event_name":"Golden Idol","floor":4,"gold_loss":0},{"damage_healed":0,"gold_gain":75,"player_choice":"Gather Gold","damage_taken":11,"max_hp_gain":0,"max_hp_loss":0,"event_name":"World of Goop","floor":5,"gold_loss":0}],"is_beta":false,"boss_relics":[],"items_purged_floors":[],"is_endless":false,"potions_floor_spawned":[3,7,8,10],"killed_by":"Hexaghost","ascension_level":20}