{"gold_per_floor":[112,112,187,9,9,34,34,34,81,81,95,122,47,67,67,163,163,163,163,113,113,113,113,113,113,113,113,113,113,113,113,113,113,113,113,113,13,13,13,13,13,13,13,13,13,13,13,13,13,13],"floor_reached":50,"playtime":2954,"items_purged":["Strike_R","Strike_R"],"score":974,"play_id":"edcb1102-87b9-4925-810d-47f80f20fd66","local_time":"20190505155719","is_ascension_mode":true,"campfire_choices":[{"data":"Inflame","floor":8,"key":"SMITH"},{"data":"Cleave","floor":15,"key":"SMITH"},{"data":"Feed","floor":23,"key":"SMITH"},{"data":"Shrug It Off","floor":25,"key":"SMITH"},{"data":"Anger","floor":27,"key":"SMITH"},{"data":"Uppercut","floor":32,"key":"SMITH"},{"data":"Body Slam","floor":40,"key":"SMITH"},{"data":"Battle Trance","floor":44,"key":"SMITH"},{"floor":49,"key":"REST"}],"neow_cost":"NONE","seed_source_timestamp":72026239204887,"circlet_count":0,"master_deck":["Strike_R","Strike_R","Strike_R","Defend_R","Defend_R","Defend_R","Defend_R","Bash+1","True Grit+1","Inflame+1","Anger+1","Shrug It Off+1","Headbutt","Cleave+1","Feed+1","Entrench+1","Uppercut+1","Reaper","Demon Form","Evolve+1","Body Slam+1","Madness","Madness","Brutality","Battle Trance+1","Body Slam+1","True Grit+1"],"relics":["Burning Blood","Red Skull","Oddly Smooth Stone","Happy Flower","Omamori","Pocketwatch","Ectoplasm","Anchor","Pear","Red Mask","Blood Vial","Orrery","NlothsMask","Ornamental Fan","WarpedTongs","Vajra"],"potions_floor_usage":[18,24,30,31,39,47,50,50],"damage_taken":[{"damage":3,"enemies":"Jaw Worm","floor":1,"turns":5},{"damage":32,"enemies":"Gremlin Nob","floor":6,"turns":5},{"damage":6,"enemies":"Small Slimes","floor":11,"turns":3},{"damage":13,"enemies":"Lagavulin","floor":12,"turns":4},{"damage":0,"enemies":"2 Louse","floor":14,"turns":2},{"damage":0,"enemies":"Slime Boss","floor":16,"turns":5},{"damage":6,"enemies":"Spheric Guardian","floor":18,"turns":4},{"damage":16,"enemies":"Shell Parasite","floor":19,"turns":4},{"damage":23,"enemies":"Snake Plant","floor":21,"turns":3},{"damage":17,"enemies":"Shelled Parasite and Fungi","floor":22,"turns":4},{"damage":20,"enemies":"Slavers","floor":24,"turns":4},{"damage":28,"enemies":"Gremlin Leader","floor":28,"turns":5},{"damage":9,"enemies":"Masked Bandits","floor":30,"turns":4},{"damage":8,"enemies":"Slavers","floor":31,"turns":3},{"damage":27,"enemies":"Automaton","floor":33,"turns":8},{"damage":0,"enemies":"Orb Walker","floor":35,"turns":4},{"damage":6,"enemies":"3 Shapes","floor":39,"turns":5},{"damage":49,"enemies":"Sphere and 2 Shapes","floor":41,"turns":7},{"damage":31,"enemies":"Giant Head","floor":42,"turns":8},{"damage":52,"enemies":"Reptomancer","floor":46,"turns":6},{"damage":59,"enemies":"Transient","floor":47,"turns":5},{"damage":64,"enemies":"Awakened One","floor":50,"turns":4}],"seed_played":"3220813793989413758","potions_obtained":[{"floor":1,"key":"PowerPotion"},{"floor":14,"key":"Poison Potion"},{"floor":16,"key":"GamblersBrew"},{"floor":24,"key":"SpeedPotion"},{"floor":28,"key":"EssenceOfSteel"},{"floor":31,"key":"FairyPotion"},{"floor":33,"key":"Swift Potion"},{"floor":39,"key":"Ancient Potion"},{"floor":47,"key":"Explosive Potion"}],"is_trial":false,"path_per_floor":["M","?","?","$","?","E","?","R","T","$","M","E","$","M","R","B",null,"M","M","?","M","M","R","E","R","T","R","E","?","?","E","R","B",null,"M","?","$","?","M","R","M","E","T","R","?","E","M","$","R","B"],"character_chosen":"IRONCLAD","items_purchased":["Oddly Smooth Stone","Inflame"],"campfire_rested":1,"item_purchase_floors":[4,4],"current_hp_per_floor":[75,75,64,64,64,38,38,38,38,38,38,31,31,37,37,43,71,74,67,67,50,42,42,32,32,32,32,20,20,21,49,49,37,90,98,85,85,85,106,106,85,83,83,83,83,39,17,17,51,0],"gold":13,"neow_bonus":"RANDOM_COMMON_RELIC","is_prod":false,"is_daily":false,"chose_seed":false,"campfire_upgraded":8,"win_rate":0,"timestamp":1557068239,"path_taken":["M","?","?","$","?","E","?","R","T","$","?","E","$","M","R","BOSS","M","M","?","?","M","R","E","R","T","R","E","?","?","E","R","BOSS","M","?","$","?","M","R","?","E","T","R","?","E","M","$","R","BOSS"],"build_version":"2019-01-23","purchased_purges":2,"victory":false,"max_hp_per_floor":[80,80,80,80,80,80,80,80,80,80,80,80,80,80,80,80,80,83,86,86,86,89,89,93,93,93,93,103,103,107,107,107,107,107,107,107,107,107,111,111,115,115,115,115,115,115,115,115,115,119],"card_choices":[{"not_picked":["Clash","Havoc"],"picked":"True Grit","floor":1},{"not_picked":["Body Slam","Heavy Blade"],"picked":"Anger","floor":6},{"not_picked":["Bloodletting","Clash"],"picked":"Shrug It Off","floor":11},{"not_picked":["Perfected Strike","Entrench"],"picked":"Headbutt","floor":12},{"not_picked":["Metallicize","Twin Strike"],"picked":"Cleave","floor":14},{"not_picked":["Double Tap","Brutality"],"picked":"Feed","floor":16},{"not_picked":["Heavy Blade","Iron Wave","Wild Strike+1"],"picked":"SKIP","floor":18},{"not_picked":["Clothesline+1","Bloodletting","Wild Strike+1"],"picked":"SKIP","floor":19},{"not_picked":["Perfected Strike","Flex","Wild Strike+1"],"picked":"SKIP","floor":21},{"not_picked":["Anger","Entrench","Flex"],"picked":"SKIP","floor":22},{"not_picked":["Hemokinesis","Thunderclap"],"picked":"Entrench+1","floor":24},{"not_picked":["Fire Breathing+1","Warcry"],"picked":"Uppercut","floor":28},{"not_picked":["Rampage","Sword Boomerang+1"],"picked":"Reaper","floor":30},{"not_picked":["Combust","Anger+1","Barricade"],"picked":"SKIP","floor":31},{"not_picked":["Fiend Fire","Double Tap"],"picked":"Demon Form","floor":33},{"not_picked":["Blood for Blood+1","Warcry+1"],"picked":"Evolve+1","floor":34},{"not_picked":["Whirlwind","Flex"],"picked":"Body Slam","floor":34},{"not_picked":["Pummel","Wild Strike","Cleave"],"picked":"SKIP","floor":35},{"not_picked":["Spot Weakness+1","Pommel Strike"],"picked":"Brutality","floor":39},{"not_picked":["Warcry","Evolve+1"],"picked":"Battle Trance","floor":41},{"not_picked":["Intimidate","Sword Boomerang+1"],"picked":"Body Slam+1","floor":42},{"not_picked":["Searing Blow+1","Spot Weakness+1"],"picked":"True Grit+1","floor":46},{"not_picked":["Anger+1","Iron Wave+1","Combust+1"],"picked":"SKIP","floor":47}],"player_experience":316153,"relics_obtained":[{"floor":6,"key":"Happy Flower"},{"floor":9,"key":"Omamori"},{"floor":12,"key":"Pocketwatch"},{"floor":24,"key":"Anchor"},{"floor":28,"key":"Pear"},{"floor":30,"key":"Red Mask"},{"floor":31,"key":"Blood Vial"},{"floor":42,"key":"Ornamental Fan"},{"floor":46,"key":"Vajra"}],"event_choices":[{"damage_healed":0,"gold_gain":0,"player_choice":"Grow","damage_taken":0,"max_hp_gain":0,"max_hp_loss":0,"event_name":"Living Wall","floor":2,"gold_loss":0,"cards_upgraded":["True Grit"]},{"damage_healed":0,"gold_gain":75,"player_choice":"Gather Gold","damage_taken":11,"max_hp_gain":0,"max_hp_loss":0,"event_name":"World of Goop","floor":3,"gold_loss":0},{"damage_healed":0,"gold_gain":0,"player_choice":"Leave","damage_taken":0,"max_hp_gain":0,"max_hp_loss":0,"event_name":"The Cleric","floor":5,"gold_loss":0},{"damage_healed":0,"gold_gain":0,"player_choice":"Upgraded","damage_taken":0,"max_hp_gain":0,"max_hp_loss":0,"event_name":"Upgrade Shrine","floor":7,"gold_loss":0,"cards_upgraded":["Bash"]},{"damage_healed":0,"gold_gain":0,"player_choice":"Bet on Owner","damage_taken":0,"max_hp_gain":0,"max_hp_loss":0,"event_name":"The Joust","floor":20,"gold_loss":50},{"damage_healed":0,"gold_gain":0,"player_choice":"Smashed Altar","damage_taken":0,"max_hp_gain":0,"max_hp_loss":0,"event_name":"Forgotten Altar","floor":29,"gold_loss":0,"cards_obtained":["Decay"]},{"damage_healed":0,"gold_gain":0,"player_choice":"Fought Bandits","damage_taken":0,"max_hp_gain":0,"max_hp_loss":0,"event_name":"Masked Bandits","floor":30,"gold_loss":0},{"damage_healed":0,"gold_gain":0,"player_choice":"Embrace Madness","damage_taken":13,"max_hp_gain":0,"max_hp_loss":0,"event_name":"Winding Halls","floor":36,"gold_loss":0,"cards_obtained":["Madness","Madness"]},{"damage_healed":0,"gold_gain":0,"player_choice":"Trade","damage_taken":0,"relics_obtained":["NlothsMask"],"max_hp_gain":0,"max_hp_loss":0,"event_name":"FaceTrader","floor":38,"gold_loss":0},{"damage_healed":0,"gold_gain":0,"player_choice":"Rummage","damage_taken":0,"relics_obtained":["WarpedTongs"],"max_hp_gain":0,"max_hp_loss":0,"event_name":"Accursed Blacksmith","floor":45,"gold_loss":0,"cards_obtained":["Pain"]}],"is_beta":false,"boss_relics":[{"not_picked":["Astrolabe","Tiny House"],"picked":"Ectoplasm"},{"not_picked":["Philosopher\u0027s Stone","Runic Dome"],"picked":"Orrery"}],"items_purged_floors":[13,37],"is_endless":false,"potions_floor_spawned":[1,14,16,24,28,31,33,39,47],"killed_by":"Awakened One","ascension_level":9}