{"gold_per_floor":[109,122,122,122,137,167,187,203,228,254,269,299,299,17,17,122,122,134,114,124,136,136,136,51,68,149,164,164,0,29,39,39,144,144,160,170,170,182,182],"floor_reached":39,"playtime":4321,"items_purged":[],"score":640,"play_id":"5fd2fb6a-95e2-4dc6-bda9-1b7fb14e2a77","local_time":"20180705205002","is_ascension_mode":false,"campfire_choices":[{"floor":13,"key":"REST"},{"floor":15,"key":"REST"},{"floor":23,"key":"REST"},{"floor":28,"key":"REST"},{"floor":32,"key":"REST"}],"neow_cost":"","seed_source_timestamp":1974516362627575,"circlet_count":0,"master_deck":["Defend_G","Defend_G","Defend_G","Defend_G","Defend_G","Strike_G","Strike_G","Strike_G","Strike_G","Strike_G","Survivor","Neutralize","Dagger Spray","Choke","Dark Shackles","Slice","Footwork","Underhanded Strike","Deadly Poison","Heel Hook","Endless Agony","Noxious Fumes","Apotheosis","Flying Knee","Bullet Time","Quick Slash+1","Dagger Spray+1","Skewer","Backstab+1","Dodge and Roll","Outmaneuver+1","Infinite Blades","All Out Attack","Distraction","Prepared","Prepared","Die Die Die","Poisoned Stab","Slice","Underhanded Strike+1","Acrobatics"],"relics":["Ring of the Snake","Oddly Smooth Stone","Omamori","Bag of Marbles","Bronze Scales","Runic Dome","Dream Catcher","Bottled Lightning","Orichalcum","Cursed Key","Gambling Chip"],"potions_floor_usage":[10,10,16,21,30,30,30,33,33,37,37],"damage_taken":[{"damage":1,"enemies":"2 Louse","floor":1,"turns":4},{"damage":2,"enemies":"Cultist","floor":2,"turns":4},{"damage":4,"enemies":"Small Slimes","floor":5,"turns":3},{"damage":32,"enemies":"Gremlin Nob","floor":6,"turns":6},{"damage":1,"enemies":"Red Slaver","floor":7,"turns":3},{"damage":12,"enemies":"Blue Slaver","floor":8,"turns":3},{"damage":0,"enemies":"3 Sentries","floor":10,"turns":6},{"damage":4,"enemies":"Looter","floor":11,"turns":2},{"damage":18,"enemies":"Slime Boss","floor":16,"turns":7},{"damage":5,"enemies":"Chosen","floor":18,"turns":5},{"damage":0,"enemies":"Shell Parasite","floor":20,"turns":4},{"damage":0,"enemies":"3 Cultists","floor":21,"turns":4},{"damage":18,"enemies":"Cultist and Chosen","floor":25,"turns":4},{"damage":11,"enemies":"Chosen and Byrds","floor":27,"turns":4},{"damage":0,"enemies":"Book of Stabbing","floor":30,"turns":1},{"damage":0,"enemies":"Centurion and Healer","floor":31,"turns":4},{"damage":41,"enemies":"Collector","floor":33,"turns":8},{"damage":9,"enemies":"Orb Walker","floor":35,"turns":2},{"damage":22,"enemies":"3 Darklings","floor":36,"turns":4},{"damage":17,"floor":37,"turns":4},{"damage":22,"enemies":"Maw","floor":38,"turns":6},{"damage":6,"enemies":"4 Shapes","floor":39,"turns":1}],"seed_played":"-330391754013548222","potions_obtained":[{"floor":2,"key":"FearPotion"},{"floor":5,"key":"Energy Potion"},{"floor":11,"key":"Poison Potion"},{"floor":16,"key":"Explosive Potion"},{"floor":19,"key":"SkillPotion"},{"floor":20,"key":"Fire Potion"},{"floor":30,"key":"SteroidPotion"},{"floor":31,"key":"Dexterity Potion"},{"floor":35,"key":"FearPotion"},{"floor":36,"key":"Explosive Potion"}],"is_trial":false,"path_per_floor":["M","M","?","?","M","E","M","M","T","E","M","?","R","$","R","B",null,"M","?","M","M","?","R","?","M","T","M","R","$","E","M","R","B",null,"M","M","?","M"],"character_chosen":"THE_SILENT","items_purchased":["Apotheosis","Flying Knee","SteroidPotion","Infinite Blades","All Out Attack","SteroidPotion"],"campfire_rested":5,"item_purchase_floors":[14,14,14,29,29,29],"current_hp_per_floor":[69,67,64,64,60,28,27,15,15,15,11,11,32,32,53,35,70,65,65,65,65,52,74,74,56,56,45,67,67,67,67,75,34,75,66,44,27,5,0],"gold":182,"neow_bonus":"","is_prod":false,"is_daily":false,"chose_seed":false,"campfire_upgraded":0,"win_rate":0.0,"timestamp":1530838202,"path_taken":["M","M","?","?","M","E","M","M","T","E","?","?","R","$","R","BOSS","M","?","M","M","?","R","?","M","T","M","R","$","E","M","R","BOSS","M","M","?","M","M"],"build_version":"2018-06-28","purchased_purges":0,"victory":false,"max_hp_per_floor":[70,70,70,70,70,70,70,70,70,70,70,70,70,70,70,70,70,70,70,70,70,75,75,75,75,75,75,75,75,75,75,75,75,75,75,75,75,75,75],"card_choices":[{"not_picked":["Crippling Poison","Dodge and Roll"],"picked":"Dagger Spray","floor":1},{"not_picked":["Poisoned Stab","Reflex"],"picked":"Choke","floor":2},{"not_picked":["Underhanded Strike","Deflect"],"picked":"Footwork","floor":5},{"not_picked":["Sucker Punch","Acrobatics"],"picked":"Underhanded Strike","floor":6},{"not_picked":["Sucker Punch","Choke"],"picked":"Deadly Poison","floor":7},{"not_picked":["Dagger Throw","Crippling Poison"],"picked":"Heel Hook","floor":8},{"not_picked":["Well Laid Plans","Escape Plan"],"picked":"Endless Agony","floor":10},{"not_picked":["Dash","Night Terror"],"picked":"Noxious Fumes","floor":11},{"not_picked":["Unload","Tactician"],"picked":"Bullet Time","floor":16},{"not_picked":["Bouncing Flask","Dagger Throw"],"picked":"Quick Slash+1","floor":18},{"not_picked":["Underhanded Strike+1","PiercingWail"],"picked":"Dagger Spray+1","floor":20},{"not_picked":["Dagger Spray","Poisoned Stab"],"picked":"Skewer","floor":21},{"not_picked":["Reflex+1","Acrobatics"],"picked":"Backstab+1","floor":25},{"not_picked":["Predator","Blade Dance"],"picked":"Dodge and Roll","floor":27},{"not_picked":["Predator","Leg Sweep+1"],"picked":"Outmaneuver+1","floor":28},{"not_picked":["Skewer","Phantasmal Killer"],"picked":"Distraction","floor":30},{"not_picked":["Well Laid Plans","Deadly Poison"],"picked":"Prepared","floor":31},{"not_picked":["Riddle With Holes","Bullet Time"],"picked":"Prepared","floor":32},{"not_picked":["Envenom","A Thousand Cuts"],"picked":"Die Die Die","floor":33},{"not_picked":["Prepared+1","Distraction"],"picked":"Poisoned Stab","floor":35},{"not_picked":["Prepared","Skewer+1"],"picked":"Slice","floor":36},{"not_picked":["Outmaneuver","PiercingWail+1"],"picked":"Underhanded Strike+1","floor":37},{"not_picked":["Malaise+1","Dodge and Roll+1"],"picked":"Acrobatics","floor":38}],"player_experience":14461,"relics_obtained":[{"floor":6,"key":"Omamori"},{"floor":9,"key":"Bag of Marbles"},{"floor":10,"key":"Bronze Scales"},{"floor":26,"key":"Bottled Lightning"},{"floor":30,"key":"Orichalcum"},{"floor":37,"key":"Gambling Chip"}],"event_choices":[{"event_name":"Scrap Ooze","player_choice":"success","floor":3,"damage_taken":3},{"event_name":"Match and Keep!","player_choice":"2 cards matched","floor":4,"damage_taken":0},{"event_name":"Dead Adventurer","player_choice":"Searched \u00271\u0027 times","floor":12,"damage_taken":0},{"event_name":"The Woman in Blue","player_choice":"Bought 1 Potion","floor":19,"damage_taken":0},{"event_name":"Forgotten Altar","player_choice":"Shed Blood","floor":22,"damage_taken":0},{"event_name":"Addict","player_choice":"Obtained Relic","floor":24,"damage_taken":0},{"event_name":"MindBloom","player_choice":"Fight","floor":37,"damage_taken":0}],"boss_relics":[{"not_picked":["Coffee Dripper","White Beast Statue"],"picked":"Runic Dome"},{"not_picked":["Snecko Eye","Sozu"],"picked":"Cursed Key"}],"items_purged_floors":[],"is_endless":false,"potions_floor_spawned":[2,5,11,16,20,30,31,35,36],"killed_by":"4 Shapes","ascension_level":0}