{"gold_per_floor":[111,186,186,186,103,103,143,143,143,161,60,74,74,108,108,204,204,229,243,267,281,281,281,330,365,365,365,403,427,427,450,450,540,540,561,584,180,198,198,198],"floor_reached":40,"playtime":1705,"items_purged":["Strike_R"],"score":899,"play_id":"addbc9d7-bdb7-48b8-ae05-f5319ae0eca6","local_time":"20190506110515","is_ascension_mode":true,"campfire_choices":[{"data":"Carnage","floor":6.0,"key":"SMITH"},{"data":"Disarm","floor":13.0,"key":"SMITH"},{"data":"Armaments","floor":15.0,"key":"SMITH"},{"data":"Battle Trance","floor":23.0,"key":"SMITH"},{"floor":27.0,"key":"REST"},{"data":"Demon Form","floor":30.0,"key":"SMITH"},{"data":"Pummel","floor":32.0,"key":"SMITH"}],"neow_cost":"NONE","seed_source_timestamp":1183464359924785,"circlet_count":0,"master_deck":["AscendersBane","Defend_R","Defend_R","Defend_R","Defend_R","Bash+1","Twin Strike","Carnage+1","Offering","Armaments+1","Shrug It Off","Disarm+1","Feed","Demon Form+1","Pummel+1","Battle Trance+1","Headbutt+1","Bite","Bite","Bite","Bite","Bite","Impervious","Metallicize+1","Immolate","Heavy Blade","Sword Boomerang+1","Corruption","Clothesline+1"],"special_seed":0,"relics":["Burning Blood","NeowsBlessing","Golden Idol","Pear","Lantern","Blue Candle","Sozu","Orichalcum","Sundial","Red Mask","Omamori","Mark of Pain","Molten Egg 2"],"potions_floor_usage":[],"damage_taken":[{"damage":0.0,"enemies":"2 Louse","floor":1.0,"turns":1.0},{"damage":0.0,"enemies":"3 Sentries","floor":7.0,"turns":1.0},{"damage":0.0,"enemies":"Small Slimes","floor":10.0,"turns":2.0},{"damage":0.0,"enemies":"Cultist","floor":12.0,"turns":2.0},{"damage":11.0,"enemies":"Gremlin Nob","floor":14.0,"turns":3.0},{"damage":17.0,"enemies":"The Guardian","floor":16.0,"turns":12.0},{"damage":25.0,"enemies":"Spheric Guardian","floor":18.0,"turns":6.0},{"damage":22.0,"enemies":"Shell Parasite","floor":19.0,"turns":4.0},{"damage":11.0,"enemies":"Snecko","floor":20.0,"turns":4.0},{"damage":13.0,"enemies":"3 Cultists","floor":21.0,"turns":5.0},{"damage":39.0,"enemies":"Book of Stabbing","floor":25.0,"turns":4.0},{"damage":16.0,"enemies":"Masked Bandits","floor":28.0,"turns":6.0},{"damage":28.0,"enemies":"Chosen and Byrds","floor":31.0,"turns":9.0},{"damage":33,"enemies":"Collector","floor":33,"turns":8},{"damage":32,"enemies":"3 Shapes","floor":35,"turns":3},{"damage":11,"enemies":"Orb Walker","floor":36,"turns":4},{"damage":53,"enemies":"Spire Growth","floor":38,"turns":5},{"damage":80,"enemies":"Reptomancer","floor":40,"turns":3}],"seed_played":"-8639731921160162048","potions_obtained":[{"floor":10.0,"key":"Strength Potion"},{"floor":14.0,"key":"Block Potion"},{"floor":16.0,"key":"SteroidPotion"}],"is_trial":false,"path_per_floor":["M","?","?","?","$","R","E","?","T","M","$","M","R","E","R","B",null,"M","M","M","M","?","R","T","E","T","R","?","T","R","M","R","B",null,"M","M","$","M","?","E"],"character_chosen":"IRONCLAD","items_purchased":["Carnage","Shrug It Off","Molten Egg 2","Sword Boomerang+1","Corruption"],"campfire_rested":1,"item_purchase_floors":[5,11,37,37,37],"current_hp_per_floor":[74,63,40,14,14,14,30,30,30,36,36,42,42,37,37,30,74,55,42,37,34,34,34,34,12,12,32,50,50,50,61,61,59,73,55,58,58,31,48,0],"gold":198,"neow_bonus":"THREE_ENEMY_KILL","is_prod":false,"is_daily":false,"chose_seed":false,"campfire_upgraded":6,"win_rate":0,"timestamp":1557155115,"path_taken":["M","?","?","?","$","R","E","?","T","M","$","M","R","E","R","BOSS","M","M","M","?","?","R","?","E","T","R","?","?","R","?","R","BOSS","M","M","$","M","?","E"],"build_version":"2019-01-23","purchased_purges":1,"victory":false,"max_hp_per_floor":[75,75,75,75,75,75,85,85,85,85,85,85,85,85,85,89,89,89,92,92,96,67,67,67,67,67,67,71,71,71,74,74,78,78,81,81,81,84,84,84],"card_choices":[{"not_picked":["Wild Strike","Havoc"],"picked":"Twin Strike","floor":1.0},{"not_picked":["Flame Barrier","Warcry"],"picked":"Offering","floor":7.0},{"not_picked":["Iron Wave","Seeing Red"],"picked":"Armaments","floor":10.0},{"not_picked":["Headbutt","Wild Strike"],"picked":"Disarm","floor":12.0},{"not_picked":["Fire Breathing","Spot Weakness"],"picked":"Feed","floor":14.0},{"not_picked":["Bludgeon","Fiend Fire"],"picked":"Demon Form","floor":16.0},{"not_picked":["Bloodletting","Body Slam"],"picked":"Pummel","floor":18.0},{"not_picked":["True Grit","Sword Boomerang","Warcry"],"picked":"SKIP","floor":19.0},{"not_picked":["Burning Pact","Flex"],"picked":"Battle Trance","floor":20.0},{"not_picked":["Iron Wave","Wild Strike"],"picked":"Headbutt+1","floor":21.0},{"not_picked":["Iron Wave","Armaments"],"picked":"Impervious","floor":25.0},{"not_picked":["Rupture","Thunderclap"],"picked":"Metallicize+1","floor":28.0},{"not_picked":["Rampage","Metallicize","Anger"],"picked":"SKIP","floor":31.0},{"not_picked":["Juggernaut","Bludgeon"],"picked":"Immolate","floor":33},{"not_picked":["Corruption","Iron Wave","Twin Strike"],"picked":"SKIP","floor":35},{"not_picked":["Iron Wave","Rage+1"],"picked":"Heavy Blade","floor":36},{"not_picked":["Pommel Strike+1","Sentinel"],"picked":"Clothesline+1","floor":38}],"player_experience":2399007,"relics_obtained":[{"floor":7.0,"key":"Pear"},{"floor":9.0,"key":"Lantern"},{"floor":14.0,"key":"Blue Candle"},{"floor":25.0,"key":"Orichalcum"},{"floor":26.0,"key":"Sundial"},{"floor":28.0,"key":"Red Mask"},{"floor":29.0,"key":"Omamori"}],"event_choices":[{"damage_healed":0.0,"max_hp_gain":0.0,"max_hp_loss":0.0,"gold_gain":75.0,"event_name":"World of Goop","player_choice":"Gather Gold","floor":2.0,"gold_loss":0.0,"damage_taken":11.0},{"damage_healed":0.0,"max_hp_gain":0.0,"max_hp_loss":0.0,"gold_gain":0.0,"event_name":"Shining Light","player_choice":"Entered Light","floor":3.0,"gold_loss":0.0,"damage_taken":23.0,"cards_upgraded":["Strike_R","Bash"]},{"damage_healed":0.0,"max_hp_gain":0.0,"max_hp_loss":0.0,"gold_gain":0.0,"event_name":"Golden Idol","player_choice":"Take Damage","floor":4.0,"gold_loss":0.0,"damage_taken":26.0,"relics_obtained":["Golden Idol"]},{"cards_removed":["Strike_R"],"damage_healed":0.0,"max_hp_gain":0.0,"max_hp_loss":0.0,"gold_gain":0.0,"event_name":"Purifier","player_choice":"Purged","floor":8.0,"gold_loss":0.0,"damage_taken":0.0},{"damage_healed":0.0,"max_hp_gain":0.0,"max_hp_loss":29.0,"gold_gain":0.0,"event_name":"Vampires","player_choice":"Became a vampire","floor":22.0,"gold_loss":0.0,"damage_taken":0.0,"cards_obtained":["Bite","Bite","Bite","Bite","Bite"]},{"damage_healed":0.0,"max_hp_gain":0.0,"max_hp_loss":0.0,"gold_gain":0.0,"event_name":"Masked Bandits","player_choice":"Fought Bandits","floor":28.0,"gold_loss":0.0,"damage_taken":0.0},{"damage_healed":17,"gold_gain":0,"player_choice":"Writhe","damage_taken":0,"max_hp_gain":0,"max_hp_loss":0,"event_name":"Winding Halls","floor":39,"gold_loss":0,"cards_obtained":["Writhe"]}],"is_beta":false,"boss_relics":[{"not_picked":["Coffee Dripper","Orrery"],"picked":"Sozu"},{"not_picked":["Lizard Tail","Tiny House"],"picked":"Mark of Pain"}],"items_purged_floors":[11],"is_endless":false,"potions_floor_spawned":[10,14,16,20,21,31,33],"killed_by":"Reptomancer","ascension_level":20}