{"gold_per_floor":[109,109,109,120,140,140,155,183,264,264],"floor_reached":10,"playtime":186,"items_purged":[],"score":133,"play_id":"97680d95-36fb-4cbf-9b77-048151246c15","local_time":"20190201132450","is_ascension_mode":true,"campfire_choices":[{"data":"Bash","floor":6,"key":"SMITH"}],"neow_cost":"NONE","seed_source_timestamp":188252626291978,"circlet_count":0,"master_deck":["AscendersBane","Strike_R","Strike_R","Strike_R","Strike_R","Defend_R","Defend_R","Defend_R","Defend_R","Bash+1","Whirlwind+1","Clothesline","Reaper","Twin Strike","Iron Wave","Clothesline"],"relics":["Burning Blood","Ice Cream"],"potions_floor_usage":[],"damage_taken":[{"damage":11,"enemies":"Jaw Worm","floor":1,"turns":4},{"damage":19,"enemies":"Small Slimes","floor":4,"turns":3},{"damage":1,"enemies":"Cultist","floor":5,"turns":3},{"damage":39,"enemies":"Gremlin Gang","floor":7,"turns":3},{"damage":25,"enemies":"3 Sentries","floor":8,"turns":6},{"damage":13,"enemies":"Blue Slaver","floor":10,"turns":2}],"seed_played":"-302940825875950387","potions_obtained":[{"floor":4,"key":"Dexterity Potion"},{"floor":8,"key":"SpeedPotion"}],"is_trial":false,"path_per_floor":["M","?","?","M","M","R","M","E","T","M"],"character_chosen":"IRONCLAD","items_purchased":[],"campfire_rested":0,"item_purchase_floors":[],"current_hp_per_floor":[63,56,56,43,48,48,31,12,12,0],"gold":264,"neow_bonus":"THREE_CARDS","is_prod":false,"is_daily":false,"chose_seed":false,"campfire_upgraded":1,"win_rate":0,"timestamp":1549052690,"path_taken":["M","?","?","M","M","R","?","E","T","M"],"build_version":"2019-01-23","purchased_purges":0,"victory":false,"max_hp_per_floor":[75,75,75,75,75,75,75,75,75,75],"card_choices":[{"not_picked":["Heavy Blade","Twin Strike"],"picked":"Whirlwind","floor":0},{"not_picked":["Heavy Blade","Infernal Blade"],"picked":"Clothesline","floor":1},{"not_picked":["Clash","Iron Wave"],"picked":"Reaper","floor":4},{"not_picked":["Flex","Carnage"],"picked":"Twin Strike","floor":5},{"not_picked":["Anger","Fire Breathing"],"picked":"Iron Wave","floor":7},{"not_picked":["Thunderclap","Barricade"],"picked":"Clothesline","floor":8}],"player_experience":1058673,"relics_obtained":[{"floor":8,"key":"Ice Cream"}],"event_choices":[{"cards_removed":["Strike_R"],"damage_healed":0,"gold_gain":0,"player_choice":"Card Removal","damage_taken":7,"max_hp_gain":0,"max_hp_loss":0,"event_name":"Golden Wing","floor":2,"gold_loss":0},{"damage_healed":0,"gold_gain":0,"player_choice":"Upgraded","damage_taken":0,"max_hp_gain":0,"max_hp_loss":0,"event_name":"Upgrade Shrine","floor":3,"gold_loss":0,"cards_upgraded":["Whirlwind"]}],"is_beta":true,"boss_relics":[],"items_purged_floors":[],"is_endless":false,"potions_floor_spawned":[4,8],"killed_by":"Blue Slaver","ascension_level":19}