{"gold_per_floor":[117,267,21,21,21,21,54,54,54,54,80,121,134,26,26,119,119,132,132,153,172,212,212,245,259,282,282,323,323,323,8,8,97,97,112,112,112,445,116,116,143,159,210,210,101,112,112,144,144,144],"floor_reached":50,"playtime":2743,"items_purged":["Doubt"],"score":1180,"play_id":"212663b8-19ee-4af3-9935-823345c8de01","local_time":"20190501125643","is_ascension_mode":true,"campfire_choices":[{"data":"Skewer","floor":6.0,"key":"SMITH"},{"data":"Dagger Spray","floor":8.0,"key":"SMITH"},{"data":"Noxious Fumes","floor":15.0,"key":"SMITH"},{"floor":23.0,"key":"REST"},{"floor":27.0,"key":"REST"},{"floor":29.0,"key":"REST"},{"floor":32.0,"key":"REST"},{"floor":40.0,"key":"RECALL"},{"floor":44.0,"key":"REST"},{"floor":49.0,"key":"REST"}],"neow_cost":"NONE","seed_source_timestamp":0,"circlet_count":0,"master_deck":["AscendersBane","Defend_G","Defend_G","Defend_G+1","Defend_G","Defend_G","Strike_G","Strike_G","Strike_G","Strike_G","Strike_G","Survivor","Neutralize","Skewer+1","Dagger Spray+1","Dagger Throw","After Image","Dash","Noxious Fumes+1","Deadly Poison","Envenom","Backstab","Deadly Poison+1","Acrobatics+1","Footwork","Deflect+1","PiercingWail","Glass Knife","Finisher","Madness","Madness","Deflect+1","Acrobatics","Backflip","Night Terror"],"special_seed":0,"relics":["Ring of the Snake","NeowsBlessing","Vajra","Calipers","Kunai","Bird Faced Urn","Odd Mushroom","Bag of Preparation","Fusion Hammer","Red Mask","Snake Skull","Potion Belt","War Paint","Pear","Lizard Tail","Pen Nib","Omamori","Thread and Needle"],"potions_floor_usage":[50,50],"damage_taken":[{"damage":0.0,"enemies":"Small Slimes","floor":1.0,"turns":1.0},{"damage":0.0,"enemies":"Gremlin Nob","floor":7.0,"turns":1.0},{"damage":0.0,"enemies":"The Mushroom Lair","floor":11.0,"turns":1.0},{"damage":28.0,"enemies":"Lagavulin","floor":12.0,"turns":5.0},{"damage":0.0,"enemies":"Jaw Worm","floor":13.0,"turns":3.0},{"damage":2.0,"enemies":"Hexaghost","floor":16.0,"turns":9.0},{"damage":23.0,"enemies":"2 Thieves","floor":18.0,"turns":3.0},{"damage":0.0,"enemies":"Chosen","floor":20.0,"turns":3.0},{"damage":34.0,"enemies":"Snake Plant","floor":21.0,"turns":4.0},{"damage":7.0,"enemies":"Masked Bandits","floor":22.0,"turns":3.0},{"damage":20.0,"enemies":"Gremlin Leader","floor":24.0,"turns":5.0},{"damage":19.0,"enemies":"Sentry and Sphere","floor":25.0,"turns":5.0},{"damage":33.0,"enemies":"Slavers","floor":28.0,"turns":5.0},{"damage":0.0,"enemies":"Shelled Parasite and Fungi","floor":30.0,"turns":1.0},{"damage":43.0,"enemies":"Automaton","floor":33.0,"turns":8.0},{"damage":2.0,"enemies":"3 Shapes","floor":35.0,"turns":8.0},{"damage":25.0,"enemies":"Reptomancer","floor":41.0,"turns":7.0},{"damage":0.0,"enemies":"Orb Walker","floor":42.0,"turns":3.0},{"damage":16.0,"enemies":"Writhing Mass","floor":46.0,"turns":7.0},{"damage":80.0,"enemies":"Giant Head","floor":48.0,"turns":7.0},{"damage":100,"enemies":"Awakened One","floor":50,"turns":14}],"seed_played":"5227282315045660052","potions_obtained":[{"floor":12.0,"key":"Dexterity Potion"},{"floor":16.0,"key":"LiquidBronze"},{"floor":20.0,"key":"Explosive Potion"},{"floor":25.0,"key":"Swift Potion"},{"floor":28.0,"key":"SmokeBomb"},{"floor":33.0,"key":"Fire Potion"},{"floor":41.0,"key":"SkillPotion"},{"floor":46.0,"key":"Regen Potion"},{"floor":48.0,"key":"Explosive Potion"}],"is_trial":false,"path_per_floor":["M","?","$","?","$","R","E","R","T","T","?","E","M","$","R","B",null,"M","?","M","M","?","R","E","M","T","R","E","R","M","$","R","B",null,"M","?","?","?","$","R","E","M","T","R","$","M","$","E","R","B"],"character_chosen":"THE_SILENT","items_purchased":["Vajra","Noxious Fumes","Deadly Poison","Pear","Weak Potion","Pen Nib","FearPotion","AttackPotion","SpeedPotion","SteroidPotion","Backflip"],"campfire_rested":6,"item_purchase_floors":[3,14,14,31,31,39,39,39,39,45,45],"current_hp_per_floor":[59,59,59,36,36,36,36,36,36,36,36,8,10,10,10,12,53,34,66,66,38,33,52,38,27,27,46,21,40,42,52,74,33,65,71,57,57,57,57,57,40,46,46,68,68,60,60,3,25,0],"gold":144,"neow_bonus":"THREE_ENEMY_KILL","is_prod":false,"is_daily":false,"chose_seed":false,"campfire_upgraded":3,"win_rate":0,"timestamp":1556729803,"path_taken":["M","?","$","?","?","R","E","R","T","?","?","E","M","$","R","BOSS","M","?","?","M","?","R","E","M","T","R","E","R","M","?","R","BOSS","M","?","?","?","$","R","E","M","T","R","$","M","?","E","R","BOSS"],"build_version":"2019-01-23","purchased_purges":1,"victory":false,"max_hp_per_floor":[66,66,66,66,66,66,66,66,66,66,66,66,66,66,66,66,66,66,66,66,66,66,66,66,66,66,66,66,66,66,76,76,76,76,76,76,76,76,76,76,76,76,76,76,76,76,76,76,76,76],"card_choices":[{"not_picked":["Poisoned Stab","Flying Knee"],"picked":"Skewer","floor":1.0},{"not_picked":["Venomology","Envenom"],"picked":"Dagger Spray","floor":7.0},{"not_picked":["Finisher","Quick Slash"],"picked":"Dagger Throw","floor":11.0},{"not_picked":["Blade Dance","Dash"],"picked":"After Image","floor":12.0},{"not_picked":["Escape Plan","Leg Sweep"],"picked":"Dash","floor":13.0},{"not_picked":["Tools of the Trade","Doppelganger"],"picked":"Envenom","floor":16.0},{"not_picked":["Flying Knee","Slice"],"picked":"Backstab","floor":18.0},{"not_picked":["Dash","Acrobatics"],"picked":"Deadly Poison+1","floor":20.0},{"not_picked":["Deflect","Sucker Punch"],"picked":"Acrobatics","floor":21.0},{"not_picked":["Prepared","Deadly Poison+1"],"picked":"Footwork","floor":24.0},{"not_picked":["Quick Slash","Prepared"],"picked":"Deflect+1","floor":25.0},{"not_picked":["Slice","Tools of the Trade"],"picked":"PiercingWail","floor":28.0},{"not_picked":["Tools of the Trade","Storm of Steel"],"picked":"Glass Knife","floor":33.0},{"not_picked":["Endless Agony","Dagger Throw"],"picked":"Finisher","floor":35.0},{"not_picked":["Flechettes","Blade Dance"],"picked":"Deflect+1","floor":41.0},{"not_picked":["Deadly Poison","Slice","Acrobatics"],"picked":"SKIP","floor":42.0},{"not_picked":["Deadly Poison","Slice"],"picked":"Acrobatics","floor":42.0},{"not_picked":["Deadly Poison","Quick Slash","Deflect"],"picked":"SKIP","floor":46.0},{"not_picked":["Envenom","Blade Dance+1"],"picked":"Night Terror","floor":48.0}],"player_experience":2207536,"relics_obtained":[{"floor":7.0,"key":"Calipers"},{"floor":9.0,"key":"Kunai"},{"floor":10.0,"key":"Bird Faced Urn"},{"floor":11.0,"key":"Odd Mushroom"},{"floor":12.0,"key":"Bag of Preparation"},{"floor":22.0,"key":"Red Mask"},{"floor":24.0,"key":"Snake Skull"},{"floor":26.0,"key":"Potion Belt"},{"floor":28.0,"key":"War Paint"},{"floor":41.0,"key":"Omamori"},{"floor":48.0,"key":"Thread and Needle"}],"event_choices":[{"damage_healed":0.0,"max_hp_gain":0.0,"max_hp_loss":0.0,"gold_gain":150.0,"event_name":"Liars Game","player_choice":"AGREE","floor":2.0,"gold_loss":0.0,"damage_taken":0.0,"cards_obtained":["Doubt"]},{"damage_healed":0.0,"max_hp_gain":0.0,"max_hp_loss":0.0,"gold_gain":0.0,"event_name":"Golden Idol","player_choice":"Take Damage","floor":4.0,"gold_loss":0.0,"damage_taken":23.0,"relics_obtained":["Golden Idol"]},{"damage_healed":0.0,"max_hp_gain":0.0,"max_hp_loss":0.0,"gold_gain":0.0,"event_name":"Mushrooms","player_choice":"Fought Mushrooms","floor":11.0,"gold_loss":0.0,"damage_taken":0.0},{"damage_healed":32.0,"max_hp_gain":0.0,"max_hp_loss":0.0,"gold_gain":0.0,"event_name":"Wheel of Change","player_choice":"Full Heal","floor":19.0,"gold_loss":0.0,"damage_taken":0.0},{"damage_healed":0.0,"max_hp_gain":0.0,"max_hp_loss":0.0,"gold_gain":0.0,"event_name":"Masked Bandits","player_choice":"Fought Bandits","floor":22.0,"gold_loss":0.0,"damage_taken":0.0},{"damage_healed":0.0,"max_hp_gain":0.0,"max_hp_loss":0.0,"gold_gain":0.0,"event_name":"Winding Halls","player_choice":"Embrace Madness","floor":36.0,"gold_loss":0.0,"damage_taken":14.0,"cards_obtained":["Madness","Madness"]},{"damage_healed":0.0,"max_hp_gain":0.0,"max_hp_loss":0.0,"gold_gain":0.0,"event_name":"Mysterious Sphere","player_choice":"Ignored","floor":37.0,"gold_loss":0.0,"damage_taken":0.0},{"damage_healed":0.0,"max_hp_gain":0.0,"max_hp_loss":0.0,"gold_gain":333.0,"event_name":"The Moai Head","player_choice":"Gave Idol","floor":38.0,"relics_lost":["Golden Idol"],"gold_loss":0.0,"damage_taken":0.0}],"is_beta":false,"boss_relics":[{"not_picked":["White Beast Statue","Eternal Feather"],"picked":"Fusion Hammer"},{"not_picked":["Sozu","Pandora\u0027s Box"],"picked":"Lizard Tail"}],"items_purged_floors":[3],"is_endless":false,"potions_floor_spawned":[12,16,20,25,28,30,33,41,46,48],"killed_by":"Awakened One","ascension_level":20}