{"gold_per_floor":[116,134,134,151,151,151,179,199,225,257,257,268,295,52,52,126,126,138,138,49,123,48,48,65,65,90,132,144,156,178,209,221,312,324,346,358,425,6,6,6,19,19,19,47,57,72,92,105,105,105,105,105,105,24,57,57],"floor_reached":57,"playtime":2962,"items_purged":["Strike_B","Defend_B"],"score":2615,"play_id":"4f07aabc-12ba-49fe-842a-f3b9d500fdb2","local_time":"20190511163925","is_ascension_mode":true,"campfire_choices":[{"data":"Defragment","floor":6.0,"key":"SMITH"},{"data":"Zap","floor":11.0,"key":"SMITH"},{"data":"Recycle","floor":15.0,"key":"SMITH"},{"data":"Blizzard","floor":23.0,"key":"SMITH"},{"data":"Fusion","floor":25.0,"key":"SMITH"},{"data":"Heatsinks","floor":29.0,"key":"SMITH"},{"data":"Coolheaded","floor":32.0,"key":"SMITH"},{"data":"Coolheaded","floor":40.0,"key":"SMITH"},{"data":"Heatsinks","floor":42.0,"key":"SMITH"},{"floor":49.0,"key":"RECALL"},{"data":"Loop","floor":53,"key":"SMITH"}],"neow_cost":"NONE","seed_source_timestamp":0,"circlet_count":0,"master_deck":["AscendersBane","Defend_B","Defend_B","Defend_B+1","Zap+1","Dualcast+1","Defragment+1","Compile Driver","BootSequence","Coolheaded+1","Recycle+1","Creative AI","Turbo","Heatsinks+1","Core Surge","Blizzard+1","Fusion+1","Tempest","Glacier","Multi-Cast","Hologram","Defragment","All For One","Coolheaded+1","Heatsinks+1","Meteor Strike","Loop+1","Seek","Double Energy","Go for the Eyes","Capacitor"],"special_seed":0,"relics":["Cracked Core","Boot","War Paint","Omamori","DataDisk","Potion Belt","Question Card","Nuclear Battery","Cables","MawBank","Dream Catcher","WarpedTongs","Runic Pyramid","Letter Opener","Ice Cream","Mummified Hand","Pear"],"potions_floor_usage":[],"damage_taken":[{"damage":0.0,"enemies":"Small Slimes","floor":1.0,"turns":3.0},{"damage":7.0,"enemies":"Jaw Worm","floor":2.0,"turns":4.0},{"damage":0.0,"enemies":"2 Louse","floor":4.0,"turns":2.0},{"damage":30.0,"enemies":"3 Sentries","floor":7.0,"turns":8.0},{"damage":6.0,"enemies":"Exordium Thugs","floor":8.0,"turns":4.0},{"damage":8.0,"enemies":"Gremlin Nob","floor":10.0,"turns":3.0},{"damage":5.0,"enemies":"Looter","floor":12.0,"turns":4.0},{"damage":1.0,"enemies":"Lagavulin","floor":13.0,"turns":9.0},{"damage":12.0,"enemies":"Hexaghost","floor":16.0,"turns":8.0},{"damage":18.0,"enemies":"Shell Parasite","floor":18.0,"turns":6.0},{"damage":0.0,"enemies":"Spheric Guardian","floor":24.0,"turns":4.0},{"damage":8.0,"enemies":"Gremlin Leader","floor":27.0,"turns":6.0},{"damage":11.0,"enemies":"3 Cultists","floor":30.0,"turns":4.0},{"damage":0.0,"enemies":"Chosen and Byrds","floor":31.0,"turns":6.0},{"damage":12.0,"enemies":"Collector","floor":33.0,"turns":10.0},{"damage":0.0,"enemies":"Orb Walker","floor":35.0,"turns":4.0},{"damage":36.0,"enemies":"2 Orb Walkers","floor":37.0,"turns":7.0},{"damage":0.0,"enemies":"3 Darklings","floor":41.0,"turns":7.0},{"damage":5.0,"enemies":"Reptomancer","floor":44.0,"turns":9.0},{"damage":4.0,"enemies":"Sphere and 2 Shapes","floor":45.0,"turns":3.0},{"damage":1.0,"enemies":"Jaw Worm Horde","floor":46.0,"turns":2.0},{"damage":4.0,"enemies":"3 Darklings","floor":47.0,"turns":2.0},{"damage":0.0,"enemies":"Writhing Mass","floor":48.0,"turns":2.0},{"damage":5.0,"enemies":"Awakened One","floor":50.0,"turns":8.0},{"damage":11,"enemies":"Time Eater","floor":51,"turns":6},{"damage":8,"enemies":"Shield and Spear","floor":55,"turns":3},{"damage":6,"enemies":"The Heart","floor":56,"turns":8}],"seed_played":"5420179371257627544","potions_obtained":[{"floor":4.0,"key":"Strength Potion"},{"floor":7.0,"key":"AttackPotion"},{"floor":8.0,"key":"EssenceOfSteel"},{"floor":13.0,"key":"Dexterity Potion"},{"floor":24.0,"key":"Energy Potion"},{"floor":27.0,"key":"Swift Potion"},{"floor":31.0,"key":"FocusPotion"},{"floor":37.0,"key":"Weak Potion"},{"floor":48.0,"key":"Weak Potion"}],"is_trial":false,"path_per_floor":["M","M","?","M","?","R","E","M","T","E","R","M","E","$","R","B",null,"M","?","$","T","?","R","M","R","T","E","?","R","M","M","R","B",null,"M","T","?","$","?","R","M","R","T","E","M","M","M","M","R","B","B",null,"R","$","E","B",null],"character_chosen":"DEFECT","items_purchased":["Heatsinks","Regen Potion","Blizzard","Defragment","All For One","Coolheaded","Regen Potion","SkillPotion","Go for the Eyes"],"campfire_rested":0,"item_purchase_floors":[14,14,20,38,38,38,38,54,54],"current_hp_per_floor":[64,57,57,57,52,52,22,16,16,8,8,3,2,2,2,5,55,37,37,37,37,37,37,37,37,37,29,29,29,18,18,18,6,55,55,55,19,19,19,19,34,34,34,29,25,24,20,20,20,15,4,54,54,54,56,50],"gold":57,"neow_bonus":"RANDOM_COMMON_RELIC","is_prod":false,"is_daily":false,"chose_seed":false,"campfire_upgraded":10,"win_rate":0,"timestamp":1557563965,"path_taken":["M","M","?","M","?","R","E","M","T","E","R","M","E","$","R","BOSS","M","?","$","?","?","R","M","R","T","E","?","R","M","M","R","BOSS","M","?","?","$","?","R","M","R","T","E","M","?","?","M","R","BOSS","BOSS","R","$","E","BOSS"],"build_version":"2019-01-23","purchased_purges":2,"victory":true,"max_hp_per_floor":[71,71,71,71,71,71,71,71,71,71,71,71,71,71,71,71,71,71,71,71,71,71,71,71,71,71,71,71,71,71,71,71,71,71,71,71,71,71,71,71,71,71,71,71,71,71,71,71,71,71,71,71,71,71,81,81],"card_choices":[{"not_picked":["Gash","Streamline","Go for the Eyes"],"picked":"SKIP","floor":1.0},{"not_picked":["Go for the Eyes","Beam Cell"],"picked":"Defragment","floor":2.0},{"not_picked":["Aggregate","Go for the Eyes"],"picked":"BootSequence","floor":4.0},{"not_picked":["Cold Snap","Redo"],"picked":"Coolheaded","floor":7.0},{"not_picked":["Compile Driver","Rip and Tear"],"picked":"Recycle","floor":8.0},{"not_picked":["Lockon","Blizzard","Genetic Algorithm"],"picked":"SKIP","floor":10.0},{"not_picked":["Turbo","Double Energy"],"picked":"Creative AI","floor":12.0},{"not_picked":["Hologram","Undo"],"picked":"Turbo","floor":13.0},{"not_picked":["Reboot","All For One","Creative AI"],"picked":"Core Surge","floor":16.0},{"not_picked":["Rebound+1","Steam","Turbo","Streamline"],"picked":"SKIP","floor":18.0},{"not_picked":["Go for the Eyes","Ball Lightning","Rebound"],"picked":"Fusion","floor":24.0},{"not_picked":["Go for the Eyes","Compile Driver","Buffer"],"picked":"Tempest","floor":27.0},{"not_picked":["Cold Snap+1","Compile Driver","Rebound"],"picked":"Glacier","floor":30.0},{"not_picked":["Turbo","Go for the Eyes","Steam","Scrape"],"picked":"SKIP","floor":31.0},{"not_picked":["Rainbow","Amplify","Creative AI"],"picked":"Multi-Cast","floor":33.0},{"not_picked":["Cold Snap+1","Genetic Algorithm","Compile Driver"],"picked":"Hologram","floor":35.0},{"not_picked":["Blizzard","Sunder","Chill+1"],"picked":"Heatsinks","floor":41.0},{"not_picked":["Ball Lightning","Compile Driver","Sweeping Beam"],"picked":"Meteor Strike","floor":44.0},{"not_picked":["Hologram","Defragment","Turbo"],"picked":"Loop","floor":45.0},{"not_picked":["Ball Lightning","Barrage","Genetic Algorithm"],"picked":"Seek","floor":46.0},{"not_picked":["Stack","Rebound","Go for the Eyes","Ball Lightning+1"],"picked":"SKIP","floor":47.0},{"not_picked":["Steam","Rebound","BootSequence"],"picked":"Double Energy","floor":48.0},{"not_picked":["Darkness","Reinforced Body","Lockon"],"picked":"Capacitor","floor":55}],"player_experience":1613256,"relics_obtained":[{"floor":7.0,"key":"Omamori"},{"floor":9.0,"key":"DataDisk"},{"floor":10.0,"key":"Potion Belt"},{"floor":13.0,"key":"Question Card"},{"floor":21.0,"key":"Cables"},{"floor":26.0,"key":"MawBank"},{"floor":27.0,"key":"Dream Catcher"},{"floor":36.0,"key":"Letter Opener"},{"floor":37.0,"key":"Ice Cream"},{"floor":44.0,"key":"Mummified Hand"},{"floor":55,"key":"Pear"}],"event_choices":[{"damage_healed":0.0,"max_hp_gain":0.0,"max_hp_loss":0.0,"gold_gain":0.0,"cards_transformed":["Strike_B"],"event_name":"Living Wall","player_choice":"Change","floor":3.0,"gold_loss":0.0,"damage_taken":0.0,"cards_obtained":["Compile Driver"]},{"damage_healed":0.0,"max_hp_gain":0.0,"max_hp_loss":0.0,"gold_gain":0.0,"event_name":"Scrap Ooze","player_choice":"Success","floor":5.0,"gold_loss":0.0,"damage_taken":5.0,"relics_obtained":["War Paint"]},{"cards_removed":["Strike_B"],"damage_healed":0.0,"max_hp_gain":0.0,"max_hp_loss":0.0,"gold_gain":0.0,"event_name":"Purifier","player_choice":"Purged","floor":19.0,"gold_loss":0.0,"damage_taken":0.0},{"cards_removed":["Strike_B"],"damage_healed":0.0,"max_hp_gain":0.0,"max_hp_loss":0.0,"gold_gain":0.0,"event_name":"Beggar","player_choice":"Gave Gold","floor":22.0,"gold_loss":75.0,"damage_taken":0.0},{"damage_healed":0.0,"max_hp_gain":0.0,"max_hp_loss":0.0,"gold_gain":0.0,"event_name":"Accursed Blacksmith","player_choice":"Rummage","floor":28.0,"gold_loss":0.0,"damage_taken":0.0,"relics_obtained":["WarpedTongs"],"cards_obtained":["Pain"]},{"damage_healed":0.0,"max_hp_gain":0.0,"max_hp_loss":0.0,"gold_gain":0.0,"event_name":"Mysterious Sphere","player_choice":"Fight","floor":37.0,"gold_loss":0.0,"damage_taken":0.0},{"damage_healed":0.0,"max_hp_gain":0.0,"max_hp_loss":0.0,"gold_gain":0.0,"event_name":"SecretPortal","player_choice":"Ignored","floor":39.0,"gold_loss":0.0,"damage_taken":0.0}],"is_beta":false,"boss_relics":[{"not_picked":["Empty Cage","Eternal Feather"],"picked":"Nuclear Battery"},{"not_picked":["Busted Crown","Tiny House"],"picked":"Runic Pyramid"}],"items_purged_floors":[14,38],"is_endless":false,"potions_floor_spawned":[4,7,8,13,24,27,31,37,48],"ascension_level":20}