{"path_per_floor":["M","$","M","M","?","E","M","E","T","E","T","?","M","$","R","B",null,"M","$","?","?","M","R","E","R","T","$","?","M","E","M","R","B",null,"M","M","M","?","?","R","E","?","T","?","M","?","M","$","R","B"],"character_chosen":"THE_SILENT","items_purchased":["Infinite Blades","Oddly Smooth Stone","Finisher","Cloak And Dagger","Strength Potion","Terror","Infinite Blades","Doppelganger","Poison Potion","Panacea","Bronze Scales","Regen Potion"],"gold_per_floor":[368,37,53,66,66,91,61,93,93,124,124,124,136,33,33,134,134,149,36,36,36,53,53,83,83,134,60,60,80,109,123,123,221,221,240,259,272,272,272,272,300,300,327,327,339,339,352,2,2,2],"floor_reached":51,"campfire_rested":0,"playtime":5974,"current_hp_per_floor":[58,58,55,55,55,45,44,36,36,22,22,22,22,22,22,20,67,66,66,66,66,66,66,64,64,64,64,48,35,30,30,30,10,67,65,65,60,60,60,60,27,44,44,44,32,32,12,12,12,11],"items_purged":["Parasite"],"gold":2,"score":556,"play_id":"cb788dd6-3361-4d24-91bb-fedd78b562f9","is_prod":false,"is_daily":false,"is_ascension_mode":false,"campfire_upgraded":6,"path_taken":["M","$","M","M","?","E","M","E","T","E","?","?","?","$","R","BOSS","M","$","?","?","M","R","E","R","T","$","?","M","E","M","R","BOSS","M","M","M","?","?","R","E","?","T","?","M","?","M","$","R","BOSS"],"build_version":"2018-02-08-PROD1","purchased_purges":4,"victory":true,"master_deck":["Defend_G","Defend_G","Defend_G","Defend_G+1","Strike_G+1","Survivor","Neutralize+1","Dagger Spray","Infinite Blades+1","Finisher+1","Leg Sweep+1","Dodge and Roll","Well Laid Plans","Storm of Steel+1","Caltrops","Cloak And Dagger","Noxious Fumes","Sucker Punch","Cloak And Dagger+1","After Image+1","A Thousand Cuts+1","Cloak And Dagger+1","Calculated Gamble+1","Terror","Infinite Blades+1","Bouncing Flask","Doppelganger","PiercingWail+1","Predator+1","Noxious Fumes+1","Venomology","Outmaneuver+1","Flechettes+1","Accuracy+1","After Image+1","Blur+1","Riddle With Holes+1","Panacea"],"max_hp_per_floor":[70,67,67,67,67,67,67,67,67,67,67,67,67,67,67,67,67,67,67,67,67,67,67,67,67,67,67,67,67,67,67,67,67,67,67,67,67,67,67,67,67,67,67,67,67,67,67,67,67,67],"relics":["Ring of the Snake","Oddly Smooth Stone","Omamori","War Paint","Gambling Chip","Anchor","Kunai","Astrolabe","Vajra","Whetstone","Nilry\u0027s Codex","Juzu Bracelet","Question Card","Pantograph","Bag of Marbles","Bronze Scales"],"card_choices":[{"not_picked":["Underhanded Strike","Deflect"],"picked":"Dagger Spray"},{"not_picked":["Caltrops","Quick Slash"],"picked":"Leg Sweep"},{"not_picked":["Dagger Throw","Bane"],"picked":"Dodge and Roll"},{"not_picked":["Deflect","Deadly Poison"],"picked":"Well Laid Plans"},{"not_picked":["Poisoned Stab","Deflect"],"picked":"Storm of Steel"},{"not_picked":["Predator","Sucker Punch"],"picked":"Caltrops"},{"not_picked":["Dagger Spray","Heel Hook"],"picked":"Cloak And Dagger"},{"not_picked":["Deflect","Deadly Poison"],"picked":"Sucker Punch"},{"not_picked":["Night Terror","Bullet Time"],"picked":"After Image"},{"not_picked":["Prepared","Poisoned Stab"],"picked":"Calculated Gamble"},{"not_picked":["Reflex","Quick Slash"],"picked":"Bouncing Flask"},{"not_picked":["Slice","Cloak And Dagger"],"picked":"PiercingWail"},{"not_picked":["Noxious Fumes","Phantasmal Killer"],"picked":"Predator"},{"not_picked":["Deadly Poison","Dodge and Roll"],"picked":"Noxious Fumes"},{"not_picked":["A Thousand Cuts","Glass Knife"],"picked":"Venomology"},{"not_picked":["Skewer","Dash","Calculated Gamble"],"picked":"Outmaneuver"},{"not_picked":["Prepared","Poisoned Stab","Expertise"],"picked":"Flechettes"},{"not_picked":["Deflect","Poisoned Stab","Terror"],"picked":"Accuracy"},{"not_picked":["Riddle With Holes","Skewer","Heel Hook"],"picked":"Blur"},{"not_picked":["Poisoned Stab","Dagger Throw","Deadly Poison"],"picked":"Riddle With Holes"}],"player_experience":138865,"potions_floor_usage":[6,13,16,30,33,33,33,36,37,41,41,45,47,47,50,50,50,50],"damage_taken":[{"damage":12,"enemies":"Jaw Worm","floor":1,"turns":6},{"damage":3,"enemies":"Blue Slaver","floor":3,"turns":4},{"damage":0,"enemies":"Cultist","floor":4,"turns":3},{"damage":10,"enemies":"3 Sentries","floor":6,"turns":8},{"damage":1,"enemies":"Looter","floor":7,"turns":4},{"damage":8,"enemies":"Lagavulin","floor":8,"turns":8},{"damage":14,"enemies":"Gremlin Nob","floor":10,"turns":5},{"damage":0,"enemies":"Lots of Slimes","floor":13,"turns":1},{"damage":2,"enemies":"Slime Boss","floor":16,"turns":8},{"damage":1,"enemies":"Spheric Guardian","floor":18,"turns":4},{"damage":0,"enemies":"Chosen","floor":22,"turns":5},{"damage":2,"enemies":"Book of Stabbing","floor":24,"turns":7},{"damage":13,"enemies":"Centurion and Healer","floor":29,"turns":6},{"damage":5,"enemies":"Gremlin Leader","floor":30,"turns":7},{"damage":0,"enemies":"Snecko","floor":31,"turns":4},{"damage":20,"enemies":"Automaton","floor":33,"turns":10},{"damage":2,"enemies":"Orb Walker","floor":35,"turns":5},{"damage":0,"enemies":"3 Shapes","floor":36,"turns":5},{"damage":5,"enemies":"Maw","floor":37,"turns":7},{"damage":33,"enemies":"2 Orb Walkers","floor":41,"turns":7},{"damage":12,"enemies":"Sphere and 2 Shapes","floor":45,"turns":10},{"damage":20,"enemies":"3 Darklings","floor":47,"turns":6},{"damage":41,"enemies":"Time Eater","floor":50,"turns":14}],"event_choices":[{"event_name":"Match and Keep!","player_choice":"0 cards matched","floor":5,"damage_taken":0},{"event_name":"Transmorgrifier","player_choice":"Transform","floor":12,"damage_taken":0},{"event_name":"Accursed Blacksmith","player_choice":"Forge","floor":20,"damage_taken":0},{"event_name":"Drug Dealer","player_choice":"Ignored","floor":21,"damage_taken":0},{"event_name":"Cursed Tome","player_choice":"Obtained Book","floor":28,"damage_taken":0},{"event_name":"Purifier","player_choice":"One Purge","floor":38,"damage_taken":0},{"event_name":"Duplicator","player_choice":"One dupe","floor":39,"damage_taken":0},{"event_name":"Winding Halls","player_choice":"Writhe","floor":42,"damage_taken":0},{"event_name":"The Moai Head","player_choice":"Ignored","floor":46,"damage_taken":0}],"boss_relics":[{"not_picked":["The Specimen","Runic Pyramid"],"picked":"Astrolabe"},{"not_picked":["Black Star","Lizard Tail"],"picked":"Question Card"}],"potions_floor_spawned":[4,6,10,13,18,24,30,31,36,45,47],"seed_played":"8331017041015533676","ascension_level":0,"is_trial":false}