{"gold_per_floor":[119,134,152,152,163,188,188,201,201,201,212,212,212,237,237,311,311,330,39,68,96,123,135,147,159,242,272,302,333,364,376,388,400],"floor_reached":33,"playtime":980,"items_purged":[],"score":443,"play_id":"8edb0db6-09b8-4f37-8415-713117d0d21f","local_time":"20180810133858","is_ascension_mode":true,"campfire_choices":[{"data":"Zap","floor":7.0,"key":"SMITH"},{"floor":10.0,"key":"REST"},{"data":"White Noise","floor":12,"key":"SMITH"},{"floor":15,"key":"REST"},{"floor":23,"key":"REST"},{"data":"Sunder","floor":25,"key":"SMITH"},{"floor":32,"key":"REST"}],"neow_cost":"NONE","seed_source_timestamp":424187146285388,"circlet_count":0,"master_deck":["Strike_B","Strike_B","Strike_B","Strike_B","Defend_B","Defend_B","Defend_B","Defend_B","Zap+1","Dualcast","AscendersBane","White Noise","FTL","White Noise+1","Scrape","Sunder+1","FTL","Ball Lightning","Stack","Amplify","Hologram","Go for the Eyes","FTL","Stack","Conserve Battery","Cold Snap+1","Reinforced Body","Stack","Gash","Core Surge","Writhe"],"special_seed":0,"relics":["Cracked Core","Bag of Marbles","Kunai","Pen Nib","Blood Vial","Inserter","MawBank","Question Card","Calipers"],"potions_floor_usage":[21,21,22,28,28],"damage_taken":[{"damage":0.0,"enemies":"Cultist","floor":1.0,"turns":3.0},{"damage":2.0,"enemies":"Jaw Worm","floor":2.0,"turns":4.0},{"damage":0.0,"enemies":"Small Slimes","floor":3.0,"turns":2.0},{"damage":12.0,"enemies":"3 Louse","floor":5.0,"turns":5.0},{"damage":36.0,"enemies":"Gremlin Nob","floor":6.0,"turns":4.0},{"damage":15.0,"enemies":"Exordium Wildlife","floor":8.0,"turns":3.0},{"damage":0,"enemies":"Large Slime","floor":11,"turns":3},{"damage":36,"enemies":"Slime Boss","floor":16,"turns":9},{"damage":37,"enemies":"Shell Parasite","floor":18,"turns":6},{"damage":15,"enemies":"2 Thieves","floor":20,"turns":4},{"damage":0,"enemies":"Chosen and Byrds","floor":21,"turns":3},{"damage":9,"enemies":"Cultist and Chosen","floor":22,"turns":5},{"damage":24,"enemies":"Snake Plant","floor":27,"turns":4},{"damage":0,"enemies":"Chosen and Byrds","floor":28,"turns":6},{"damage":4,"enemies":"Cultist and Chosen","floor":29,"turns":6},{"damage":23,"enemies":"3 Cultists","floor":30,"turns":5},{"damage":60,"enemies":"Automaton","floor":33,"turns":6}],"seed_played":"-1256853380743668666","potions_obtained":[{"floor":2.0,"key":"FairyPotion"},{"floor":3.0,"key":"EntropicBrew"},{"floor":18,"key":"EntropicBrew"},{"floor":27,"key":"SkillPotion"}],"is_trial":false,"path_per_floor":["M","M","M","?","M","E","R","M","T","R","M","R","?","T","R","B",null,"M","$","M","M","M","R","?","R","T","M","M","M","M","?","R"],"character_chosen":"DEFECT","items_purchased":["Go for the Eyes","FTL","Stack","MawBank"],"campfire_rested":4,"item_purchase_floors":[19,19,19,19],"current_hp_per_floor":[64,62,62,62,50,14,14,7,7,28,28,28,28,28,49,22,59,38,38,25,27,20,41,41,41,41,19,28,26,5,5,26,0],"gold":400,"neow_bonus":"THREE_CARDS","is_prod":false,"is_daily":false,"chose_seed":false,"campfire_upgraded":3,"win_rate":0,"timestamp":1533933538,"path_taken":["M","M","M","?","M","E","R","M","T","R","M","R","?","?","R","BOSS","M","$","M","M","M","R","?","R","T","M","M","M","M","?","R","BOSS"],"build_version":"2018-08-08","purchased_purges":0,"victory":false,"max_hp_per_floor":[71,71,71,71,71,71,71,71,71,71,71,71,71,71,71,71,71,71,71,71,71,71,71,71,71,71,71,71,71,71,71,71,71],"card_choices":[{"not_picked":["Rebound","Stack"],"picked":"White Noise","floor":0.0},{"not_picked":["Stack","Hologram"],"picked":"FTL","floor":1.0},{"not_picked":["Sweeping Beam","Capacitor"],"picked":"White Noise","floor":2.0},{"not_picked":["Barrage","Force Field"],"picked":"Scrape","floor":3.0},{"not_picked":["Chill","Rebound"],"picked":"Sunder","floor":5.0},{"not_picked":["Sunder","Turbo"],"picked":"FTL","floor":6.0},{"not_picked":["Streamline","Reboot"],"picked":"Ball Lightning","floor":8.0},{"not_picked":["Beam Cell","Consume"],"picked":"Stack","floor":11},{"not_picked":["Rainbow","Meteor Strike"],"picked":"Amplify","floor":16},{"not_picked":["Beam Cell+1","Rebound"],"picked":"Hologram","floor":18},{"not_picked":["Cold Snap","Double Energy+1"],"picked":"Conserve Battery","floor":20},{"not_picked":["Sweeping Beam","Rebound","Compile Driver+1"],"picked":"SKIP","floor":21},{"not_picked":["Redo","Barrage"],"picked":"Cold Snap+1","floor":22},{"not_picked":["Tempest","Capacitor","Rebound"],"picked":"Reinforced Body","floor":27},{"not_picked":["Scrape","Self Repair","Ball Lightning"],"picked":"Stack","floor":28},{"not_picked":["Undo","Sweeping Beam","Aggregate"],"picked":"Gash","floor":29},{"not_picked":["Ball Lightning+1","Self Repair","Genetic Algorithm"],"picked":"Core Surge","floor":30}],"player_experience":869885,"relics_obtained":[{"floor":6.0,"key":"Bag of Marbles"},{"floor":9.0,"key":"Kunai"},{"floor":14,"key":"Blood Vial"},{"floor":26,"key":"Question Card"}],"event_choices":[{"event_name":"Liars Game","player_choice":"disagreed","floor":4.0,"damage_taken":0.0},{"event_name":"WeMeetAgain","player_choice":"Potion","floor":13,"damage_taken":0},{"event_name":"Drug Dealer","player_choice":"Ignored","floor":24,"damage_taken":0},{"event_name":"The Mausoleum","player_choice":"Yes","floor":31,"damage_taken":0}],"is_beta":true,"boss_relics":[{"not_picked":["Runic Pyramid","Velvet Choker"],"picked":"Inserter"}],"items_purged_floors":[],"is_endless":false,"potions_floor_spawned":[2,3,6,18,20,27],"killed_by":"Automaton","ascension_level":15}