{"gold_per_floor":[111,111,111,0,17,17,17,17,317,349,349,368,388,419,419,493,493,511,511,530,540,540,540],"floor_reached":23,"playtime":1017,"items_purged":[],"score":448,"play_id":"6de447fa-d0c2-43e9-ac10-2417bb24976e","local_time":"20190510054440","is_ascension_mode":true,"campfire_choices":[{"data":"Neutralize","floor":6,"key":"SMITH"},{"data":"Crippling Poison","floor":8,"key":"SMITH"},{"data":"Noxious Fumes","floor":11,"key":"SMITH"},{"data":"Bouncing Flask","floor":15,"key":"SMITH"}],"neow_cost":"NONE","seed_source_timestamp":1510770821864484,"circlet_count":0,"master_deck":["AscendersBane","Defend_G","Defend_G","Defend_G","Defend_G","Defend_G","Strike_G","Strike_G","Strike_G","Strike_G","Survivor","Neutralize+1","Footwork","Crippling Poison+1","Cloak And Dagger","Noxious Fumes+1","Night Terror","Bouncing Flask+1","After Image","Backflip","After Image","Dodge and Roll+1","Decay"],"relics":["Ring of the Snake","NeowsBlessing","Tingsha","Old Coin","Letter Opener","The Courier","Fusion Hammer"],"potions_floor_usage":[13,14,14,21,23],"damage_taken":[{"damage":0,"enemies":"2 Louse","floor":1,"turns":1},{"damage":0,"enemies":"Jaw Worm","floor":5,"turns":1},{"damage":0,"enemies":"Lagavulin","floor":10,"turns":1},{"damage":0,"enemies":"Cultist","floor":12,"turns":4},{"damage":0,"enemies":"Gremlin Gang","floor":13,"turns":4},{"damage":23,"enemies":"Gremlin Nob","floor":14,"turns":5},{"damage":31,"enemies":"The Guardian","floor":16,"turns":9},{"damage":0,"enemies":"3 Byrds","floor":18,"turns":3},{"damage":12,"enemies":"2 Thieves","floor":20,"turns":5},{"damage":23,"enemies":"Chosen and Byrds","floor":21,"turns":7},{"damage":29,"enemies":"Slavers","floor":23,"turns":3}],"seed_played":"7083118927108948879","potions_obtained":[{"floor":1,"key":"Ancient Potion"},{"floor":5,"key":"Energy Potion"},{"floor":13,"key":"Poison Potion"},{"floor":16,"key":"Ancient Potion"},{"floor":18,"key":"PowerPotion"}],"is_trial":false,"path_per_floor":["M","?","?","$","M","R","$","R","T","E","R","M","M","E","R","B",null,"M","?","M","M","?","E"],"character_chosen":"THE_SILENT","items_purchased":["Footwork","Crippling Poison"],"campfire_rested":0,"item_purchase_floors":[4,4],"current_hp_per_floor":[59,64,64,64,64,64,64,64,64,64,64,64,64,41,41,10,56,56,56,44,21,21,0],"gold":540,"neow_bonus":"THREE_ENEMY_KILL","is_prod":false,"is_daily":false,"chose_seed":false,"campfire_upgraded":4,"win_rate":0,"timestamp":1557481480,"path_taken":["M","?","?","$","?","R","$","R","T","E","R","?","?","E","R","BOSS","M","?","?","M","?","E"],"build_version":"2019-01-23","purchased_purges":0,"victory":false,"max_hp_per_floor":[66,71,71,71,71,71,71,71,71,71,71,71,71,71,71,71,71,71,71,71,71,71,71],"card_choices":[{"not_picked":["Blur","Outmaneuver"],"picked":"Backflip","floor":1},{"not_picked":["Blade Dance","Outmaneuver"],"picked":"Cloak And Dagger","floor":5},{"not_picked":["Escape Plan","Riddle With Holes"],"picked":"Noxious Fumes","floor":10},{"not_picked":["Infinite Blades","Dagger Spray","Flechettes"],"picked":"SKIP","floor":12},{"not_picked":["Flying Knee","Deflect"],"picked":"Night Terror","floor":13},{"not_picked":["Poisoned Stab","Reflex"],"picked":"Bouncing Flask","floor":14},{"not_picked":["Doppelganger","Envenom"],"picked":"After Image","floor":16},{"not_picked":["Bouncing Flask","Underhanded Strike"],"picked":"Backflip","floor":18},{"not_picked":["Blade Dance","Slice","Underhanded Strike"],"picked":"SKIP","floor":20},{"not_picked":["Reflex","Quick Slash"],"picked":"Dodge and Roll+1","floor":21}],"player_experience":2535171,"relics_obtained":[{"floor":9,"key":"Old Coin"},{"floor":10,"key":"Letter Opener"},{"floor":14,"key":"The Courier"}],"event_choices":[{"damage_healed":0,"gold_gain":0,"player_choice":"Donut","damage_taken":0,"max_hp_gain":5,"max_hp_loss":0,"event_name":"Big Fish","floor":2,"gold_loss":0},{"cards_removed":["Backflip"],"damage_healed":0,"gold_gain":0,"player_choice":"Gave Card","damage_taken":0,"relics_obtained":["Tingsha"],"max_hp_gain":0,"max_hp_loss":0,"event_name":"WeMeetAgain","floor":3,"gold_loss":0},{"damage_healed":0,"gold_gain":0,"cards_transformed":["Strike_G"],"player_choice":"Transformed","damage_taken":0,"max_hp_gain":0,"max_hp_loss":0,"event_name":"Transmorgrifier","floor":19,"gold_loss":0,"cards_obtained":["After Image"]},{"damage_healed":0,"gold_gain":0,"player_choice":"Smashed Altar","damage_taken":0,"max_hp_gain":0,"max_hp_loss":0,"event_name":"Forgotten Altar","floor":22,"gold_loss":0,"cards_obtained":["Decay"]}],"is_beta":false,"boss_relics":[{"not_picked":["Tiny House","Calling Bell"],"picked":"Fusion Hammer"}],"items_purged_floors":[],"is_endless":false,"potions_floor_spawned":[1,5,12,13,16,18,20],"killed_by":"Slavers","ascension_level":20}