{"gold_per_floor":[117,24,34,34,34,72,72,95,95,109,122,87,87,123,123,123],"floor_reached":16,"playtime":356,"items_purged":[],"score":270,"play_id":"12b17efc-c3af-4ac7-b1d6-7ffef5415e01","local_time":"20190424170126","is_ascension_mode":true,"campfire_choices":[{"data":"Bash","floor":7,"key":"SMITH"},{"data":"Whirlwind","floor":13,"key":"SMITH"},{"data":"Feel No Pain","floor":15,"key":"SMITH"}],"neow_cost":"NONE","seed_source_timestamp":169494556030085,"circlet_count":0,"master_deck":["AscendersBane","Strike_R","Strike_R","Strike_R","Strike_R","Strike_R","Defend_R","Defend_R","Defend_R","Defend_R","Bash+1","Pommel Strike","Evolve","Twin Strike","Feel No Pain+1","Whirlwind+1"],"relics":["Burning Blood","NeowsBlessing","Golden Idol","Blue Candle","Ornamental Fan","Vajra"],"potions_floor_usage":[8,11,14],"damage_taken":[{"damage":0,"enemies":"Cultist","floor":1,"turns":1},{"damage":0,"enemies":"Jaw Worm","floor":3,"turns":1},{"damage":0,"enemies":"3 Sentries","floor":6,"turns":1},{"damage":6,"enemies":"2 Louse","floor":8,"turns":2},{"damage":18,"enemies":"Looter","floor":10,"turns":3},{"damage":19,"enemies":"Lots of Slimes","floor":11,"turns":5},{"damage":36,"enemies":"Lagavulin","floor":14,"turns":6},{"damage":25,"enemies":"The Guardian","floor":16,"turns":5}],"seed_played":"5439654381913751634","potions_obtained":[{"floor":1,"key":"Swift Potion"},{"floor":10,"key":"Ancient Potion"},{"floor":11,"key":"FearPotion"}],"is_trial":false,"path_per_floor":["M","$","M","?","?","E","R","M","T","M","M","?","R","E","R","B"],"character_chosen":"IRONCLAD","items_purchased":["Evolve","AttackPotion"],"campfire_rested":0,"item_purchase_floors":[2,2],"current_hp_per_floor":[74,74,75,49,54,60,60,60,60,48,35,55,55,25,25,0],"gold":123,"neow_bonus":"THREE_ENEMY_KILL","is_prod":false,"is_daily":false,"chose_seed":false,"campfire_upgraded":3,"win_rate":0,"timestamp":1556139686,"path_taken":["M","$","M","?","?","E","R","M","T","M","M","?","R","E","R","BOSS"],"build_version":"2019-01-23","purchased_purges":0,"victory":false,"max_hp_per_floor":[75,75,75,75,80,80,80,80,80,80,80,80,80,80,80,80],"card_choices":[{"not_picked":["Sentinel","Iron Wave"],"picked":"Pommel Strike","floor":1},{"not_picked":["Entrench","Pommel Strike","Cleave"],"picked":"SKIP","floor":3},{"not_picked":["Searing Blow","Sword Boomerang","Sentinel"],"picked":"SKIP","floor":6},{"not_picked":["Iron Wave","Armaments"],"picked":"Twin Strike","floor":8},{"not_picked":["Clothesline","Twin Strike"],"picked":"Feel No Pain","floor":10},{"not_picked":["Rampage","Burning Pact"],"picked":"Whirlwind","floor":11},{"not_picked":["Whirlwind","Dual Wield","Iron Wave"],"picked":"SKIP","floor":14}],"player_experience":1906022,"relics_obtained":[{"floor":6,"key":"Blue Candle"},{"floor":9,"key":"Ornamental Fan"},{"floor":14,"key":"Vajra"}],"event_choices":[{"damage_healed":0,"gold_gain":0,"player_choice":"Take Damage","damage_taken":26,"relics_obtained":["Golden Idol"],"max_hp_gain":0,"max_hp_loss":0,"event_name":"Golden Idol","floor":4,"gold_loss":0},{"damage_healed":0,"gold_gain":0,"player_choice":"Donut","damage_taken":0,"max_hp_gain":5,"max_hp_loss":0,"event_name":"Big Fish","floor":5,"gold_loss":0},{"damage_healed":20,"gold_gain":0,"player_choice":"Healed","damage_taken":0,"max_hp_gain":0,"max_hp_loss":0,"event_name":"The Cleric","floor":12,"gold_loss":35}],"is_beta":false,"boss_relics":[],"items_purged_floors":[],"is_endless":false,"potions_floor_spawned":[1,3,10,11],"killed_by":"The Guardian","ascension_level":20}