{"gold_per_floor":[111,111,111,111,128,128,157,171,471,528,561,611,640,654,654,731,731,742,757,525,544,544,579,579,598,648,648,666,683,316,335,335,410,410,430,448,448,465,375,404,404,415,415,167,167,187,201,236,236,236,236,236,18,18],"floor_reached":54,"playtime":2312,"items_purged":["Strike_B","Pain","Strike_B"],"score":1300,"play_id":"a37f053d-4e7f-4f89-93a0-25928658e722","local_time":"20190415002947","is_ascension_mode":true,"campfire_choices":[{"floor":6.0,"key":"REST"},{"floor":15.0,"key":"DIG"},{"floor":24.0,"key":"REST"},{"data":"Capacitor","floor":27.0,"key":"SMITH"},{"floor":32.0,"key":"DIG"},{"floor":41.0,"key":"RECALL"},{"floor":45,"key":"REST"},{"floor":49,"key":"REST"},{"floor":52,"key":"DIG"}],"neow_cost":"NONE","seed_source_timestamp":378738661817495,"circlet_count":0,"master_deck":["AscendersBane","Strike_B","Strike_B+1","Defend_B","Defend_B","Defend_B","Defend_B","Zap+1","Dualcast+1","Glacier","Conserve Battery","Cold Snap","Echo Form","Capacitor+1","Core Surge","Barrage","Self Repair","Doom and Gloom","Undo","Recycle+1","Electrodynamics","Capacitor","Thinking Ahead","Creative AI","Compile Driver","Coolheaded","Defragment","Coolheaded","Seek"],"special_seed":0,"relics":["FrozenCore","Meat on the Bone","Shovel","Old Coin","Du-Vu Doll","PreservedInsect","Darkstone Periapt","Mango","Bag of Marbles","WarpedTongs","Happy Flower","Anchor","Ancient Tea Set","Fusion Hammer","Symbiotic Virus","Question Card","Girya","Torii","Bottled Tornado"],"potions_floor_usage":[42,42,46,48,54],"damage_taken":[{"damage":0.0,"enemies":"Cultist","floor":1.0,"turns":3.0},{"damage":4.0,"enemies":"Jaw Worm","floor":5.0,"turns":4.0},{"damage":34.0,"enemies":"3 Sentries","floor":7.0,"turns":10.0},{"damage":0.0,"enemies":"Small Slimes","floor":8.0,"turns":3.0},{"damage":11.0,"enemies":"Lagavulin Event","floor":10.0,"turns":8.0},{"damage":7.0,"enemies":"Lagavulin","floor":11.0,"turns":9.0},{"damage":5.0,"enemies":"3 Sentries","floor":13.0,"turns":7.0},{"damage":1.0,"enemies":"Blue Slaver","floor":14.0,"turns":4.0},{"damage":25.0,"enemies":"The Guardian","floor":16.0,"turns":12.0},{"damage":5.0,"enemies":"Chosen","floor":18.0,"turns":6.0},{"damage":13.0,"enemies":"Shell Parasite","floor":19.0,"turns":9.0},{"damage":23.0,"enemies":"Snecko","floor":21.0,"turns":6.0},{"damage":39.0,"enemies":"Gremlin Leader","floor":23.0,"turns":8.0},{"damage":19.0,"enemies":"Snake Plant","floor":25.0,"turns":3.0},{"damage":7.0,"enemies":"Centurion and Healer","floor":28.0,"turns":9.0},{"damage":13.0,"enemies":"Shelled Parasite and Fungi","floor":29.0,"turns":7.0},{"damage":4.0,"enemies":"Snecko","floor":31.0,"turns":6.0},{"damage":37.0,"enemies":"Collector","floor":33.0,"turns":9.0},{"damage":0.0,"enemies":"3 Shapes","floor":35.0,"turns":7.0},{"damage":10.0,"enemies":"Orb Walker","floor":36.0,"turns":5.0},{"damage":22.0,"enemies":"3 Darklings","floor":38.0,"turns":5.0},{"damage":25.0,"enemies":"Nemesis","floor":40.0,"turns":7.0},{"damage":67,"enemies":"Transient","floor":42,"turns":5},{"damage":19,"enemies":"Spire Growth","floor":46,"turns":8},{"damage":1,"enemies":"4 Shapes","floor":47,"turns":7},{"damage":47,"enemies":"Reptomancer","floor":48,"turns":6},{"damage":60,"enemies":"Donu and Deca","floor":50,"turns":11},{"damage":93,"enemies":"Shield and Spear","floor":54,"turns":5}],"seed_played":"8982633485266349076","potions_obtained":[{"floor":1.0,"key":"EssenceOfSteel"},{"floor":13.0,"key":"Weak Potion"},{"floor":16.0,"key":"SpeedPotion"},{"floor":19.0,"key":"Regen Potion"},{"floor":23.0,"key":"Explosive Potion"},{"floor":29.0,"key":"Poison Potion"},{"floor":35.0,"key":"Regen Potion"},{"floor":42,"key":"Ancient Potion"},{"floor":47,"key":"SkillPotion"}],"is_trial":false,"path_per_floor":["M","T","?","?","M","R","E","M","T","?","E","?","E","M","R","B",null,"M","M","$","M","?","E","R","M","T","R","M","M","$","M","R","B",null,"M","M","?","M","?","E","R","M","T","$","R","M","M","E","R","B",null,"R","$","E"],"character_chosen":"DEFECT","items_purchased":["Bag of Marbles","Capacitor","Thinking Ahead","Defragment","Coolheaded","Seek","Regen Potion"],"campfire_rested":4,"item_purchase_floors":[20,30,30,44,44,53,53],"current_hp_per_floor":[64,64,43,8,16,37,15,27,27,28,33,33,40,39,53,40,74,69,56,56,47,53,36,63,63,63,63,76,77,77,91,91,74,87,91,91,91,76,76,65,65,24,24,24,51,51,57,36,63,22,74,74,74,0],"gold":18,"neow_bonus":"UPGRADE_CARD","is_prod":false,"is_daily":false,"chose_seed":false,"campfire_upgraded":1,"win_rate":0,"timestamp":1555302587,"path_taken":["M","?","?","?","?","R","E","M","T","?","E","?","E","M","R","BOSS","M","?","$","M","?","E","R","?","T","R","M","M","$","M","R","BOSS","M","M","?","M","?","E","R","M","T","$","R","M","M","E","R","BOSS","R","$","E"],"build_version":"2019-04-04","purchased_purges":3,"victory":false,"max_hp_per_floor":[71,71,71,71,71,71,71,71,71,71,71,71,71,71,85,85,85,85,85,85,85,91,91,91,91,91,91,91,91,91,91,91,91,91,91,91,91,91,91,91,91,91,91,91,91,91,91,91,91,91,91,91,91,91],"card_choices":[{"not_picked":["Gash","Streamline"],"picked":"Glacier","floor":1.0},{"not_picked":["Stack","Skim","Coolheaded"],"picked":"SKIP","floor":5.0},{"not_picked":["Conserve Battery","Barrage"],"picked":"Compile Driver","floor":7.0},{"not_picked":["Tempest","Rebound"],"picked":"Conserve Battery","floor":8.0},{"not_picked":["Ball Lightning","Scrape"],"picked":"Cold Snap","floor":11.0},{"not_picked":["Steam","Coolheaded"],"picked":"Echo Form","floor":13.0},{"not_picked":["Cold Snap","Redo"],"picked":"Capacitor","floor":14.0},{"not_picked":["Multi-Cast","All For One"],"picked":"Core Surge","floor":16.0},{"not_picked":["Hologram","Turbo"],"picked":"Barrage","floor":18.0},{"not_picked":["Leap","Gash+1","Turbo"],"picked":"SKIP","floor":19.0},{"not_picked":["Reprogram","Redo"],"picked":"Self Repair","floor":21.0},{"not_picked":["Storm","Steam"],"picked":"Doom and Gloom","floor":23.0},{"not_picked":["Streamline","Sweeping Beam"],"picked":"Undo","floor":25.0},{"not_picked":["Undo","Barrage"],"picked":"Recycle+1","floor":28.0},{"not_picked":["White Noise","Go for the Eyes"],"picked":"Electrodynamics","floor":29.0},{"not_picked":["Beam Cell+1","Doom and Gloom","Storm"],"picked":"SKIP","floor":31.0},{"not_picked":["All For One","Amplify"],"picked":"Creative AI","floor":33.0},{"not_picked":["Go for the Eyes","Stack"],"picked":"Compile Driver","floor":35.0},{"not_picked":["Beam Cell","Turbo+1","Static Discharge"],"picked":"SKIP","floor":36.0},{"not_picked":["Hologram+1","Streamline+1"],"picked":"Coolheaded","floor":38.0},{"not_picked":["Redo","Steam Power","Chaos"],"picked":"SKIP","floor":40.0},{"not_picked":["Conserve Battery","Streamline","Leap","Stack"],"picked":"SKIP","floor":42},{"not_picked":["Conserve Battery","Go for the Eyes","Chill","Steam+1"],"picked":"SKIP","floor":46},{"not_picked":["Sweeping Beam+1","Go for the Eyes","Streamline","Cold Snap+1"],"picked":"SKIP","floor":47},{"not_picked":["Chaos","FTL","Conserve Battery","Streamline"],"picked":"SKIP","floor":48}],"player_experience":2411355,"relics_obtained":[{"floor":7.0,"key":"Shovel"},{"floor":9.0,"key":"Old Coin"},{"floor":10.0,"key":"Du-Vu Doll"},{"floor":11.0,"key":"PreservedInsect"},{"floor":13.0,"key":"Darkstone Periapt"},{"floor":15.0,"key":"Mango"},{"floor":23.0,"key":"Happy Flower"},{"floor":26.0,"key":"Anchor"},{"floor":32.0,"key":"Ancient Tea Set"},{"floor":40.0,"key":"Question Card"},{"floor":43,"key":"Girya"},{"floor":48,"key":"Torii"},{"floor":52,"key":"Bottled Tornado"}],"event_choices":[{"damage_healed":0.0,"max_hp_gain":0.0,"max_hp_loss":0.0,"gold_gain":0.0,"event_name":"Shining Light","player_choice":"Entered Light","floor":3.0,"gold_loss":0.0,"damage_taken":21.0,"cards_upgraded":["Strike_B","Dualcast"]},{"damage_healed":0.0,"max_hp_gain":0.0,"max_hp_loss":0.0,"gold_gain":0.0,"event_name":"Scrap Ooze","player_choice":"Success","floor":4.0,"gold_loss":0.0,"damage_taken":35.0,"relics_obtained":["Meat on the Bone"]},{"damage_healed":0.0,"max_hp_gain":0.0,"max_hp_loss":0.0,"gold_gain":0.0,"event_name":"Dead Adventurer","player_choice":"Searched \u00271\u0027 times","floor":10.0,"gold_loss":0.0,"damage_taken":0.0},{"damage_healed":0.0,"max_hp_gain":0.0,"max_hp_loss":0.0,"gold_gain":50.0,"event_name":"Golden Shrine","player_choice":"Pray","floor":12.0,"gold_loss":0.0,"damage_taken":0.0},{"damage_healed":0.0,"max_hp_gain":0.0,"max_hp_loss":0.0,"gold_gain":0.0,"event_name":"Accursed Blacksmith","player_choice":"Rummage","floor":22.0,"gold_loss":0.0,"damage_taken":0.0,"relics_obtained":["WarpedTongs"],"cards_obtained":["Pain"]},{"cards_removed":["Compile Driver"],"damage_healed":0.0,"max_hp_gain":0.0,"max_hp_loss":0.0,"gold_gain":0.0,"event_name":"Falling","player_choice":"Removed Attack","floor":37.0,"gold_loss":0.0,"damage_taken":0.0},{"damage_healed":0.0,"max_hp_gain":0.0,"max_hp_loss":0.0,"gold_gain":0.0,"event_name":"WeMeetAgain","player_choice":"Paid Gold","floor":39.0,"gold_loss":90.0,"damage_taken":0.0,"relics_obtained":["Symbiotic Virus"]}],"is_beta":true,"boss_relics":[{"not_picked":["Astrolabe","Snecko Eye"],"picked":"FrozenCore"},{"not_picked":["Nuclear Battery","Black Star"],"picked":"Fusion Hammer"}],"items_purged_floors":[20,30,44],"is_endless":false,"potions_floor_spawned":[1,13,16,19,23,29,35,42,47],"killed_by":"Shield and Spear","ascension_level":15}