{"gold_per_floor":[360,20,31,31,51,79,79,111,137,137,152,152,52,52,52,123,123,142,17,33,33,53,53,83,83,83,83,112,112],"floor_reached":29,"playtime":1319,"items_purged":["Shame","Strike_B","Strike_B"],"score":538,"play_id":"eb2acfc3-71d0-44db-b103-2e5e507083d8","local_time":"20190426190202","is_ascension_mode":true,"campfire_choices":[{"data":"Ball Lightning","floor":7.0,"key":"SMITH"},{"data":"Static Discharge","floor":10.0,"key":"SMITH"},{"data":"Fission","floor":12.0,"key":"SMITH"},{"data":"Loop","floor":15.0,"key":"SMITH"},{"floor":23.0,"key":"REST"},{"floor":25,"key":"REST"}],"neow_cost":"CURSE","seed_source_timestamp":1055275624286788,"circlet_count":0,"master_deck":["AscendersBane","Strike_B","Defend_B","Defend_B","Defend_B+1","Defend_B","Zap+1","Dualcast","Ball Lightning+1","Ball Lightning","Compile Driver","Sweeping Beam","Static Discharge+1","Loop+1","Fission+1","Seek","Genetic Algorithm+1","Undo","Reinforced Body"],"special_seed":0,"relics":["Cracked Core","Orichalcum","War Paint","Pen Nib","Bag of Preparation","Velvet Choker","Kunai","Emotion Chip"],"potions_floor_usage":[24,24,28],"damage_taken":[{"damage":4.0,"enemies":"2 Louse","floor":1.0,"turns":3.0},{"damage":4.0,"enemies":"Small Slimes","floor":3.0,"turns":3.0},{"damage":0.0,"enemies":"Cultist","floor":5.0,"turns":3.0},{"damage":5.0,"enemies":"Gremlin Nob","floor":6.0,"turns":3.0},{"damage":4.0,"enemies":"3 Sentries","floor":8.0,"turns":5.0},{"damage":0.0,"enemies":"3 Louse","floor":11.0,"turns":2.0},{"damage":25.0,"enemies":"The Guardian","floor":16.0,"turns":7.0},{"damage":19.0,"enemies":"Chosen","floor":18.0,"turns":4.0},{"damage":2.0,"enemies":"Spheric Guardian","floor":20.0,"turns":3.0},{"damage":3.0,"enemies":"Centurion and Healer","floor":22.0,"turns":6.0},{"damage":45,"enemies":"Slavers","floor":24,"turns":3},{"damage":15,"enemies":"Book of Stabbing","floor":28,"turns":4},{"damage":33,"enemies":"Cultist and Chosen","floor":29,"turns":3}],"seed_played":"6564301694341772746","potions_obtained":[{"floor":3.0,"key":"SkillPotion"},{"floor":6.0,"key":"SkillPotion"},{"floor":8.0,"key":"SteroidPotion"},{"floor":11.0,"key":"FocusPotion"},{"floor":16.0,"key":"Strength Potion"},{"floor":22.0,"key":"PowerPotion"},{"floor":24,"key":"Explosive Potion"},{"floor":28,"key":"SpeedPotion"}],"is_trial":false,"path_per_floor":["M","$","M","?","M","E","R","E","T","R","M","R","$","?","R","B",null,"M","$","M","?","M","R","E","R","T","?","E","M"],"character_chosen":"DEFECT","items_purchased":["Orichalcum","Ball Lightning","PowerPotion"],"campfire_rested":2,"item_purchase_floors":[2,2,2],"current_hp_per_floor":[60,60,56,56,56,51,51,47,47,47,47,47,47,40,40,15,57,38,38,36,36,33,54,9,30,30,44,29,0],"gold":112,"neow_bonus":"TWO_FIFTY_GOLD","is_prod":false,"is_daily":false,"chose_seed":false,"campfire_upgraded":4,"win_rate":0,"timestamp":1556330522,"path_taken":["M","$","M","?","M","E","R","E","T","R","M","R","$","?","R","BOSS","M","$","M","?","?","R","E","R","T","?","E","M"],"build_version":"2019-04-23","purchased_purges":3,"victory":false,"max_hp_per_floor":[71,71,71,71,71,71,71,71,71,71,71,71,71,71,71,71,71,71,71,71,71,71,71,71,71,71,71,71,71],"card_choices":[{"not_picked":["Chaos","Compile Driver"],"picked":"Ball Lightning","floor":1.0},{"not_picked":["Storm","Scrape"],"picked":"Compile Driver","floor":3.0},{"not_picked":["Scrape","Lockon"],"picked":"Sweeping Beam","floor":5.0},{"not_picked":["Steam","Barrage"],"picked":"Static Discharge","floor":6.0},{"not_picked":["Compile Driver","BootSequence"],"picked":"Loop","floor":8.0},{"not_picked":["Ball Lightning","Sweeping Beam"],"picked":"Fission","floor":11.0},{"not_picked":["Buffer","All For One"],"picked":"Seek","floor":16.0},{"not_picked":["Rebound","Steam"],"picked":"Genetic Algorithm","floor":18.0},{"not_picked":["Stack","Chaos"],"picked":"Undo","floor":20.0},{"not_picked":["Barrage","Steam Power","Storm"],"picked":"SKIP","floor":22.0},{"not_picked":["Skim","Beam Cell","All For One"],"picked":"SKIP","floor":24},{"not_picked":["Genetic Algorithm","Cold Snap"],"picked":"Reinforced Body","floor":28}],"player_experience":1475815,"relics_obtained":[{"floor":6.0,"key":"War Paint"},{"floor":8.0,"key":"Pen Nib"},{"floor":9.0,"key":"Bag of Preparation"},{"floor":24,"key":"Kunai"},{"floor":28,"key":"Emotion Chip"}],"event_choices":[{"damage_healed":0.0,"max_hp_gain":0.0,"max_hp_loss":0.0,"gold_gain":0.0,"event_name":"The Cleric","player_choice":"Leave","floor":4.0,"gold_loss":0.0,"damage_taken":0.0},{"cards_removed":["Strike_B"],"damage_healed":0.0,"max_hp_gain":0.0,"max_hp_loss":0.0,"gold_gain":0.0,"event_name":"Golden Wing","player_choice":"Card Removal","floor":14.0,"gold_loss":0.0,"damage_taken":7.0},{"damage_healed":0.0,"max_hp_gain":0.0,"max_hp_loss":0.0,"gold_gain":0.0,"event_name":"Upgrade Shrine","player_choice":"Upgraded","floor":21.0,"gold_loss":0.0,"damage_taken":0.0,"cards_upgraded":["Genetic Algorithm"]},{"damage_healed":14,"gold_gain":0,"player_choice":"Heal","damage_taken":0,"max_hp_gain":0,"max_hp_loss":0,"event_name":"The Library","floor":27,"gold_loss":0}],"is_beta":true,"boss_relics":[{"not_picked":["Pandora\u0027s Box","Philosopher\u0027s Stone"],"picked":"Velvet Choker"}],"items_purged_floors":[2,13,19],"is_endless":false,"potions_floor_spawned":[3,6,8,11,16,22,24,28],"killed_by":"Cultist and Chosen","ascension_level":20}