{"path_per_floor":["M","?","?","$","M","R","M","M","T","M","M","R","?","$","R","B",null,"M","?","?","$","M","R","M","R","T","?","R"],"character_chosen":"DEFECT","items_purchased":["Capacitor","Seek"],"gold_per_floor":[117,117,117,42,58,58,70,81,127,147,158,158,158,106,106,211,211,198,123,123,45,65,65,76,76,76,76,76,76],"floor_reached":29,"campfire_rested":1,"playtime":1169,"current_hp_per_floor":[60,60,48,48,45,45,43,43,43,34,32,32,25,25,25,21,62,53,53,53,53,37,37,12,34,34,34,34,0],"items_purged":["Strike_B"],"gold":76,"score":298,"play_id":"60ce3fc4-1380-4218-a808-3846796c26d2","local_time":"20180501224455","is_prod":false,"is_daily":false,"chose_seed":false,"is_ascension_mode":true,"campfire_upgraded":5,"timestamp":1525239895,"path_taken":["M","?","?","$","?","R","M","M","T","M","M","R","?","?","R","BOSS","M","?","?","$","?","R","M","R","T","?","R","E"],"build_version":"2018-05-01","seed_source_timestamp":108786295667349,"purchased_purges":1,"victory":false,"master_deck":["Strike_B","Defend_B+1","Defend_B","Defend_B+1","Defend_B","Zap+1","Dualcast","Blaster","Reprieve+1","Hologram","Stack+1","Coolheaded","Blaster","Defragment+1","Capacitor","Seek","Capacitor","Coolheaded","Stack","Ball Lightning","Stack","Coolheaded+1","Seek","Impulse+1","Ball Lightning","White Noise+1"],"max_hp_per_floor":[75,75,75,75,75,75,75,75,75,75,75,75,75,75,75,75,75,75,75,75,75,75,75,75,75,75,75,75,75],"relics":["Cracked Core","Prayer Wheel","War Paint","Orrery","Symbiotic Virus"],"card_choices":[{"not_picked":["Capacitor","Go for the Eyes"],"picked":"Blaster","floor":1},{"not_picked":["Capacitor","Reinforced Body"],"picked":"Reprieve","floor":5},{"not_picked":["Scrape","Streamline"],"picked":"Hologram","floor":7},{"not_picked":["Impulse","Biased Cognition"],"picked":"Stack","floor":8},{"not_picked":["Axe Kick","Turbo"],"picked":"Coolheaded","floor":9},{"not_picked":["Heatsinks","Beam Cell"],"picked":"Blaster","floor":10},{"not_picked":["Double Energy","Impulse"],"picked":"Defragment","floor":11},{"not_picked":["Creative AI","Biased Cognition"],"picked":"Seek","floor":16},{"not_picked":["Beam Cell","Chaos"],"picked":"Capacitor","floor":17},{"not_picked":["Melter","Consume"],"picked":"Coolheaded","floor":17},{"not_picked":["Reinforced Body","Go for the Eyes"],"picked":"Stack","floor":17},{"not_picked":["White Noise","Impulse"],"picked":"Ball Lightning","floor":17},{"not_picked":["Rip and Tear","Doom and Gloom"],"picked":"Stack","floor":17},{"not_picked":["Double Energy","Rebound"],"picked":"Coolheaded","floor":18},{"not_picked":["Buffer","Axe Kick"],"picked":"Impulse","floor":22},{"not_picked":["Turbo","Leap"],"picked":"Ball Lightning","floor":24},{"not_picked":["Conserve Battery","Sunder"],"picked":"White Noise","floor":26}],"player_experience":567821,"potions_floor_usage":[16,16,18,24],"damage_taken":[{"damage":8,"enemies":"2 Louse","floor":1,"turns":3},{"damage":3,"enemies":"Small Slimes","floor":5,"turns":3},{"damage":2,"enemies":"Jaw Worm","floor":7,"turns":3},{"damage":0,"enemies":"2 Fungi Beasts","floor":8,"turns":2},{"damage":9,"enemies":"Red Slaver","floor":10,"turns":4},{"damage":2,"enemies":"3 Louse","floor":11,"turns":3},{"damage":19,"enemies":"Slime Boss","floor":16,"turns":11},{"damage":9,"enemies":"2 Thieves","floor":18,"turns":4},{"damage":16,"enemies":"3 Byrds","floor":22,"turns":5},{"damage":25,"enemies":"Cultist and Chosen","floor":24,"turns":8},{"damage":40,"enemies":"Gremlin Leader","floor":29,"turns":7}],"event_choices":[{"event_name":"Living Wall","player_choice":"Grow","floor":2,"damage_taken":0},{"event_name":"Scrap Ooze","player_choice":"success","floor":3,"damage_taken":12},{"event_name":"Golden Wing","player_choice":"Card Removal","floor":13,"damage_taken":0},{"event_name":"Beggar","player_choice":"Gave Gold","floor":19,"damage_taken":0},{"event_name":"The Mausoleum","player_choice":"No","floor":20,"damage_taken":0},{"event_name":"Addict","player_choice":"Ignored","floor":27,"damage_taken":0}],"boss_relics":[{"not_picked":["Tiny House","Pandora\u0027s Box"],"picked":"Orrery"}],"potions_floor_spawned":[1,5,8,16,22],"seed_played":"-40054387715844435","killed_by":"Gremlin Leader","ascension_level":8,"is_trial":false}