{"gold_per_floor":[113,127,127,141,152,152,172,200,225,225,244,255,255,10,10,113,113,126,143,143],"floor_reached":20,"playtime":1153,"items_purged":["Defend_G"],"score":205,"play_id":"0ece4ded-3595-4bcc-a9c2-c2ce4f15e4d0","local_time":"20190504200150","is_ascension_mode":true,"campfire_choices":[{"floor":6,"key":"REST"},{"floor":10,"key":"REST"},{"data":"Leg Sweep","floor":13,"key":"SMITH"},{"floor":15,"key":"REST"}],"neow_cost":"PERCENT_DAMAGE","seed_source_timestamp":724640778244001,"circlet_count":0,"master_deck":["Defend_G","Defend_G","Defend_G","Strike_G","Strike_G","Strike_G","Strike_G","Survivor","Neutralize","Deadly Poison","Blur","Deadly Poison","PiercingWail","Deadly Poison","Leg Sweep+1","Footwork","Panacea","Envenom","Noxious Fumes","Footwork","Noxious Fumes"],"relics":["Ring of the Snake","Potion Belt","Orrery"],"potions_floor_usage":[8,16,19],"damage_taken":[{"damage":2,"enemies":"Small Slimes","floor":1,"turns":4},{"damage":0,"enemies":"Cultist","floor":2,"turns":3},{"damage":1,"enemies":"2 Louse","floor":4,"turns":3},{"damage":4,"enemies":"Blue Slaver","floor":5,"turns":4},{"damage":20,"enemies":"Large Slime","floor":7,"turns":9},{"damage":22,"enemies":"Lagavulin","floor":8,"turns":6},{"damage":0,"enemies":"3 Louse","floor":11,"turns":5},{"damage":2,"enemies":"Red Slaver","floor":12,"turns":3},{"damage":54,"enemies":"Slime Boss","floor":16,"turns":19},{"damage":32,"enemies":"3 Byrds","floor":18,"turns":5},{"damage":3,"enemies":"Chosen","floor":19,"turns":6},{"damage":40,"enemies":"Centurion and Healer","floor":20,"turns":7}],"seed_played":"6217431916400339903","potions_obtained":[{"floor":1,"key":"GamblersBrew"},{"floor":5,"key":"SpeedPotion"},{"floor":12,"key":"SpeedPotion"},{"floor":16,"key":"Ancient Potion"},{"floor":18,"key":"Poison Potion"}],"is_trial":false,"path_per_floor":["M","M","?","M","M","R","M","E","T","R","M","M","R","$","R","B",null,"M","M","M"],"character_chosen":"THE_SILENT","items_purchased":["Footwork","Panacea"],"campfire_rested":3,"item_purchase_floors":[14,14],"current_hp_per_floor":[47,47,47,46,42,63,43,21,21,42,42,40,40,40,61,7,70,38,35,0],"gold":143,"neow_bonus":"REMOVE_TWO","is_prod":false,"is_daily":false,"chose_seed":false,"campfire_upgraded":1,"win_rate":0,"timestamp":1557014510,"path_taken":["M","M","?","M","M","R","M","E","T","R","M","M","R","$","R","BOSS","M","?","M"],"build_version":"2019-01-23","purchased_purges":1,"victory":false,"max_hp_per_floor":[70,70,70,70,70,70,70,70,70,70,70,70,70,70,70,70,70,70,70,70],"card_choices":[{"not_picked":["Flechettes","Sucker Punch"],"picked":"Deadly Poison","floor":1},{"not_picked":["Bane","Acrobatics"],"picked":"Blur","floor":2},{"not_picked":["Calculated Gamble","Quick Slash","Dagger Spray"],"picked":"SKIP","floor":4},{"not_picked":["Dagger Throw","Riddle With Holes","Poisoned Stab"],"picked":"SKIP","floor":5},{"not_picked":["Backstab","Blur"],"picked":"Deadly Poison","floor":7},{"not_picked":["Acrobatics","Dodge and Roll"],"picked":"PiercingWail","floor":8},{"not_picked":["Acrobatics","Underhanded Strike"],"picked":"Deadly Poison","floor":11},{"not_picked":["Deadly Poison","Dagger Throw"],"picked":"Leg Sweep","floor":12},{"not_picked":["Die Die Die","After Image"],"picked":"Envenom","floor":16},{"not_picked":["Acrobatics","Sucker Punch"],"picked":"Noxious Fumes","floor":17},{"not_picked":["Infinite Blades","Caltrops"],"picked":"Footwork","floor":17},{"not_picked":["Finisher","Slice"],"picked":"Noxious Fumes","floor":17},{"not_picked":["Concentrate","Night Terror","Heel Hook"],"picked":"SKIP","floor":18},{"not_picked":["Poisoned Stab+1","Underhanded Strike","Slice+1"],"picked":"SKIP","floor":19}],"player_experience":946348,"relics_obtained":[{"floor":8,"key":"Potion Belt"}],"event_choices":[{"damage_healed":0,"gold_gain":0,"player_choice":"Bought 0 Potions","damage_taken":0,"max_hp_gain":0,"max_hp_loss":0,"event_name":"The Woman in Blue","floor":3,"gold_loss":0}],"is_beta":false,"boss_relics":[{"not_picked":["WristBlade","Tiny House"],"picked":"Orrery"}],"items_purged_floors":[14],"is_endless":false,"potions_floor_spawned":[1,5,12,16,18],"killed_by":"Centurion and Healer","ascension_level":3}