{"gold_per_floor":[111,111,122,137,7,35,35,67,67,67,67,101,101,120,120,193,193,113,84,84,34,34,34,34,34,34,34,34],"floor_reached":28,"playtime":2923,"items_purged":["Strike_B"],"score":544,"play_id":"b10399a9-f2b8-4ecc-9438-4b7fa57e9693","local_time":"20190510063409","is_ascension_mode":true,"campfire_choices":[{"data":"Doom and Gloom","floor":7.0,"key":"SMITH"},{"floor":11.0,"key":"REST"},{"floor":15.0,"key":"REST"},{"data":"Multi-Cast","floor":23,"key":"SMITH"},{"floor":25,"key":"REST"}],"neow_cost":"TEN_PERCENT_HP_LOSS","seed_source_timestamp":1511812516663930,"circlet_count":0,"master_deck":["AscendersBane","Strike_B","Strike_B","Strike_B+1","Defend_B+1","Defend_B","Defend_B","Defend_B","Zap+1","Dualcast","Ball Lightning","Compile Driver","Doom and Gloom+1","Ball Lightning","Loop","Sweeping Beam","Chill","Hologram","Multi-Cast+1","Steam Power+1","Compile Driver","Double Energy","Redo","Sweeping Beam+1","Glacier"],"special_seed":0,"relics":["Cracked Core","WingedGreaves","Bottled Flame","Boot","Question Card","Ancient Tea Set","Ectoplasm","Dream Catcher","Mummified Hand","Meat on the Bone"],"potions_floor_usage":[22,24,27],"damage_taken":[{"damage":2.0,"enemies":"2 Louse","floor":1.0,"turns":3.0},{"damage":0.0,"enemies":"Small Slimes","floor":3.0,"turns":2.0},{"damage":6.0,"enemies":"Cultist","floor":4.0,"turns":3.0},{"damage":20.0,"enemies":"Lagavulin","floor":6.0,"turns":5.0},{"damage":15.0,"enemies":"3 Sentries","floor":8.0,"turns":4.0},{"damage":8.0,"enemies":"Gremlin Nob","floor":12.0,"turns":3.0},{"damage":9.0,"enemies":"Red Slaver","floor":14.0,"turns":2.0},{"damage":12.0,"enemies":"The Guardian","floor":16.0,"turns":8.0},{"damage":18.0,"enemies":"2 Thieves","floor":18.0,"turns":3.0},{"damage":0,"enemies":"Chosen","floor":22,"turns":3},{"damage":13,"enemies":"Slavers","floor":24,"turns":4},{"damage":15,"enemies":"Gremlin Leader","floor":27,"turns":6},{"damage":34,"enemies":"Book of Stabbing","floor":28,"turns":4}],"seed_played":"6676018862781515774","potions_obtained":[{"floor":4.0,"key":"GamblersBrew"},{"floor":6.0,"key":"Swift Potion"},{"floor":13.0,"key":"Fruit Juice"},{"floor":13.0,"key":"Dexterity Potion"},{"floor":16.0,"key":"Dexterity Potion"},{"floor":18.0,"key":"Ancient Potion"},{"floor":24,"key":"LiquidBronze"}],"is_trial":false,"path_per_floor":["M","?","M","M","$","E","R","E","T","?","R","E","?","M","R","B",null,"M","$","?","?","M","R","E","R","T","E","E"],"character_chosen":"DEFECT","items_purchased":["Ball Lightning","Compile Driver"],"campfire_rested":3,"item_purchase_floors":[5,19],"current_hp_per_floor":[62,62,62,56,56,36,36,21,21,2,21,13,18,9,29,17,56,38,38,38,38,38,38,25,45,45,30,0],"gold":34,"neow_bonus":"ONE_RARE_RELIC","is_prod":false,"is_daily":false,"chose_seed":false,"campfire_upgraded":2,"win_rate":0,"timestamp":1557484449,"path_taken":["M","?","M","M","$","E","R","E","T","?","R","E","?","?","R","BOSS","M","$","?","?","?","R","E","R","T","E","E"],"build_version":"2019-01-23","purchased_purges":1,"victory":false,"max_hp_per_floor":[64,64,64,64,64,64,64,64,64,64,64,64,69,69,69,69,69,69,69,69,69,69,69,69,69,69,69,69],"card_choices":[{"not_picked":["Sweeping Beam","Rebound"],"picked":"Ball Lightning","floor":1.0},{"not_picked":["Turbo","Creative AI"],"picked":"Compile Driver","floor":3.0},{"not_picked":["Force Field","Barrage"],"picked":"Doom and Gloom","floor":4.0},{"not_picked":["Ball Lightning","Skim"],"picked":"Loop","floor":6.0},{"not_picked":["Blizzard","Reprogram"],"picked":"Sweeping Beam","floor":8.0},{"not_picked":["Beam Cell","Force Field","Gash"],"picked":"Chill","floor":12.0},{"not_picked":["Sweeping Beam","Self Repair","Leap"],"picked":"Hologram","floor":14.0},{"not_picked":["Buffer","Creative AI","Reboot"],"picked":"Multi-Cast","floor":16.0},{"not_picked":["Aggregate","Sweeping Beam","Rebound"],"picked":"Steam Power+1","floor":18.0},{"not_picked":["Aggregate","Conserve Battery","Compile Driver"],"picked":"Double Energy","floor":22},{"not_picked":["Beam Cell","Multi-Cast","Coolheaded"],"picked":"Redo","floor":24},{"not_picked":["Hologram","Blizzard","Gash"],"picked":"Sweeping Beam+1","floor":25},{"not_picked":["Rebound","Gash","Amplify"],"picked":"Glacier","floor":27}],"player_experience":2536188,"relics_obtained":[{"floor":6.0,"key":"Bottled Flame"},{"floor":8.0,"key":"Boot"},{"floor":9.0,"key":"Question Card"},{"floor":12.0,"key":"Ancient Tea Set"},{"floor":24,"key":"Dream Catcher"},{"floor":26,"key":"Mummified Hand"},{"floor":27,"key":"Meat on the Bone"}],"event_choices":[{"damage_healed":0.0,"max_hp_gain":0.0,"max_hp_loss":0.0,"gold_gain":0.0,"event_name":"Living Wall","player_choice":"Grow","floor":2.0,"gold_loss":0.0,"damage_taken":0.0,"cards_upgraded":["Zap"]},{"damage_healed":0.0,"max_hp_gain":0.0,"max_hp_loss":0.0,"gold_gain":0.0,"event_name":"Shining Light","player_choice":"Entered Light","floor":10.0,"gold_loss":0.0,"damage_taken":19.0,"cards_upgraded":["Defend_B","Strike_B"]},{"damage_healed":0.0,"max_hp_gain":0.0,"max_hp_loss":0.0,"gold_gain":0.0,"event_name":"Lab","player_choice":"Got Potions","floor":13.0,"gold_loss":0.0,"damage_taken":0.0},{"damage_healed":0.0,"max_hp_gain":0.0,"max_hp_loss":0.0,"gold_gain":0.0,"event_name":"The Mausoleum","player_choice":"Ignored","floor":20.0,"gold_loss":0.0,"damage_taken":0.0},{"damage_healed":0.0,"max_hp_gain":0.0,"max_hp_loss":0.0,"gold_gain":100.0,"event_name":"The Joust","player_choice":"Bet on Murderer","floor":21.0,"gold_loss":50.0,"damage_taken":0.0}],"is_beta":false,"boss_relics":[{"not_picked":["Astrolabe","Empty Cage"],"picked":"Ectoplasm"}],"items_purged_floors":[5],"is_endless":false,"potions_floor_spawned":[4,6,14,16,18,24],"killed_by":"Book of Stabbing","ascension_level":20}