{"gold_per_floor":[117,82,82,28,41,66,66,101,101,111,129,129,129],"floor_reached":13,"playtime":375,"items_purged":[],"score":236,"play_id":"08bcba5f-d878-4d05-819c-333a3467257a","local_time":"20190507112348","is_ascension_mode":true,"campfire_choices":[{"data":"Hologram","floor":12.0,"key":"SMITH"}],"neow_cost":"NONE","seed_source_timestamp":1272453471771955,"circlet_count":0,"master_deck":["AscendersBane","Strike_B","Strike_B","Strike_B+1","Strike_B","Defend_B+1","Defend_B","Defend_B","Defend_B","Zap","Dualcast","Sweeping Beam","Ball Lightning","FTL","Conserve Battery","Hologram+1","Compile Driver"],"special_seed":0,"relics":["Cracked Core","NeowsBlessing","Mummified Hand","Pantograph"],"potions_floor_usage":[13,13],"damage_taken":[{"damage":0.0,"enemies":"Jaw Worm","floor":1.0,"turns":1.0},{"damage":0.0,"enemies":"2 Louse","floor":5.0,"turns":1.0},{"damage":0.0,"enemies":"Gremlin Nob","floor":6.0,"turns":1.0},{"damage":30.0,"enemies":"3 Sentries","floor":8.0,"turns":5.0},{"damage":7.0,"enemies":"Small Slimes","floor":10.0,"turns":2.0},{"damage":5.0,"enemies":"3 Louse","floor":11.0,"turns":3.0},{"damage":30,"enemies":"Lagavulin","floor":13,"turns":3}],"seed_played":"3493192479870700614","potions_obtained":[{"floor":8.0,"key":"Strength Potion"},{"floor":11.0,"key":"Energy Potion"}],"is_trial":false,"path_per_floor":["M","?","?","$","M","E","?","E","T","M","M","R","E"],"character_chosen":"DEFECT","items_purchased":["FearPotion"],"campfire_rested":0,"item_purchase_floors":[4],"current_hp_per_floor":[64,71,50,50,50,50,55,25,25,18,13,13,0],"gold":129,"neow_bonus":"THREE_ENEMY_KILL","is_prod":false,"is_daily":false,"chose_seed":false,"campfire_upgraded":1,"win_rate":0,"timestamp":1557242628,"path_taken":["M","?","?","$","?","E","?","E","T","M","M","R","E"],"build_version":"2019-01-23","purchased_purges":0,"victory":false,"max_hp_per_floor":[71,71,71,71,71,71,76,76,76,76,76,76,76],"card_choices":[{"not_picked":["Rebound","Tempest"],"picked":"Sweeping Beam","floor":1.0},{"not_picked":["Coolheaded","Beam Cell"],"picked":"Ball Lightning","floor":5.0},{"not_picked":["Reboot","Streamline"],"picked":"FTL","floor":6.0},{"not_picked":["Turbo","Storm"],"picked":"Conserve Battery","floor":8.0},{"not_picked":["Leap","Beam Cell"],"picked":"Hologram","floor":10.0},{"not_picked":["Stack","Leap"],"picked":"Compile Driver","floor":11.0}],"player_experience":2445282,"relics_obtained":[{"floor":6.0,"key":"Mummified Hand"},{"floor":8.0,"key":"Pantograph"}],"event_choices":[{"damage_healed":17.0,"max_hp_gain":0.0,"max_hp_loss":0.0,"gold_gain":0.0,"event_name":"The Cleric","player_choice":"Healed","floor":2.0,"gold_loss":35.0,"damage_taken":0.0},{"damage_healed":0.0,"max_hp_gain":0.0,"max_hp_loss":0.0,"gold_gain":0.0,"event_name":"Shining Light","player_choice":"Entered Light","floor":3.0,"gold_loss":0.0,"damage_taken":21.0,"cards_upgraded":["Defend_B","Strike_B"]},{"damage_healed":0.0,"max_hp_gain":5.0,"max_hp_loss":0.0,"gold_gain":0.0,"event_name":"Big Fish","player_choice":"Donut","floor":7.0,"gold_loss":0.0,"damage_taken":0.0}],"is_beta":false,"boss_relics":[],"items_purged_floors":[],"is_endless":false,"potions_floor_spawned":[8,11],"killed_by":"Lagavulin","ascension_level":20}