{"gold_per_floor":[110,35,54,54,73,73,88,88,88,88,59,70,89,124,124,124],"floor_reached":16,"playtime":656,"items_purged":[],"score":204,"play_id":"ffe2dd00-7716-40f0-8c9f-5aac5c551329","local_time":"20181102113900","is_ascension_mode":true,"campfire_choices":[{"data":"Dodge and Roll","floor":6,"key":"SMITH"},{"data":"Malaise","floor":8,"key":"SMITH"},{"data":"Defend_G","floor":10,"key":"SMITH"},{"floor":15,"key":"REST"}],"neow_cost":"NONE","seed_source_timestamp":1077618636651660,"circlet_count":0,"master_deck":["AscendersBane","Defend_G","Defend_G","Defend_G","Defend_G","Defend_G+1","Strike_G","Strike_G","Strike_G","Strike_G","Survivor","Neutralize+1","Cloak And Dagger+1","Well Laid Plans","Dodge and Roll+1","Malaise+1","Poisoned Stab","Sucker Punch","Blur","Adrenaline"],"relics":["Ring of the Snake","Blue Candle","Gremlin Horn"],"potions_floor_usage":[16,16],"damage_taken":[{"damage":0,"enemies":"Jaw Worm","floor":1,"turns":6},{"damage":0,"enemies":"Small Slimes","floor":3,"turns":4},{"damage":0,"enemies":"Cultist","floor":5,"turns":5},{"damage":0,"enemies":"Blue Slaver","floor":7,"turns":6},{"damage":11,"enemies":"Lots of Slimes","floor":12,"turns":7},{"damage":11,"enemies":"Exordium Thugs","floor":13,"turns":6},{"damage":9,"enemies":"3 Sentries","floor":14,"turns":14},{"damage":50,"enemies":"Slime Boss","floor":16,"turns":16}],"seed_played":"875918892909802273","potions_obtained":[{"floor":7,"key":"Ancient Potion"},{"floor":12,"key":"GhostInAJar"},{"floor":13,"key":"PowerPotion"}],"is_trial":false,"path_per_floor":["M","?","M","?","M","R","M","R","T","R","$","M","M","E","R","B"],"character_chosen":"THE_SILENT","items_purchased":["Poisoned Stab"],"campfire_rested":1,"item_purchase_floors":[11],"current_hp_per_floor":[59,59,59,59,59,59,59,59,59,59,59,48,37,28,47,0],"gold":124,"neow_bonus":"UPGRADE_CARD","is_prod":false,"is_daily":false,"chose_seed":false,"campfire_upgraded":3,"win_rate":0,"timestamp":1541183940,"path_taken":["M","?","M","?","M","R","M","R","T","R","$","M","M","E","R","BOSS"],"build_version":"2018-11-01v2","purchased_purges":0,"victory":false,"max_hp_per_floor":[66,66,66,66,66,66,66,66,66,66,66,66,66,66,66,66],"card_choices":[{"not_picked":["Outmaneuver","Prepared"],"picked":"Cloak And Dagger","floor":1},{"not_picked":["Finisher","Deflect"],"picked":"Well Laid Plans","floor":3},{"not_picked":["Deadly Poison","Choke"],"picked":"Dodge and Roll","floor":5},{"not_picked":["PiercingWail","All Out Attack"],"picked":"Malaise","floor":7},{"not_picked":["Bane","Prepared"],"picked":"Sucker Punch","floor":12},{"not_picked":["Quick Slash","Expertise"],"picked":"Blur","floor":13},{"not_picked":["PiercingWail","Underhanded Strike"],"picked":"Adrenaline","floor":14}],"player_experience":953550,"relics_obtained":[{"floor":9,"key":"Blue Candle"},{"floor":14,"key":"Gremlin Horn"}],"event_choices":[{"cards_removed":["Strike_G"],"damage_healed":0,"gold_gain":0,"player_choice":"Card Removal","damage_taken":0,"max_hp_gain":0,"max_hp_loss":0,"event_name":"The Cleric","floor":2,"gold_loss":75},{"damage_healed":0,"gold_gain":0,"player_choice":"Forge","damage_taken":0,"max_hp_gain":0,"max_hp_loss":0,"event_name":"Accursed Blacksmith","floor":4,"gold_loss":0,"cards_upgraded":["Cloak And Dagger"]}],"is_beta":true,"boss_relics":[],"items_purged_floors":[],"is_endless":false,"potions_floor_spawned":[7,12,13],"killed_by":"Slime Boss","ascension_level":20}