{"gold_per_floor":[114,129,129,149,114,114,143,143,192,192,218,241,258,273,273,273],"floor_reached":16,"playtime":505,"items_purged":[],"score":220,"play_id":"889ca357-2dfc-419a-9262-369fe54d385a","local_time":"20190428072521","is_ascension_mode":true,"campfire_choices":[{"data":"Beam Cell","floor":6,"key":"SMITH"},{"data":"Dualcast","floor":8,"key":"SMITH"},{"data":"Cold Snap","floor":10,"key":"SMITH"},{"data":"Cold Snap","floor":15,"key":"SMITH"}],"neow_cost":"NONE","seed_source_timestamp":480393424478830,"circlet_count":0,"master_deck":["AscendersBane","Strike_B","Strike_B","Strike_B","Strike_B","Defend_B","Defend_B","Defend_B","Defend_B","Zap+1","Dualcast+1","Compile Driver","Cold Snap+1","Beam Cell+1","Steam","Cold Snap+1","Coolheaded","Electrodynamics","Chill"],"relics":["Cracked Core","Potion Belt","Dream Catcher","PreservedInsect","Orichalcum","Odd Mushroom"],"potions_floor_usage":[14],"damage_taken":[{"damage":8,"enemies":"Small Slimes","floor":1,"turns":3},{"damage":4,"enemies":"Jaw Worm","floor":2,"turns":4},{"damage":0,"enemies":"2 Louse","floor":4,"turns":2},{"damage":6,"enemies":"Gremlin Nob","floor":7,"turns":3},{"damage":23,"enemies":"3 Sentries","floor":11,"turns":6},{"damage":13,"enemies":"The Mushroom Lair","floor":12,"turns":4},{"damage":2,"enemies":"Looter","floor":13,"turns":2},{"damage":0,"enemies":"Exordium Wildlife","floor":14,"turns":2},{"damage":18,"enemies":"Slime Boss","floor":16,"turns":3}],"seed_played":"4698497199731368732","potions_obtained":[{"floor":4,"key":"LiquidBronze"},{"floor":11,"key":"Energy Potion"},{"floor":12,"key":"LiquidBronze"},{"floor":13,"key":"LiquidBronze"}],"is_trial":false,"path_per_floor":["M","M","?","M","?","R","E","R","T","R","E","?","M","M","R","B"],"character_chosen":"DEFECT","items_purchased":[],"campfire_rested":0,"item_purchase_floors":[],"current_hp_per_floor":[56,52,41,41,58,58,52,52,52,52,29,16,14,14,14,0],"gold":273,"neow_bonus":"UPGRADE_CARD","is_prod":false,"is_daily":false,"chose_seed":false,"campfire_upgraded":4,"win_rate":0,"timestamp":1556450721,"path_taken":["M","M","?","M","?","R","E","R","T","R","E","?","M","M","R","BOSS"],"build_version":"2019-01-23","purchased_purges":0,"victory":false,"max_hp_per_floor":[71,71,71,71,71,71,71,71,71,71,71,71,71,71,71,71],"card_choices":[{"not_picked":["Rebound","Leap"],"picked":"Compile Driver","floor":1},{"not_picked":["Storm","Coolheaded"],"picked":"Cold Snap","floor":2},{"not_picked":["Redo","Stack"],"picked":"Beam Cell","floor":4},{"not_picked":["Leap","Reprogram"],"picked":"Steam","floor":7},{"not_picked":["Skim","Reinforced Body"],"picked":"Cold Snap","floor":11},{"not_picked":["Leap","Sweeping Beam"],"picked":"Coolheaded","floor":12},{"not_picked":["Self Repair","Defragment"],"picked":"Electrodynamics","floor":13},{"not_picked":["Rip and Tear","Reinforced Body"],"picked":"Chill","floor":14}],"player_experience":2040560,"relics_obtained":[{"floor":7,"key":"Dream Catcher"},{"floor":9,"key":"PreservedInsect"},{"floor":11,"key":"Orichalcum"},{"floor":12,"key":"Odd Mushroom"}],"event_choices":[{"damage_healed":0,"gold_gain":0,"player_choice":"Success","damage_taken":11,"relics_obtained":["Potion Belt"],"max_hp_gain":0,"max_hp_loss":0,"event_name":"Scrap Ooze","floor":3,"gold_loss":0},{"damage_healed":17,"gold_gain":0,"player_choice":"Healed","damage_taken":0,"max_hp_gain":0,"max_hp_loss":0,"event_name":"The Cleric","floor":5,"gold_loss":35},{"damage_healed":0,"gold_gain":0,"player_choice":"Fought Mushrooms","damage_taken":0,"max_hp_gain":0,"max_hp_loss":0,"event_name":"Mushrooms","floor":12,"gold_loss":0}],"is_beta":false,"boss_relics":[],"items_purged_floors":[],"is_endless":false,"potions_floor_spawned":[4,11,12,13],"killed_by":"Slime Boss","ascension_level":20}