{"gold_per_floor":[112,37,55,55,4,33,45,76,76,76,104,104,129,129,129,206,206,226,151,151,151,162,162,192,392,460,494,505,505,519,519,519,597,597,609,165,185,185,107,136,136,149,149,174,194,194,194,229,229,229,229,229,229,36,71,71],"floor_reached":57,"playtime":3516,"items_purged":["Strike_B","Strike_B"],"score":2954,"play_id":"e4426a2b-8e64-4099-a3a0-76a72e28e6a8","local_time":"20190511145045","is_ascension_mode":true,"campfire_choices":[{"data":"Streamline","floor":10,"key":"SMITH"},{"data":"Sweeping Beam","floor":12,"key":"SMITH"},{"data":"Dualcast","floor":15,"key":"SMITH"},{"floor":23,"key":"REST"},{"data":"Zap","floor":29,"key":"SMITH"},{"floor":32,"key":"RECALL"},{"data":"Glacier","floor":41,"key":"SMITH"},{"data":"PanicButton","floor":47,"key":"SMITH"},{"floor":49,"key":"REST"},{"floor":53,"key":"REST"}],"neow_cost":"NONE","seed_source_timestamp":9335666370541,"circlet_count":0,"master_deck":["AscendersBane","Strike_B","Strike_B","Defend_B","Defend_B","Defend_B","Defend_B","Zap+1","Dualcast+1","Glacier","Core Surge","Glacier+1","Streamline+1","Sweeping Beam+1","Biased Cognition+1","Coolheaded+1","Electrodynamics+1","Buffer+1","Ball Lightning+1","Static Discharge+1","Skim+1","Recycle+1","Static Discharge+1","PanicButton+1","Reinforced Body+1","Capacitor+1","Amplify"],"relics":["Cracked Core","NeowsBlessing","Mercury Hourglass","Symbiotic Virus","Pantograph","Frozen Egg 2","Dream Catcher","Du-Vu Doll","Nuclear Battery","Enchiridion","Singing Bowl","Cables","Ornamental Fan","Sozu","Calipers","Prayer Wheel","Potion Belt","Gremlin Horn","Pear"],"potions_floor_usage":[16,16,27,50,56],"damage_taken":[{"damage":0,"enemies":"Jaw Worm","floor":1,"turns":1},{"damage":0,"enemies":"Cultist","floor":3,"turns":1},{"damage":0,"enemies":"3 Sentries","floor":6,"turns":1},{"damage":3,"enemies":"Small Slimes","floor":7,"turns":2},{"damage":4,"enemies":"Gremlin Nob","floor":8,"turns":3},{"damage":20,"enemies":"Lagavulin","floor":11,"turns":5},{"damage":7,"enemies":"3 Sentries","floor":13,"turns":4},{"damage":47,"enemies":"Hexaghost","floor":16,"turns":9},{"damage":1,"enemies":"3 Byrds","floor":18,"turns":3},{"damage":0,"enemies":"Spheric Guardian","floor":22,"turns":4},{"damage":0,"enemies":"Gremlin Leader","floor":24,"turns":5},{"damage":12,"enemies":"Book of Stabbing","floor":27,"turns":4},{"damage":0,"enemies":"Cultist and Chosen","floor":28,"turns":3},{"damage":0,"enemies":"Centurion and Healer","floor":30,"turns":3},{"damage":48,"enemies":"Automaton","floor":33,"turns":11},{"damage":0,"enemies":"3 Shapes","floor":35,"turns":1},{"damage":0,"enemies":"Orb Walker","floor":37,"turns":2},{"damage":0,"enemies":"Reptomancer","floor":40,"turns":4},{"damage":0,"enemies":"4 Shapes","floor":42,"turns":1},{"damage":0,"enemies":"Giant Head","floor":44,"turns":9},{"damage":0,"enemies":"Spire Growth","floor":45,"turns":4},{"damage":19,"enemies":"Reptomancer","floor":48,"turns":2},{"damage":24,"enemies":"Donu and Deca","floor":50,"turns":7},{"damage":33,"enemies":"Time Eater","floor":51,"turns":16},{"damage":3,"enemies":"Shield and Spear","floor":55,"turns":5},{"damage":38,"enemies":"The Heart","floor":56,"turns":12}],"seed_played":"8587649172919087108","potions_obtained":[{"floor":1,"key":"FearPotion"},{"floor":7,"key":"SteroidPotion"},{"floor":22,"key":"LiquidBronze"},{"floor":24,"key":"Ancient Potion"},{"floor":27,"key":"Dexterity Potion"}],"is_trial":false,"path_per_floor":["M","$","M","$","?","E","M","E","T","R","E","R","E","?","R","B",null,"M","$","?","?","M","R","E","?","T","E","M","R","M","?","R","B",null,"M","$","M","?","$","E","R","M","T","E","M","?","R","E","R","B","B",null,"R","$","E","B",null],"character_chosen":"DEFECT","items_purchased":["Core Surge","Calipers","Static Discharge+1","Capacitor+1","Amplify"],"campfire_rested":3,"item_purchase_floors":[2,36,39,54,54],"current_hp_per_floor":[64,64,64,64,64,64,61,57,57,57,37,37,30,30,30,8,55,54,54,33,33,33,54,56,56,56,46,48,48,50,50,50,27,66,66,66,68,68,68,70,70,74,74,74,74,68,68,51,77,65,56,81,91,91,100,65],"gold":71,"neow_bonus":"THREE_ENEMY_KILL","is_prod":false,"is_daily":false,"chose_seed":false,"campfire_upgraded":6,"win_rate":0,"timestamp":1557579045,"path_taken":["M","$","M","$","?","E","?","E","T","R","E","R","E","?","R","BOSS","M","$","?","?","M","R","E","?","T","E","?","R","M","?","R","BOSS","M","$","M","?","$","E","R","M","T","E","M","?","R","E","R","BOSS","BOSS","R","$","E","BOSS"],"build_version":"2019-01-23","purchased_purges":2,"victory":true,"max_hp_per_floor":[71,71,71,71,71,71,71,71,71,71,71,71,71,71,71,71,71,71,71,71,71,71,71,73,73,73,75,77,77,79,79,79,79,79,79,79,81,77,77,79,79,83,83,83,83,87,87,89,89,89,89,89,91,91,103,103],"card_choices":[{"not_picked":["Tempest","Recycle"],"picked":"Glacier","floor":1},{"not_picked":["Conserve Battery","Redo","Self Repair"],"picked":"SKIP","floor":3},{"not_picked":["Coolheaded","Scrape","Leap"],"picked":"SKIP","floor":6},{"not_picked":["Go for the Eyes","Hologram"],"picked":"Glacier","floor":7},{"not_picked":["Steam","Loop"],"picked":"Streamline","floor":8},{"not_picked":["Melter","Reboot"],"picked":"Sweeping Beam","floor":11},{"not_picked":["Reboot","Stack","Double Energy"],"picked":"SKIP","floor":13},{"not_picked":["Seek","Rainbow"],"picked":"Biased Cognition+1","floor":16},{"not_picked":["Sweeping Beam","Cold Snap"],"picked":"Coolheaded+1","floor":18},{"not_picked":["Redo","Chaos","Compile Driver"],"picked":"SKIP","floor":22},{"not_picked":["Go for the Eyes","Steam"],"picked":"Electrodynamics+1","floor":23},{"not_picked":["Cold Snap","Chaos","Sunder"],"picked":"Singing Bowl","floor":24},{"not_picked":["Cold Snap","Rip and Tear","Fusion"],"picked":"Singing Bowl","floor":27},{"not_picked":["Scrape","Consume","Stack"],"picked":"Singing Bowl","floor":28},{"not_picked":["Rebound","Sunder","Sweeping Beam"],"picked":"Singing Bowl","floor":30},{"not_picked":["Biased Cognition+1","Machine Learning+1"],"picked":"Buffer+1","floor":33},{"not_picked":["Turbo","Static Discharge+1"],"picked":"Ball Lightning+1","floor":35},{"not_picked":["Sweeping Beam","Ball Lightning","Compile Driver"],"picked":"Singing Bowl","floor":37},{"not_picked":["Ball Lightning","FTL","Turbo"],"picked":"Singing Bowl","floor":40},{"not_picked":["Meteor Strike","Blizzard+1","Genetic Algorithm"],"picked":"Singing Bowl","floor":42},{"not_picked":["Stack+1","Undo","Sweeping Beam+1"],"picked":"Singing Bowl","floor":42},{"not_picked":["Chill","Lockon+1"],"picked":"Skim+1","floor":44},{"not_picked":["Steam","Darkness"],"picked":"Recycle+1","floor":45},{"not_picked":["Stack+1","Rebound"],"picked":"Static Discharge+1","floor":45},{"not_picked":["HandOfGreed","Blind"],"picked":"PanicButton","floor":46},{"not_picked":["Blind","Jack Of All Trades","Bandage Up"],"picked":"Singing Bowl","floor":46},{"not_picked":["Magnetism+1","Transmutation","Enlightenment"],"picked":"Singing Bowl","floor":46},{"not_picked":["Redo","Sweeping Beam+1","Conserve Battery"],"picked":"Singing Bowl","floor":48},{"not_picked":["Turbo","Darkness"],"picked":"Reinforced Body+1","floor":49},{"not_picked":["Leap","Beam Cell","Blizzard"],"picked":"Singing Bowl","floor":53},{"not_picked":["Storm+1","Conserve Battery","Tempest"],"picked":"Singing Bowl","floor":55}],"player_experience":358841,"relics_obtained":[{"floor":6,"key":"Symbiotic Virus"},{"floor":8,"key":"Pantograph"},{"floor":9,"key":"Frozen Egg 2"},{"floor":11,"key":"Dream Catcher"},{"floor":13,"key":"Du-Vu Doll"},{"floor":20,"key":"Enchiridion"},{"floor":24,"key":"Singing Bowl"},{"floor":26,"key":"Cables"},{"floor":27,"key":"Ornamental Fan"},{"floor":40,"key":"Prayer Wheel"},{"floor":44,"key":"Potion Belt"},{"floor":48,"key":"Gremlin Horn"},{"floor":55,"key":"Pear"}],"event_choices":[{"damage_healed":0,"gold_gain":0,"player_choice":"Paid Gold","damage_taken":0,"relics_obtained":["Mercury Hourglass"],"max_hp_gain":0,"max_hp_loss":0,"event_name":"WeMeetAgain","floor":5,"gold_loss":51},{"damage_healed":0,"gold_gain":0,"player_choice":"Ignored","damage_taken":0,"max_hp_gain":0,"max_hp_loss":0,"event_name":"Liars Game","floor":14,"gold_loss":0},{"damage_healed":0,"gold_gain":0,"player_choice":"Obtained Book","damage_taken":21,"max_hp_gain":0,"max_hp_loss":0,"event_name":"Cursed Tome","floor":20,"gold_loss":0},{"damage_healed":0,"gold_gain":0,"player_choice":"Ignored","damage_taken":0,"max_hp_gain":0,"max_hp_loss":0,"event_name":"Ghosts","floor":21,"gold_loss":0},{"damage_healed":0,"gold_gain":250,"player_choice":"Bet on Owner","damage_taken":0,"max_hp_gain":0,"max_hp_loss":0,"event_name":"The Joust","floor":25,"gold_loss":50},{"damage_healed":0,"gold_gain":0,"player_choice":"Ignored","damage_taken":0,"max_hp_gain":0,"max_hp_loss":0,"event_name":"Vampires","floor":31,"gold_loss":0},{"damage_healed":0,"gold_gain":0,"player_choice":"Max HP","damage_taken":0,"max_hp_gain":0,"max_hp_loss":4,"event_name":"Winding Halls","floor":38,"gold_loss":0},{"damage_healed":0,"gold_gain":0,"player_choice":"Memory 3","damage_taken":10,"max_hp_gain":0,"max_hp_loss":0,"event_name":"SensoryStone","floor":46,"gold_loss":0}],"is_beta":false,"boss_relics":[{"not_picked":["FrozenCore","Runic Dome"],"picked":"Nuclear Battery"},{"not_picked":["Eternal Feather","Calling Bell"],"picked":"Sozu"}],"items_purged_floors":[19,36],"is_endless":false,"potions_floor_spawned":[1,7,8,11,13,22,24,27,28,33,37,40,42],"ascension_level":20}