{"gold_per_floor":[114,264,66,141,152,184,197,231,313,333,333],"floor_reached":11,"playtime":320,"items_purged":["Doubt"],"score":216,"play_id":"f8453935-cc0d-40b6-a98c-20a9cb052545","local_time":"20190409031103","is_ascension_mode":true,"campfire_choices":[],"neow_cost":"NONE","seed_source_timestamp":666111386312740,"circlet_count":0,"master_deck":["AscendersBane","Defend_G","Defend_G","Defend_G","Defend_G","Defend_G","Strike_G","Strike_G","Strike_G","Strike_G","Strike_G","Survivor","Neutralize","Dagger Throw","Riddle With Holes","Well Laid Plans","Predator","PiercingWail","A Thousand Cuts"],"relics":["Ring of the Snake","NeowsBlessing","FossilizedHelix","Juzu Bracelet","Paper Crane"],"potions_floor_usage":[8],"damage_taken":[{"damage":0,"enemies":"2 Louse","floor":1,"turns":2},{"damage":0,"enemies":"Jaw Worm","floor":5,"turns":1},{"damage":0,"enemies":"Lagavulin","floor":6,"turns":1},{"damage":0,"enemies":"Small Slimes","floor":7,"turns":4},{"damage":33,"enemies":"Gremlin Nob","floor":8,"turns":4},{"damage":6,"enemies":"Looter","floor":10,"turns":4},{"damage":37,"enemies":"Gremlin Nob","floor":11,"turns":4}],"seed_played":"-2380986679143265095","potions_obtained":[{"floor":1,"key":"Energy Potion"},{"floor":6,"key":"Dexterity Potion"},{"floor":7,"key":"SteroidPotion"}],"is_trial":false,"path_per_floor":["M","?","$","?","M","E","M","E","T","M","?"],"character_chosen":"THE_SILENT","items_purchased":["Riddle With Holes","Well Laid Plans"],"campfire_rested":0,"item_purchase_floors":[3,3],"current_hp_per_floor":[59,59,59,48,48,48,48,15,15,9,0],"gold":333,"neow_bonus":"THREE_ENEMY_KILL","is_prod":false,"is_daily":false,"chose_seed":false,"campfire_upgraded":0,"win_rate":0,"timestamp":1554793863,"path_taken":["M","?","$","?","M","E","M","E","T","M","?"],"build_version":"2019-01-23","purchased_purges":1,"victory":false,"max_hp_per_floor":[66,66,66,66,66,66,66,66,66,66,66],"card_choices":[{"not_picked":["Calculated Gamble","Tactician"],"picked":"Dagger Throw","floor":1},{"not_picked":["Well Laid Plans","Slice"],"picked":"Predator","floor":5},{"not_picked":["Outmaneuver","Deflect","Prepared"],"picked":"SKIP","floor":6},{"not_picked":["Expertise","Prepared"],"picked":"PiercingWail","floor":7},{"not_picked":["Finisher","Accuracy"],"picked":"A Thousand Cuts","floor":8},{"not_picked":["Endless Agony","Setup","Masterful Stab"],"picked":"SKIP","floor":10}],"player_experience":1764421,"relics_obtained":[{"floor":6,"key":"FossilizedHelix"},{"floor":8,"key":"Juzu Bracelet"},{"floor":9,"key":"Paper Crane"}],"event_choices":[{"damage_healed":0,"gold_gain":150,"player_choice":"AGREE","damage_taken":0,"max_hp_gain":0,"max_hp_loss":0,"event_name":"Liars Game","floor":2,"gold_loss":0,"cards_obtained":["Doubt"]},{"damage_healed":0,"gold_gain":75,"player_choice":"Gather Gold","damage_taken":11,"max_hp_gain":0,"max_hp_loss":0,"event_name":"World of Goop","floor":4,"gold_loss":0},{"damage_healed":0,"gold_gain":0,"player_choice":"Searched \u00271\u0027 times","damage_taken":0,"max_hp_gain":0,"max_hp_loss":0,"event_name":"Dead Adventurer","floor":11,"gold_loss":0}],"is_beta":false,"boss_relics":[],"items_purged_floors":[3],"is_endless":false,"potions_floor_spawned":[1,6,7],"killed_by":"Gremlin Nob","ascension_level":20}