{"path_per_floor":["M","M","M","?","?","R","?","R","T","M","E","R","E","T","R","B",null,"M","$","?","?","M","R","?","R","T","R","?","R","M","M","R","B",null,"M","?","?","$","?","R","M","M","T","M","$","M","R","M","R"],"character_chosen":"THE_SILENT","items_purchased":["Ornamental Fan","Acrobatics","Omamori","Heel Hook","Dagger Throw"],"gold_per_floor":[112,125,145,145,145,145,145,145,145,161,196,196,223,223,223,298,298,312,41,41,41,51,51,51,51,76,76,76,76,87,107,107,183,183,194,194,194,4,0,0,19,38,38,49,24,42,42,52,52,52],"floor_reached":50,"campfire_rested":0,"playtime":2347,"current_hp_per_floor":[49,44,44,44,44,44,44,44,44,45,51,51,45,45,45,59,70,60,60,51,51,53,53,32,32,32,32,32,32,34,38,38,29,36,38,31,31,31,31,31,33,35,35,37,37,36,36,40,40,0],"items_purged":[],"gold":52,"score":923,"play_id":"5d5608c5-a84f-44dd-90ab-9b6802b07bef","local_time":"20180411121617","is_prod":false,"is_daily":false,"is_ascension_mode":true,"campfire_upgraded":12,"timestamp":1523463377,"path_taken":["M","M","M","?","?","R","?","R","T","?","E","R","E","?","R","BOSS","M","$","?","?","M","R","?","R","T","R","?","R","M","?","R","BOSS","M","?","?","$","?","R","M","M","T","?","$","M","R","M","R","BOSS"],"build_version":"2018-04-05v2","purchased_purges":1,"victory":false,"master_deck":["Defend_G","Defend_G","Defend_G","Defend_G","Defend_G","Strike_G","Strike_G","Strike_G","Strike_G","Strike_G","Survivor","Neutralize+1","AscendersBane","Adrenaline","Infinite Blades+1","Choke+1","Flying Knee","Neutralize+1","Dagger Throw","Backstab","Dagger Spray+1","Storm of Steel+1","Underhanded Strike+1","Acrobatics+1","Predator+1","Necronomicurse","Doubt","Ghostly","Ghostly","Ghostly","Ghostly","Ghostly","Blade Dance+1","After Image+1","Terror","Madness","Madness","Sadistic Nature+1","Heel Hook","Footwork+1","PiercingWail","Dagger Throw","Finisher+1"],"max_hp_per_floor":[66,66,66,66,66,66,66,66,66,66,73,73,73,73,73,73,73,73,73,73,73,73,73,73,73,73,73,36,36,36,38,38,38,38,38,38,38,38,38,38,38,38,38,40,40,40,40,42,42,42],"relics":["Ring of the Snake","Blood Vial","Strawberry","Tingsha","Thread and Needle","Cursed Key","Ornamental Fan","Necronomicon","Singing Bowl","Philosopher\u0027s Stone","Omamori","Red Mask","The Specimen"],"card_choices":[{"not_picked":["Wraith Form","Venomology"],"picked":"Adrenaline","floor":0},{"not_picked":["Setup","Riddle With Holes"],"picked":"Infinite Blades","floor":1},{"not_picked":["Dagger Spray","Heel Hook"],"picked":"Choke","floor":2},{"not_picked":["Well Laid Plans","Heel Hook"],"picked":"Flying Knee","floor":3},{"not_picked":["Deflect","Slice"],"picked":"Dagger Throw","floor":10},{"not_picked":["Skewer","Wraith Form"],"picked":"Backstab","floor":11},{"not_picked":["Quick Slash","Slice"],"picked":"Dagger Spray","floor":13},{"not_picked":["Grand Finale","Corpse Explosion"],"picked":"Storm of Steel","floor":16},{"not_picked":["Dagger Spray","Eviscerate"],"picked":"Underhanded Strike","floor":18},{"not_picked":["Noxious Fumes","Acrobatics"],"picked":"Predator","floor":22},{"not_picked":["PiercingWail","Skewer"],"picked":"Blade Dance","floor":30},{"not_picked":["Tactician","Venomology"],"picked":"After Image","floor":33},{"not_picked":["Slice","Deflect"],"picked":"Terror","floor":35},{"not_picked":["Purity","Madness"],"picked":"Sadistic Nature","floor":37},{"not_picked":["Eviscerate","Crippling Poison"],"picked":"Footwork","floor":41},{"not_picked":["Underhanded Strike","Infinite Blades"],"picked":"PiercingWail","floor":42},{"not_picked":["Quick Slash","Die Die Die"],"picked":"Finisher","floor":46}],"player_experience":821178,"potions_floor_usage":[11,11,16,16,44,50,50,50],"damage_taken":[{"damage":10,"enemies":"Jaw Worm","floor":1,"turns":7},{"damage":5,"enemies":"Cultist","floor":2,"turns":4},{"damage":0,"enemies":"Small Slimes","floor":3,"turns":3},{"damage":1,"enemies":"Looter","floor":10,"turns":2},{"damage":15,"enemies":"Lagavulin","floor":11,"turns":6},{"damage":8,"enemies":"Gremlin Nob","floor":13,"turns":3},{"damage":0,"enemies":"Slime Boss","floor":16,"turns":5},{"damage":12,"enemies":"2 Thieves","floor":18,"turns":3},{"damage":0,"enemies":"Shell Parasite","floor":22,"turns":3},{"damage":0,"enemies":"Cultist and Chosen","floor":30,"turns":5},{"damage":0,"enemies":"Slaver and Parasite","floor":31,"turns":4},{"damage":9,"enemies":"Automaton","floor":33,"turns":10},{"damage":0,"enemies":"Orb Walker","floor":35,"turns":3},{"damage":0,"enemies":"3 Shapes","floor":41,"turns":3},{"damage":0,"enemies":"3 Darklings","floor":42,"turns":5},{"damage":2,"enemies":"Sphere and 2 Shapes","floor":44,"turns":6},{"damage":3,"enemies":"4 Shapes","floor":46,"turns":6},{"damage":0,"enemies":"3 Darklings","floor":48,"turns":4},{"damage":49,"enemies":"Time Eater","floor":50,"turns":10}],"event_choices":[{"event_name":"Match and Keep!","player_choice":"1 cards matched","floor":4,"damage_taken":0},{"event_name":"Fountain of Cleansing","player_choice":"Removed Curse","floor":5,"damage_taken":0},{"event_name":"The Lab","player_choice":"Got Potions","floor":7,"damage_taken":0},{"event_name":"Knowing Skull","player_choice":"","floor":20,"damage_taken":0},{"event_name":"The Mausoleum","player_choice":"No","floor":21,"damage_taken":0},{"event_name":"Cursed Tome","player_choice":"Obtained Book","floor":24,"damage_taken":0},{"event_name":"Ghosts","player_choice":"Became a Ghost","floor":28,"damage_taken":0},{"event_name":"Winding Halls","player_choice":"Embrace Madness","floor":36,"damage_taken":0},{"event_name":"SensoryStone","player_choice":"Memory 1","floor":37,"damage_taken":0},{"event_name":"Tomb of Lord Red Mask","player_choice":"Paid","floor":39,"damage_taken":0}],"boss_relics":[{"not_picked":["Snecko Eye","Tiny House"],"picked":"Cursed Key"},{"not_picked":["Eternal Feather","Velvet Choker"],"picked":"Philosopher\u0027s Stone"}],"potions_floor_spawned":[1,2,13,22,30,41,42,44],"seed_played":"-3060968184992296177","killed_by":"Time Eater","ascension_level":15,"is_trial":false}