{"path_per_floor":["M","M","$","?","?","R","E","R","T","E","M","?","M","M","R","B",null,"M","?","M","$","M","R","E","?","T","E","M","E","M","?","R","B",null,"M","M","M","?","?","E","R","M","T","M","?"],"character_chosen":"THE_SILENT","items_purchased":["Skewer","Caltrops","Acrobatics","Vajra","Bane","War Paint"],"gold_per_floor":[110,121,7,7,7,7,47,47,47,82,105,180,204,225,225,345,345,364,364,388,19,38,38,77,77,101,130,149,181,192,117,117,215,215,225,236,254,254,254,285,285,303,303,315,0],"floor_reached":46,"campfire_rested":3,"playtime":5969,"current_hp_per_floor":[63,63,63,48,30,48,29,47,47,49,51,40,41,43,43,19,63,63,47,49,49,34,34,26,26,31,25,27,26,21,21,21,23,63,59,54,57,57,57,19,40,38,38,19,19],"items_purged":[],"gold":0,"play_id":"0977d587-7fd8-4a9a-b1d7-2e170d3f4979","is_prod":false,"is_daily":false,"is_ascension_mode":false,"campfire_upgraded":3,"path_taken":["M","M","$","?","?","R","E","R","T","E","M","?","M","?","R","BOSS","M","?","M","?","M","R","E","?","T","E","M","E","?","?","R","BOSS","M","?","M","?","?","E","R","?","T","M","?","E"],"build_version":"2018-02-01-PROD3","purchased_purges":2,"victory":false,"master_deck":["Defend_G","Defend_G+1","Defend_G","Strike_G+1","Survivor+1","Neutralize","Sucker Punch+1","Skewer+1","Caltrops","Backstab+1","Dagger Spray+1","Poisoned Stab+1","Crippling Poison+1","Terror","Wraith Form+1","Flechettes+1","Well Laid Plans+1","Noxious Fumes+1","Acrobatics","Bane+1","Backflip","Predator+1","Quick Slash+1","Flying Knee+1","Dagger Spray+1","Sucker Punch+1","Backflip+1","Die Die Die+1","Outmaneuver+1","Riddle With Holes+1"],"max_hp_per_floor":[63,63,63,63,63,63,63,63,63,63,63,63,63,63,63,63,63,63,63,63,63,63,63,63,63,63,63,63,63,63,63,63,63,63,63,63,63,63,63,70,70,70,70,70,70],"relics":["Ring of the Snake","Bloody Idol","Molten Egg 2","Blood Vial","Thread and Needle","Whetstone","Astrolabe","Nilry\u0027s Codex","Vajra","War Paint","Tingsha","Dream Catcher","Shuriken","Bag of Preparation","Black Star","Strawberry","Lantern","Sundial","Red Mask"],"card_choices":[{"not_picked":["PiercingWail","Slice"],"picked":"Sucker Punch"},{"not_picked":["Slice","Poisoned Stab"],"picked":"Well Laid Plans"},{"not_picked":["Sucker Punch","Unload"],"picked":"Backstab"},{"not_picked":["Catalyst","Unload"],"picked":"Dagger Spray"},{"not_picked":["Prepared","Flying Knee"],"picked":"Poisoned Stab"},{"not_picked":["Deadly Poison","Flying Knee"],"picked":"Crippling Poison"},{"not_picked":["Dodge and Roll","Deflect"],"picked":"Terror"},{"not_picked":["Flying Knee","Outmaneuver"],"picked":"Noxious Fumes"},{"not_picked":["Dagger Spray","Dagger Throw"],"picked":"Backflip"},{"not_picked":["Crippling Poison","Dagger Throw"],"picked":"Predator"},{"not_picked":["Skewer","Masterful Stab"],"picked":"Quick Slash"},{"not_picked":["Night Terror","Blade Dance"],"picked":"Flying Knee"},{"not_picked":["Deflect","Crippling Poison"],"picked":"Dagger Spray"},{"not_picked":["Heel Hook","Poisoned Stab"],"picked":"Sucker Punch"},{"not_picked":["PiercingWail","Deadly Poison"],"picked":"Backflip"},{"not_picked":["Outmaneuver","Malaise"],"picked":"Die Die Die"},{"not_picked":["Acrobatics","Quick Slash"],"picked":"Outmaneuver"},{"not_picked":["Dodge and Roll","Quick Slash"],"picked":"Riddle With Holes"}],"player_experience":12202,"potions_floor_usage":[22,27,28,33,33,40,44],"damage_taken":[{"damage":0,"enemies":"Small Slimes","floor":1,"turns":5},{"damage":0,"enemies":"Cultist","floor":2,"turns":4},{"damage":19,"enemies":"Lagavulin","floor":7,"turns":13},{"damage":0,"enemies":"Gremlin Nob","floor":10,"turns":5},{"damage":0,"enemies":"Jaw Worm","floor":11,"turns":2},{"damage":1,"enemies":"Large Slime","floor":13,"turns":5},{"damage":0,"enemies":"3 Louse","floor":14,"turns":2},{"damage":26,"enemies":"The Guardian","floor":16,"turns":8},{"damage":0,"enemies":"3 Byrds","floor":18,"turns":3},{"damage":0,"enemies":"Shell Parasite","floor":20,"turns":6},{"damage":17,"enemies":"Sentry and Sphere","floor":22,"turns":6},{"damage":10,"enemies":"Book of Stabbing","floor":24,"turns":6},{"damage":13,"enemies":"Slavers","floor":27,"turns":5},{"damage":5,"enemies":"Centurion and Healer","floor":28,"turns":5},{"damage":8,"enemies":"Gremlin Leader","floor":29,"turns":5},{"damage":12,"enemies":"Cultist and Chosen","floor":30,"turns":5},{"damage":5,"enemies":"Automaton","floor":33,"turns":8},{"damage":9,"enemies":"3 Darklings","floor":35,"turns":3},{"damage":12,"enemies":"3 Shapes","floor":36,"turns":3},{"damage":4,"enemies":"Maw","floor":37,"turns":7},{"damage":52,"enemies":"2 Orb Walkers","floor":40,"turns":5},{"damage":9,"enemies":"Sphere and 2 Shapes","floor":42,"turns":5},{"damage":26,"enemies":"4 Shapes","floor":44,"turns":3},{"damage":22,"enemies":"Nemesis","floor":46,"turns":3}],"event_choices":[{"event_name":"Golden Idol","player_choice":"Take Damage","floor":4,"damage_taken":0},{"event_name":"Scrap Ooze","player_choice":"success","floor":5,"damage_taken":18},{"event_name":"World of Goop","player_choice":"Gather Gold","floor":12,"damage_taken":0},{"event_name":"Cursed Tome","player_choice":"Obtained Book","floor":19,"damage_taken":0},{"event_name":"Forgotten Altar","player_choice":"Gave Idol","floor":25,"damage_taken":0},{"event_name":"Beggar","player_choice":"Gave Gold","floor":31,"damage_taken":0},{"event_name":"Mysterious Sphere","player_choice":"Ignore","floor":38,"damage_taken":0},{"event_name":"Tomb of Lord Red Mask","player_choice":"Paid","floor":45,"damage_taken":0}],"boss_relics":[{"not_picked":["Calling Bell","Lizard Tail"],"picked":"Astrolabe"},{"not_picked":["Tiny House","Sozu"],"picked":"Black Star"}],"potions_floor_spawned":[10,13,14,18,27,30,33,40,44],"seed_played":"2151979371168295422","killed_by":"Nemesis","ascension_level":0,"is_trial":false}