{"gold_per_floor":[110,185,185,23,35,67,67,98,172,197,197,209,239,251,251,328,328,341,356,367,379,379,413,413,438,438,438,57,84,84,98,98,170,170,182,182,182,197,208,243,243,272,272,302,302,317,337,362,362,362,362,362,362,55,89,89],"floor_reached":57,"playtime":4539,"items_purged":["Strike_G"],"score":3516,"play_id":"dca66a2c-d620-4ba1-859a-2354ec99cdae","local_time":"20190507170120","is_ascension_mode":true,"campfire_choices":[{"data":"Dash","floor":7,"key":"SMITH"},{"data":"Well Laid Plans","floor":15,"key":"SMITH"},{"data":"Catalyst","floor":24,"key":"SMITH"},{"data":"Footwork","floor":27,"key":"SMITH"},{"data":"Well Laid Plans","floor":32,"key":"SMITH"},{"data":"Night Terror","floor":41,"key":"SMITH"},{"floor":45,"key":"RECALL"},{"data":"PiercingWail","floor":49,"key":"SMITH"},{"data":"Bouncing Flask","floor":53,"key":"SMITH"}],"neow_cost":"NONE","seed_source_timestamp":25001163070765,"circlet_count":0,"master_deck":["AscendersBane","Defend_G","Defend_G","Defend_G+1","Defend_G","Defend_G","Strike_G","Survivor+1","Neutralize+1","Bouncing Flask+1","Well Laid Plans+1","Dash+1","Dash","Deadly Poison","PiercingWail","Dagger Spray","Catalyst+1","Night Terror+1","Backstab+1","PiercingWail+1","Footwork+1","Dodge and Roll","Burst+1","Backflip+1","Malaise+1","Well Laid Plans+1","PiercingWail+1","Ghostly+1","Ghostly+1","Ghostly+1","Burst+1","Crippling Poison+1","Thinking Ahead+1","Ghostly+1","Prepared+1","Escape Plan+1","Backflip+1","Doppelganger+1","Prepared+1"],"relics":["Ring of the Snake","NeowsBlessing","Anchor","Ninja Scroll","Meat on the Bone","Bronze Scales","Vajra","Black Star","Mango","Pen Nib","Art of War","Toxic Egg 2","Bag of Marbles","Pear","Empty Cage","Ancient Tea Set","Letter Opener","Bird Faced Urn","Bottled Tornado","Orichalcum","Calipers","Boot","Snake Skull","Strawberry","ClockworkSouvenir","Gremlin Horn","War Paint"],"potions_floor_usage":[13,20,23,25,56,56],"damage_taken":[{"damage":0,"enemies":"2 Louse","floor":1,"turns":1},{"damage":0,"enemies":"Small Slimes","floor":5,"turns":1},{"damage":0,"enemies":"3 Sentries","floor":6,"turns":2},{"damage":6,"enemies":"Lagavulin","floor":8,"turns":7},{"damage":0,"enemies":"Gremlin Nob","floor":10,"turns":3},{"damage":0,"enemies":"Cultist","floor":12,"turns":3},{"damage":24,"enemies":"3 Sentries","floor":13,"turns":14},{"damage":0,"enemies":"Gremlin Gang","floor":14,"turns":4},{"damage":0,"enemies":"Hexaghost","floor":16,"turns":8},{"damage":0,"enemies":"3 Byrds","floor":18,"turns":3},{"damage":17,"enemies":"Shell Parasite","floor":19,"turns":5},{"damage":33,"enemies":"Cultist and Chosen","floor":20,"turns":6},{"damage":0,"enemies":"Chosen and Byrds","floor":21,"turns":4},{"damage":13,"enemies":"Gremlin Leader","floor":23,"turns":5},{"damage":18,"enemies":"Book of Stabbing","floor":25,"turns":4},{"damage":7,"enemies":"Slavers","floor":29,"turns":5},{"damage":0,"enemies":"Centurion and Healer","floor":31,"turns":4},{"damage":2,"enemies":"Champ","floor":33,"turns":9},{"damage":0,"enemies":"3 Darklings","floor":35,"turns":6},{"damage":0,"enemies":"3 Shapes","floor":38,"turns":6},{"damage":1,"enemies":"Writhing Mass","floor":39,"turns":5},{"damage":0,"enemies":"Nemesis","floor":40,"turns":5},{"damage":0,"enemies":"Reptomancer","floor":42,"turns":6},{"damage":0,"enemies":"Nemesis","floor":44,"turns":11},{"damage":0,"enemies":"4 Shapes","floor":46,"turns":5},{"damage":0,"enemies":"Spire Growth","floor":47,"turns":5},{"damage":0,"enemies":"Giant Head","floor":48,"turns":5},{"damage":5,"enemies":"Donu and Deca","floor":50,"turns":9},{"damage":0,"enemies":"Awakened One","floor":51,"turns":17},{"damage":0,"enemies":"Shield and Spear","floor":55,"turns":7},{"damage":12,"enemies":"The Heart","floor":56,"turns":9}],"seed_played":"-3663513213797685259","potions_obtained":[{"floor":1,"key":"SpeedPotion"},{"floor":10,"key":"Block Potion"},{"floor":13,"key":"Strength Potion"},{"floor":16,"key":"SteroidPotion"},{"floor":21,"key":"LiquidBronze"},{"floor":25,"key":"SkillPotion"},{"floor":31,"key":"LiquidBronze"},{"floor":40,"key":"SpeedPotion"}],"is_trial":false,"path_per_floor":["M","?","?","$","M","E","R","E","T","E","?","M","E","M","R","B",null,"M","M","M","M","?","E","R","E","T","R","$","E","?","M","R","B",null,"M","?","?","M","M","E","R","E","T","E","R","M","M","E","R","B","B",null,"R","$","E","B",null],"character_chosen":"THE_SILENT","items_purchased":["Well Laid Plans","Dash","Backflip+1","Malaise+1","Well Laid Plans","ClockworkSouvenir","Ancient Potion"],"campfire_rested":0,"item_purchase_floors":[4,4,28,28,28,54,54],"current_hp_per_floor":[59,48,48,48,48,48,48,42,42,42,42,42,30,42,42,42,60,60,43,22,34,34,47,47,41,41,41,41,56,45,45,45,43,45,45,35,35,35,34,34,34,34,34,40,40,45,45,52,52,49,52,52,52,52,52,40],"gold":89,"neow_bonus":"THREE_ENEMY_KILL","is_prod":false,"is_daily":false,"chose_seed":false,"campfire_upgraded":8,"win_rate":0,"timestamp":1557273680,"path_taken":["M","?","?","$","M","E","R","E","T","E","?","M","E","M","R","BOSS","M","?","M","?","?","E","R","E","T","R","$","E","?","M","R","BOSS","M","?","?","M","M","E","R","E","T","E","R","M","M","E","R","BOSS","BOSS","R","$","E","BOSS"],"build_version":"2019-04-23","purchased_purges":1,"victory":true,"max_hp_per_floor":[66,66,66,66,66,66,66,66,66,66,66,66,66,66,66,66,66,66,66,66,66,66,80,80,80,80,80,80,90,45,45,45,45,45,45,45,45,45,45,45,45,45,45,45,45,45,45,52,52,52,52,52,52,52,52,52],"card_choices":[{"not_picked":["Caltrops","Backflip"],"picked":"Bouncing Flask","floor":1},{"not_picked":["Terror","Dodge and Roll"],"picked":"Dash","floor":5},{"not_picked":["Underhanded Strike","Riddle With Holes","Bane"],"picked":"SKIP","floor":6},{"not_picked":["Infinite Blades","Concentrate"],"picked":"Deadly Poison","floor":8},{"not_picked":["Distraction","Poisoned Stab","Doppelganger"],"picked":"SKIP","floor":10},{"not_picked":["Flechettes","Well Laid Plans"],"picked":"PiercingWail","floor":12},{"not_picked":["Deflect","Slice"],"picked":"Dagger Spray","floor":13},{"not_picked":["Well Laid Plans","Choke"],"picked":"Catalyst","floor":14},{"not_picked":["Doppelganger","Die Die Die"],"picked":"Night Terror","floor":16},{"not_picked":["Slice","Setup","Prepared"],"picked":"SKIP","floor":18},{"not_picked":["Blade Dance","All Out Attack+1"],"picked":"Backstab+1","floor":19},{"not_picked":["Blade Dance","Sucker Punch+1","Infinite Blades"],"picked":"SKIP","floor":20},{"not_picked":["Slice","Bane"],"picked":"PiercingWail","floor":21},{"not_picked":["Flying Knee","Poisoned Stab"],"picked":"Dodge and Roll","floor":23},{"not_picked":["Finisher","PiercingWail+1"],"picked":"Burst","floor":25},{"not_picked":["Flechettes","Outmaneuver+1"],"picked":"PiercingWail+1","floor":29},{"not_picked":["Backstab","Bouncing Flask+1","Bane"],"picked":"SKIP","floor":31},{"not_picked":["Tools of the Trade","Venomology+1"],"picked":"Burst+1","floor":33},{"not_picked":["Footwork","Distraction+1"],"picked":"Crippling Poison+1","floor":35},{"not_picked":["Jack Of All Trades+1","Good Instincts+1"],"picked":"Thinking Ahead+1","floor":36},{"not_picked":["Choke","Quick Slash"],"picked":"Prepared+1","floor":38},{"not_picked":["Sucker Punch+1","Predator"],"picked":"Escape Plan+1","floor":39},{"not_picked":["Deflect+1","Glass Knife","Slice+1"],"picked":"SKIP","floor":40},{"not_picked":["Deadly Poison+1","PiercingWail+1","Dagger Spray+1"],"picked":"SKIP","floor":42},{"not_picked":["Outmaneuver+1","Tactician+1","Well Laid Plans"],"picked":"SKIP","floor":44},{"not_picked":["Slice","Quick Slash"],"picked":"Backflip+1","floor":46},{"not_picked":["Cloak And Dagger+1","Flechettes"],"picked":"Doppelganger+1","floor":47},{"not_picked":["Accuracy+1","Reflex+1","Storm of Steel+1"],"picked":"SKIP","floor":48},{"not_picked":["Dagger Throw","Choke"],"picked":"Prepared+1","floor":55}],"player_experience":6245238,"relics_obtained":[{"floor":6,"key":"Anchor"},{"floor":8,"key":"Ninja Scroll"},{"floor":9,"key":"Meat on the Bone"},{"floor":10,"key":"Bronze Scales"},{"floor":13,"key":"Vajra"},{"floor":23,"key":"Mango"},{"floor":23,"key":"Pen Nib"},{"floor":25,"key":"Art of War"},{"floor":25,"key":"Toxic Egg 2"},{"floor":29,"key":"Bag of Marbles"},{"floor":29,"key":"Pear"},{"floor":40,"key":"Ancient Tea Set"},{"floor":40,"key":"Letter Opener"},{"floor":42,"key":"Bird Faced Urn"},{"floor":42,"key":"Bottled Tornado"},{"floor":43,"key":"Orichalcum"},{"floor":44,"key":"Calipers"},{"floor":44,"key":"Boot"},{"floor":48,"key":"Snake Skull"},{"floor":48,"key":"Strawberry"},{"floor":55,"key":"Gremlin Horn"},{"floor":55,"key":"War Paint"}],"event_choices":[{"damage_healed":0,"gold_gain":75,"player_choice":"Gather Gold","damage_taken":11,"max_hp_gain":0,"max_hp_loss":0,"event_name":"World of Goop","floor":2,"gold_loss":0},{"damage_healed":0,"gold_gain":0,"player_choice":"Grow","damage_taken":0,"max_hp_gain":0,"max_hp_loss":0,"event_name":"Living Wall","floor":3,"gold_loss":0,"cards_upgraded":["Neutralize"]},{"cards_removed":["Strike_G"],"damage_healed":0,"gold_gain":0,"player_choice":"Purged","damage_taken":0,"max_hp_gain":0,"max_hp_loss":0,"event_name":"Purifier","floor":11,"gold_loss":0},{"damage_healed":0,"gold_gain":0,"player_choice":"Read","damage_taken":0,"max_hp_gain":0,"max_hp_loss":0,"event_name":"The Library","floor":22,"gold_loss":0,"cards_obtained":["Footwork"]},{"damage_healed":0,"gold_gain":0,"player_choice":"Became a Ghost","damage_taken":0,"max_hp_gain":0,"max_hp_loss":45,"event_name":"Ghosts","floor":30,"gold_loss":0,"cards_obtained":["Ghostly","Ghostly","Ghostly"]},{"damage_healed":0,"gold_gain":0,"player_choice":"Memory 3","damage_taken":10,"max_hp_gain":0,"max_hp_loss":0,"event_name":"SensoryStone","floor":36,"gold_loss":0},{"damage_healed":0,"gold_gain":0,"player_choice":"Copied","damage_taken":0,"max_hp_gain":0,"max_hp_loss":0,"event_name":"Duplicator","floor":37,"gold_loss":0,"cards_obtained":["Ghostly"]}],"is_beta":true,"boss_relics":[{"not_picked":["Ring of the Serpent","Philosopher\u0027s Stone"],"picked":"Black Star"},{"not_picked":["Eternal Feather","Lizard Tail"],"picked":"Empty Cage"}],"items_purged_floors":[28],"is_endless":false,"potions_floor_spawned":[1,10,13,16,19,21,25,31,40,44,46],"ascension_level":20}