{"path_per_floor":["M","?","?","M","?","R","E","R","T","M","M","E","?","M","R","B",null,"M","M","?","?","M","R","?","R","T","R","?","M","$","M","R","B",null,"M","?","?","?","M","R","M","R","T","?","M","$","R","M","R","B"],"character_chosen":"IRONCLAD","items_purchased":["Happy Flower","Feed"],"gold_per_floor":[115,115,115,129,54,54,81,81,131,151,166,194,194,211,211,284,284,297,311,311,311,329,329,244,244,317,317,317,327,38,52,52,126,126,143,190,170,0,13,13,29,29,29,29,47,47,47,60,60,60],"floor_reached":51,"campfire_rested":0,"playtime":2088,"current_hp_per_floor":[38,43,43,49,49,49,27,27,27,31,25,14,34,28,28,80,80,60,47,63,54,53,53,53,53,53,53,53,42,42,53,53,28,70,70,68,68,68,88,88,88,88,88,72,88,88,88,95,95,95],"items_purged":[],"gold":60,"score":1290,"play_id":"4ae3c4b1-e2b5-4463-86ca-89d5d78639f3","local_time":"20180412124156","is_prod":false,"is_daily":false,"is_ascension_mode":true,"campfire_upgraded":11,"timestamp":1523551316,"path_taken":["M","?","?","M","?","R","E","R","T","M","?","E","?","?","R","BOSS","M","M","?","?","M","R","?","R","T","R","?","M","?","?","R","BOSS","M","?","?","?","M","R","M","R","T","?","M","?","R","?","R","BOSS"],"build_version":"2018-04-05v2","purchased_purges":0,"victory":true,"master_deck":["Strike_R","Strike_R","Defend_R","Defend_R","Defend_R","Bash+1","AscendersBane","Hemokinesis+1","Reckless Charge+1","Evolve+1","Shrug It Off+1","Immolate+1","Demon Form+1","Reaper+1","Parasite","Clothesline+1","Offering+1","Shrug It Off+1","Intimidate+1","Writhe","Reaper+1","Feed+1","Uppercut+1","Limit Break+1","Corruption+1","Intimidate+1","Havoc+1","Doubt","Madness+1","Madness+1"],"max_hp_per_floor":[75,80,80,80,80,80,80,80,80,80,80,80,80,80,80,80,80,80,80,80,80,80,80,80,80,80,80,80,80,80,84,84,84,84,84,84,84,84,88,88,88,88,88,88,95,95,95,95,95,95],"relics":["Burning Blood","Pantograph","Pen Nib","Ancient Tea Set","Sozu","Oddly Smooth Stone","Toxic Egg 2","Molten Egg 2","Happy Flower","Cursed Key","Dead Branch","Red Mask","Lantern"],"card_choices":[{"not_picked":["Havoc","Iron Wave"],"picked":"Hemokinesis","floor":1},{"not_picked":["Combust","Perfected Strike"],"picked":"Evolve","floor":4},{"not_picked":["Body Slam","Fire Breathing"],"picked":"Shrug It Off","floor":7},{"not_picked":["True Grit","Clash"],"picked":"Immolate","floor":10},{"not_picked":["Clash","Bloodletting"],"picked":"Demon Form","floor":11},{"not_picked":["Body Slam","Thunderclap"],"picked":"Reaper","floor":12},{"not_picked":["Hemokinesis","Seeing Red"],"picked":"Clothesline","floor":14},{"not_picked":["Juggernaut","Immolate"],"picked":"Offering","floor":16},{"not_picked":["Clash","Sword Boomerang"],"picked":"Shrug It Off","floor":18},{"not_picked":["Wild Strike","Corruption"],"picked":"Intimidate","floor":19},{"not_picked":["Perfected Strike","Twin Strike"],"picked":"Reaper","floor":29},{"not_picked":["Anger","Inflame"],"picked":"Uppercut","floor":31},{"not_picked":["Offering","Immolate"],"picked":"Limit Break","floor":33},{"not_picked":["Bloodletting","Anger"],"picked":"Corruption","floor":35},{"not_picked":["Whirlwind","Warcry"],"picked":"Intimidate","floor":36},{"not_picked":["Carnage","Warcry"],"picked":"Havoc","floor":41}],"player_experience":837433,"potions_floor_usage":[10,12,16,36],"damage_taken":[{"damage":2,"enemies":"Jaw Worm","floor":1,"turns":7},{"damage":0,"enemies":"Small Slimes","floor":4,"turns":3},{"damage":28,"enemies":"Gremlin Nob","floor":7,"turns":4},{"damage":2,"enemies":"Cultist","floor":10,"turns":2},{"damage":12,"enemies":"3 Louse","floor":11,"turns":4},{"damage":17,"enemies":"3 Sentries","floor":12,"turns":5},{"damage":12,"enemies":"Looter","floor":14,"turns":3},{"damage":4,"enemies":"Slime Boss","floor":16,"turns":5},{"damage":26,"enemies":"Shell Parasite","floor":18,"turns":4},{"damage":21,"enemies":"2 Thieves","floor":19,"turns":4},{"damage":13,"enemies":"Snecko","floor":22,"turns":4},{"damage":21,"enemies":"Snake Plant","floor":29,"turns":3},{"damage":6,"enemies":"Chosen and Byrds","floor":31,"turns":6},{"damage":86,"enemies":"Collector","floor":33,"turns":8},{"damage":6,"enemies":"Orb Walker","floor":35,"turns":3},{"damage":43,"enemies":"Mysterious Sphere","floor":36,"turns":6},{"damage":0,"enemies":"3 Shapes","floor":39,"turns":2},{"damage":30,"enemies":"Maw","floor":41,"turns":6},{"damage":12,"enemies":"4 Shapes","floor":45,"turns":2},{"damage":7,"enemies":"Sphere and 2 Shapes","floor":48,"turns":2},{"damage":53,"enemies":"Donu and Deca","floor":50,"turns":5}],"event_choices":[{"event_name":"Big Fish","player_choice":"Donut","floor":2,"damage_taken":0},{"event_name":"Transmorgrifier","player_choice":"Transform","floor":3,"damage_taken":0},{"event_name":"The Cleric","player_choice":"Card Removal","floor":5,"damage_taken":0},{"event_name":"Mushrooms","player_choice":"Healed and dodged fight","floor":13,"damage_taken":0},{"event_name":"The Library","player_choice":"Heal","floor":20,"damage_taken":0},{"event_name":"Knowing Skull","player_choice":"","floor":21,"damage_taken":0},{"event_name":"Addict","player_choice":"Obtained Relic","floor":24,"damage_taken":0},{"event_name":"The Mausoleum","player_choice":"Yes","floor":28,"damage_taken":0},{"event_name":"Mysterious Sphere","player_choice":"Fight","floor":36,"damage_taken":0},{"event_name":"The Woman in Blue","player_choice":"Bought 1 Potion","floor":37,"damage_taken":0},{"event_name":"Tomb of Lord Red Mask","player_choice":"Paid","floor":38,"damage_taken":0},{"event_name":"Winding Halls","player_choice":"Embrace Madness","floor":44,"damage_taken":0}],"boss_relics":[{"not_picked":["Tiny House","Runic Pyramid"],"picked":"Sozu"},{"not_picked":["White Beast Statue","Velvet Choker"],"picked":"Cursed Key"}],"potions_floor_spawned":[4,7,11,14,18,31,35,39],"seed_played":"-9069719531530148113","ascension_level":15,"is_trial":false}