{"gold_per_floor":[116,128,143,162,162,191,191,224,224,243,243,278,289,61,61,135,135,145,145,145,158,169,169,196,207,207,207,51,68,80,6,6,6],"floor_reached":33,"playtime":1644,"items_purged":[],"score":506,"play_id":"2c8b564f-ed6d-463e-977b-6a2615ebf406","local_time":"20190325055348","is_ascension_mode":true,"campfire_choices":[{"floor":7,"key":"REST"},{"floor":11,"key":"REST"},{"data":"Hyperbeam","floor":15,"key":"SMITH"},{"floor":23,"key":"REST"},{"floor":27,"key":"REST"},{"floor":32,"key":"REST"}],"neow_cost":"NONE","seed_source_timestamp":705734990104732,"circlet_count":0,"master_deck":["AscendersBane","Strike_B","Strike_B","Strike_B","Strike_B","Defend_B+1","Defend_B","Defend_B","Defend_B","Zap+1","Dualcast","Coolheaded","Conserve Battery","Hologram+1","Compile Driver","Hologram","Cold Snap","Hyperbeam+1","Compile Driver","Stack","Core Surge","Dramatic Entrance","Echo Form","Go for the Eyes","White Noise+1","Reinforced Body","Cold Snap","Sunder","Stack"],"relics":["Cracked Core","War Paint","Pen Nib","Question Card","Sozu","MutagenicStrength","Bronze Scales","DataDisk","Bag of Preparation","Juzu Bracelet"],"potions_floor_usage":[4,6,12,16,21],"damage_taken":[{"damage":1,"enemies":"Cultist","floor":1,"turns":3},{"damage":0,"enemies":"Jaw Worm","floor":2,"turns":4},{"damage":0,"enemies":"Small Slimes","floor":3,"turns":3},{"damage":30,"enemies":"Exordium Thugs","floor":4,"turns":4},{"damage":20,"enemies":"3 Sentries","floor":6,"turns":9},{"damage":24,"enemies":"Lagavulin","floor":8,"turns":6},{"damage":1,"enemies":"3 Louse","floor":10,"turns":3},{"damage":37,"enemies":"Gremlin Nob","floor":12,"turns":5},{"damage":2,"enemies":"2 Fungi Beasts","floor":13,"turns":2},{"damage":12,"enemies":"Hexaghost","floor":16,"turns":12},{"damage":7,"enemies":"Chosen","floor":18,"turns":3},{"damage":9,"enemies":"Shell Parasite","floor":21,"turns":2},{"damage":22,"enemies":"Snake Plant","floor":22,"turns":4},{"damage":29,"enemies":"Slavers","floor":24,"turns":3},{"damage":9,"enemies":"Snecko","floor":25,"turns":4},{"damage":0,"enemies":"Chosen and Byrds","floor":29,"turns":3},{"damage":10,"enemies":"Snake Plant","floor":30,"turns":2},{"damage":49,"enemies":"Champ","floor":33,"turns":9}],"seed_played":"3954597121495637544","potions_obtained":[{"floor":2,"key":"LiquidBronze"},{"floor":4,"key":"SteroidPotion"},{"floor":10,"key":"Regen Potion"},{"floor":12,"key":"GamblersBrew"},{"floor":13,"key":"FocusPotion"}],"is_trial":false,"path_per_floor":["M","M","M","M","?","E","R","E","T","M","R","E","M","$","R","B",null,"M","?","?","M","M","R","E","M","T","R","$","M","M","?","R","B"],"character_chosen":"DEFECT","items_purchased":["Core Surge","Dramatic Entrance","Bag of Preparation"],"campfire_rested":5,"item_purchase_floors":[14,14,28],"current_hp_per_floor":[70,70,70,40,40,20,43,19,19,18,41,18,16,16,16,4,60,53,53,53,44,22,45,16,7,7,30,30,30,20,20,43,0],"gold":6,"neow_bonus":"TEN_PERCENT_HP_BONUS","is_prod":false,"is_daily":false,"chose_seed":false,"campfire_upgraded":1,"win_rate":0,"timestamp":1553507628,"path_taken":["M","M","M","?","?","E","R","E","T","M","R","E","M","$","R","BOSS","M","?","?","M","M","R","E","M","T","R","?","?","M","?","R","BOSS"],"build_version":"2019-01-23","purchased_purges":0,"victory":false,"max_hp_per_floor":[78,78,78,78,78,78,78,78,78,78,78,78,78,78,78,78,78,78,78,78,78,78,78,78,78,78,78,78,78,78,78,78,78],"card_choices":[{"not_picked":["Leap","Scrape"],"picked":"Coolheaded","floor":1},{"not_picked":["Force Field","Turbo"],"picked":"Conserve Battery","floor":2},{"not_picked":["Rebound","Recycle"],"picked":"Hologram","floor":3},{"not_picked":["Undo","Darkness"],"picked":"Compile Driver","floor":4},{"not_picked":["Rebound","Blizzard"],"picked":"Hologram","floor":6},{"not_picked":["Blizzard","Barrage"],"picked":"Cold Snap","floor":8},{"not_picked":["Coolheaded","Sweeping Beam"],"picked":"Hyperbeam","floor":10},{"not_picked":["Scrape","Steam"],"picked":"Compile Driver","floor":12},{"not_picked":["Reprogram","Hologram","Coolheaded"],"picked":"Stack","floor":13},{"not_picked":["All For One","Multi-Cast","Core Surge"],"picked":"Echo Form","floor":16},{"not_picked":["Stack","Lockon","Scrape"],"picked":"Go for the Eyes","floor":18},{"not_picked":["Chill","Undo","Chaos"],"picked":"White Noise+1","floor":21},{"not_picked":["Static Discharge","Compile Driver","Rebound"],"picked":"Reinforced Body","floor":22},{"not_picked":["Recycle","Conserve Battery","Redo"],"picked":"Cold Snap","floor":24},{"not_picked":["Gash","Glacier","Redo"],"picked":"Sunder","floor":25},{"not_picked":["Sweeping Beam","Beam Cell","Barrage","Steam Power"],"picked":"SKIP","floor":29},{"not_picked":["Hyperbeam","Turbo","Conserve Battery"],"picked":"Stack","floor":30}],"player_experience":1399142,"relics_obtained":[{"floor":6,"key":"War Paint"},{"floor":8,"key":"Pen Nib"},{"floor":12,"key":"Question Card"},{"floor":24,"key":"Bronze Scales"},{"floor":26,"key":"DataDisk"}],"event_choices":[{"damage_healed":0,"gold_gain":0,"player_choice":"Grow","damage_taken":0,"max_hp_gain":0,"max_hp_loss":0,"event_name":"Living Wall","floor":5,"gold_loss":0,"cards_upgraded":["Zap"]},{"damage_healed":0,"gold_gain":0,"player_choice":"Ignored","damage_taken":0,"max_hp_gain":0,"max_hp_loss":0,"event_name":"Ghosts","floor":19,"gold_loss":0},{"damage_healed":0,"gold_gain":0,"player_choice":"Inject Mutagens","damage_taken":0,"relics_obtained":["MutagenicStrength"],"max_hp_gain":0,"max_hp_loss":0,"event_name":"Drug Dealer","floor":20,"gold_loss":0},{"damage_healed":0,"gold_gain":0,"player_choice":"Paid Gold","damage_taken":0,"relics_obtained":["Juzu Bracelet"],"max_hp_gain":0,"max_hp_loss":0,"event_name":"WeMeetAgain","floor":31,"gold_loss":74}],"is_beta":false,"boss_relics":[{"not_picked":["Eternal Feather","Astrolabe"],"picked":"Sozu"}],"items_purged_floors":[],"is_endless":false,"potions_floor_spawned":[2,4,10,12,13,18,25,29,30],"killed_by":"Champ","ascension_level":15}