{"gold_per_floor":[218,237,248,248,260,260,32,59,112,146,146,146,46,58,58,136,136,147,147,165,165,165,165,175,175,175,185,202,48,48,61,61,61],"floor_reached":33,"playtime":1078,"items_purged":["Strike_G","Strike_G"],"score":450,"play_id":"a688254e-b76b-41ff-9ca8-e6725419478f","local_time":"20190317144351","is_ascension_mode":true,"campfire_choices":[{"data":"Bouncing Flask","floor":6,"key":"SMITH"},{"floor":12,"key":"REST"},{"data":"Noxious Fumes","floor":15,"key":"SMITH"},{"floor":23,"key":"REST"},{"data":"Ghostly","floor":25,"key":"SMITH"},{"floor":32,"key":"REST"}],"neow_cost":"NONE","seed_source_timestamp":357863856351247,"circlet_count":0,"master_deck":["AscendersBane","Defend_G+1","Defend_G+1","Defend_G+1","Defend_G+1","Defend_G+1","Strike_G+1","Strike_G+1","Survivor","Neutralize","Bouncing Flask+1","Leg Sweep+1","Poisoned Stab","Malaise","Neutralize+1","Deadly Poison","Footwork","Predator+1","Noxious Fumes+1","Corpse Explosion","Adrenaline","Acrobatics","Ghostly+1","Ghostly","Ghostly","Necronomicurse","PiercingWail","Backflip","Noxious Fumes","Backflip"],"relics":["Ring of the Serpent","Letter Opener","Whetstone","War Paint","Necronomicon","Bottled Lightning","Happy Flower"],"potions_floor_usage":[5,8,24,33],"damage_taken":[{"damage":4,"enemies":"Cultist","floor":1,"turns":5},{"damage":0,"enemies":"Jaw Worm","floor":2,"turns":4},{"damage":0,"enemies":"Small Slimes","floor":3,"turns":3},{"damage":12,"enemies":"Exordium Thugs","floor":5,"turns":6},{"damage":6,"enemies":"Lagavulin","floor":8,"turns":10},{"damage":19,"enemies":"3 Sentries","floor":10,"turns":9},{"damage":0,"enemies":"2 Fungi Beasts","floor":14,"turns":3},{"damage":14,"enemies":"The Guardian","floor":16,"turns":9},{"damage":1,"enemies":"Chosen","floor":18,"turns":5},{"damage":2,"enemies":"Shell Parasite","floor":20,"turns":6},{"damage":6,"enemies":"Snake Plant","floor":24,"turns":5},{"damage":2,"enemies":"Sentry and Sphere","floor":27,"turns":5},{"damage":6,"enemies":"Cultist and Chosen","floor":28,"turns":5},{"damage":0,"enemies":"Centurion and Healer","floor":31,"turns":5},{"damage":20,"enemies":"Automaton","floor":33,"turns":6}],"seed_played":"1996094065488444465","potions_obtained":[{"floor":2,"key":"Poison Potion"},{"floor":3,"key":"EssenceOfSteel"},{"floor":14,"key":"Weak Potion"},{"floor":16,"key":"GhostInAJar"},{"floor":20,"key":"Poison Potion"},{"floor":28,"key":"Block Potion"}],"is_trial":false,"path_per_floor":["M","M","M","?","M","R","$","E","T","E","?","R","$","M","R","B",null,"M","?","M","?","?","R","M","R","T","M","M","$","?","M","R","B"],"character_chosen":"THE_SILENT","items_purchased":["Footwork","Predator","Happy Flower"],"campfire_rested":3,"item_purchase_floors":[7,7,29],"current_hp_per_floor":[55,55,55,55,43,43,43,37,37,18,9,28,28,28,28,14,53,52,33,31,10,10,19,13,13,13,11,5,5,5,5,14,0],"gold":61,"neow_bonus":"HUNDRED_GOLD","is_prod":false,"is_daily":false,"chose_seed":false,"campfire_upgraded":3,"win_rate":0,"timestamp":1552848231,"path_taken":["M","?","M","?","?","R","?","E","T","E","?","R","$","?","R","BOSS","M","?","M","?","?","R","?","R","T","M","M","$","?","?","R","BOSS"],"build_version":"2019-03-15","purchased_purges":2,"victory":false,"max_hp_per_floor":[66,66,66,66,66,66,66,66,66,66,66,66,66,66,66,66,66,66,33,33,33,33,33,33,33,33,33,33,33,33,33,33,33],"card_choices":[{"not_picked":["Blade Dance","Flechettes"],"picked":"Bouncing Flask","floor":1},{"not_picked":["Skewer","Quick Slash"],"picked":"Leg Sweep","floor":2},{"not_picked":["Slice","Dodge and Roll"],"picked":"Poisoned Stab","floor":3},{"not_picked":["Flying Knee","Bouncing Flask"],"picked":"Deadly Poison","floor":5},{"not_picked":["Finisher","Backflip"],"picked":"Noxious Fumes","floor":8},{"not_picked":["Skewer","Well Laid Plans"],"picked":"Corpse Explosion","floor":10},{"not_picked":["Blade Dance","Deadly Poison","Underhanded Strike"],"picked":"SKIP","floor":14},{"not_picked":["Tools of the Trade","Night Terror"],"picked":"Adrenaline","floor":16},{"not_picked":["Deflect","Flechettes"],"picked":"Acrobatics","floor":18},{"not_picked":["Dagger Throw","Predator","Quick Slash"],"picked":"SKIP","floor":20},{"not_picked":["Crippling Poison","Tools of the Trade"],"picked":"PiercingWail","floor":24},{"not_picked":["Dagger Spray","Caltrops"],"picked":"Backflip","floor":27},{"not_picked":["Slice","Deflect","Cloak And Dagger"],"picked":"SKIP","floor":28},{"not_picked":["Dagger Throw","Crippling Poison"],"picked":"Backflip","floor":31}],"player_experience":2213018,"relics_obtained":[{"floor":8,"key":"Letter Opener"},{"floor":9,"key":"Whetstone"},{"floor":10,"key":"War Paint"},{"floor":21,"key":"Necronomicon"},{"floor":26,"key":"Bottled Lightning"}],"event_choices":[{"damage_healed":0,"gold_gain":0,"player_choice":"2 cards matched","damage_taken":0,"max_hp_gain":0,"max_hp_loss":0,"event_name":"Match and Keep!","floor":4,"gold_loss":0,"cards_obtained":["Malaise","Neutralize"]},{"damage_healed":0,"gold_gain":0,"player_choice":"Damaged","damage_taken":9,"max_hp_gain":0,"max_hp_loss":0,"event_name":"Wheel of Change","floor":11,"gold_loss":0},{"damage_healed":0,"gold_gain":0,"player_choice":"Became a Ghost","damage_taken":0,"max_hp_gain":0,"max_hp_loss":33,"event_name":"Ghosts","floor":19,"gold_loss":0,"cards_obtained":["Ghostly","Ghostly","Ghostly"]},{"damage_healed":0,"gold_gain":0,"player_choice":"Obtained Book","damage_taken":21,"max_hp_gain":0,"max_hp_loss":0,"event_name":"Cursed Tome","floor":21,"gold_loss":0},{"damage_healed":0,"gold_gain":0,"player_choice":"Simplicity","damage_taken":0,"max_hp_gain":0,"max_hp_loss":0,"event_name":"Back to Basics","floor":22,"gold_loss":0,"cards_upgraded":["Defend_G","Defend_G","Defend_G","Defend_G","Strike_G","Strike_G","Strike_G"]},{"damage_healed":0,"gold_gain":0,"cards_transformed":["Strike_G"],"player_choice":"Transformed","damage_taken":0,"max_hp_gain":0,"max_hp_loss":0,"event_name":"Transmorgrifier","floor":30,"gold_loss":0,"cards_obtained":["Noxious Fumes"]}],"is_beta":true,"boss_relics":[{"not_picked":["White Beast Statue","Eternal Feather"],"picked":"Ring of the Serpent"}],"items_purged_floors":[7,13],"is_endless":false,"potions_floor_spawned":[2,3,14,16,20,28,31],"killed_by":"Automaton","ascension_level":15}