{"gold_per_floor":[115,93,113,123,123,151,151,182,182,182,194,208,5,15,15,89,89,100,25,25,25,25,42,77,77,77,104,104,119,135,155,155,233,233,251,302,319,37,37,37,37,66,66,101,101,101,111,111,111,111,111,111,40,73,73],"floor_reached":56,"playtime":2031,"items_purged":["Strike_B"],"score":2099,"play_id":"70af51b3-6d4e-4364-b473-942478f0a89a","local_time":"20190411234852","is_ascension_mode":true,"campfire_choices":[{"data":"Compile Driver","floor":7.0,"key":"SMITH"},{"data":"Reinforced Body","floor":10.0,"key":"SMITH"},{"data":"Loop","floor":15.0,"key":"SMITH"},{"floor":25.0,"key":"REST"},{"data":"Defragment","floor":32.0,"key":"SMITH"},{"data":"Darkness","floor":40.0,"key":"SMITH"},{"floor":45.0,"key":"RECALL"},{"data":"Static Discharge","floor":49,"key":"SMITH"},{"data":"Capacitor","floor":52,"key":"SMITH"}],"neow_cost":"NONE","seed_source_timestamp":117626733963437,"circlet_count":0,"master_deck":["AscendersBane","Defend_B","Defend_B","Defend_B","Defend_B","Zap+1","Dualcast","Compile Driver+1","Genetic Algorithm","Cold Snap","Chill","Reinforced Body+1","Loop+1","Hologram","Double Energy+1","Defragment+1","Static Discharge","Conserve Battery+1","Self Repair","Electrodynamics","Capacitor+1","Rainbow","Darkness+1","Rainbow","Sweeping Beam","Echo Form","Static Discharge+1","Recycle"],"special_seed":0,"relics":["Cracked Core","Art of War","Sundial","Unceasing Top","Incense Burner","Runic Capacitor","Runic Pyramid","DataDisk","Pear","FossilizedHelix","Velvet Choker","Ice Cream","Medical Kit","Gambling Chip","Happy Flower"],"potions_floor_usage":[55,55],"damage_taken":[{"damage":6.0,"enemies":"Cultist","floor":1.0,"turns":4.0},{"damage":2.0,"enemies":"2 Louse","floor":3.0,"turns":3.0},{"damage":7.0,"enemies":"Small Slimes","floor":4.0,"turns":4.0},{"damage":22.0,"enemies":"Gremlin Nob","floor":6.0,"turns":4.0},{"damage":8.0,"enemies":"Lagavulin","floor":8.0,"turns":7.0},{"damage":0.0,"enemies":"Exordium Wildlife","floor":11.0,"turns":3.0},{"damage":0.0,"enemies":"Looter","floor":12.0,"turns":3.0},{"damage":6.0,"enemies":"Large Slime","floor":14.0,"turns":6.0},{"damage":3.0,"enemies":"Hexaghost","floor":16.0,"turns":13.0},{"damage":1.0,"enemies":"Shell Parasite","floor":18.0,"turns":6.0},{"damage":4.0,"enemies":"Chosen","floor":23.0,"turns":4.0},{"damage":16.0,"enemies":"Slavers","floor":24.0,"turns":7.0},{"damage":27.0,"enemies":"Book of Stabbing","floor":27.0,"turns":6.0},{"damage":0.0,"enemies":"Snecko","floor":29.0,"turns":6.0},{"damage":0.0,"enemies":"Sentry and Sphere","floor":30.0,"turns":5.0},{"damage":1.0,"enemies":"Chosen and Byrds","floor":31.0,"turns":5.0},{"damage":0.0,"enemies":"Collector","floor":33.0,"turns":7.0},{"damage":0.0,"enemies":"Orb Walker","floor":35.0,"turns":5.0},{"damage":0.0,"enemies":"2 Orb Walkers","floor":36.0,"turns":6.0},{"damage":12.0,"enemies":"3 Darklings","floor":37.0,"turns":5.0},{"damage":9.0,"enemies":"Reptomancer","floor":42.0,"turns":5.0},{"damage":0.0,"enemies":"Giant Head","floor":44.0,"turns":10.0},{"damage":0,"enemies":"4 Shapes","floor":47,"turns":4},{"damage":14,"enemies":"Donu and Deca","floor":50,"turns":6},{"damage":28,"enemies":"Shield and Spear","floor":54,"turns":5},{"damage":20,"enemies":"The Heart","floor":55,"turns":9}],"seed_played":"5240921572564019245","potions_obtained":[{"floor":1.0,"key":"FocusPotion"},{"floor":4.0,"key":"Ancient Potion"},{"floor":6.0,"key":"PowerPotion"},{"floor":12.0,"key":"Regen Potion"},{"floor":23.0,"key":"SpeedPotion"}],"is_trial":false,"path_per_floor":["M","$","M","M","?","E","R","E","T","R","M","M","$","M","R","B",null,"M","$","?","?","$","M","E","R","T","E","?","M","M","M","R","B",null,"M","?","M","$","?","R","$","E","T","E","R","?","M","?","R","B",null,"R","$","E","B",null],"character_chosen":"DEFECT","items_purchased":["Compile Driver","Runic Capacitor","Medical Kit","Darkness","Recycle"],"campfire_rested":1,"item_purchase_floors":[2,13,38,38,53],"current_hp_per_floor":[58,58,56,49,49,27,27,19,19,19,19,19,19,13,13,25,60,59,59,59,59,59,55,39,60,70,43,43,50,57,63,63,70,78,81,81,76,76,76,76,76,74,74,77,77,77,77,77,77,63,74,74,74,46,33],"gold":73,"neow_bonus":"RANDOM_COMMON_RELIC","is_prod":false,"is_daily":false,"chose_seed":false,"campfire_upgraded":7,"win_rate":0,"timestamp":1555040932,"path_taken":["M","$","?","?","?","E","R","E","T","R","M","M","$","M","R","BOSS","M","$","?","?","?","M","E","R","T","E","?","M","M","M","R","BOSS","M","?","M","$","?","R","$","E","T","E","R","?","?","?","R","BOSS","R","$","E","BOSS"],"build_version":"2019-04-04","purchased_purges":1,"victory":true,"max_hp_per_floor":[71,71,71,71,71,71,71,71,71,71,71,71,71,71,71,71,71,71,71,71,71,71,71,71,71,81,81,81,81,81,81,81,81,81,81,81,81,81,77,77,77,77,77,77,77,77,77,77,77,77,77,77,77,77,77],"card_choices":[{"not_picked":["Aggregate","Turbo","Stack"],"picked":"SKIP","floor":1.0},{"not_picked":["Conserve Battery","Hologram"],"picked":"Genetic Algorithm","floor":3.0},{"not_picked":["Compile Driver","Rebound"],"picked":"Cold Snap","floor":4.0},{"not_picked":["Heatsinks","Sweeping Beam"],"picked":"Chill","floor":6.0},{"not_picked":["Cold Snap","Redo"],"picked":"Reinforced Body","floor":8.0},{"not_picked":["Beam Cell","Turbo","Redo"],"picked":"SKIP","floor":11.0},{"not_picked":["Lockon","Turbo"],"picked":"Loop","floor":12.0},{"not_picked":["Cold Snap","Capacitor"],"picked":"Hologram","floor":14.0},{"not_picked":["Cold Snap","Ball Lightning"],"picked":"Double Energy+1","floor":18.0},{"not_picked":["Steam","Turbo"],"picked":"Static Discharge","floor":23.0},{"not_picked":["Chill","Sweeping Beam","Hello World"],"picked":"SKIP","floor":24.0},{"not_picked":["Stack","Go for the Eyes"],"picked":"Conserve Battery+1","floor":27.0},{"not_picked":["Cold Snap","Lockon","Beam Cell"],"picked":"SKIP","floor":29.0},{"not_picked":["Sweeping Beam+1","Melter"],"picked":"Capacitor","floor":30.0},{"not_picked":["Go for the Eyes","Self Repair"],"picked":"Rainbow","floor":31.0},{"not_picked":["Skim+1","Leap","Stack"],"picked":"SKIP","floor":35.0},{"not_picked":["Loop","Ball Lightning","Heatsinks+1"],"picked":"SKIP","floor":37.0},{"not_picked":["Turbo+1","Sweeping Beam","Streamline"],"picked":"SKIP","floor":42.0},{"not_picked":["Turbo+1","Leap"],"picked":"Rainbow","floor":44.0},{"not_picked":["Chaos","Ball Lightning","Go for the Eyes"],"picked":"SKIP","floor":47},{"not_picked":["Rainbow","Double Energy","Rip and Tear"],"picked":"SKIP","floor":54}],"player_experience":2397080,"relics_obtained":[{"floor":6.0,"key":"Sundial"},{"floor":8.0,"key":"Unceasing Top"},{"floor":9.0,"key":"Incense Burner"},{"floor":24.0,"key":"DataDisk"},{"floor":26.0,"key":"Pear"},{"floor":27.0,"key":"FossilizedHelix"},{"floor":36.0,"key":"Ice Cream"},{"floor":42.0,"key":"Gambling Chip"},{"floor":54,"key":"Happy Flower"}],"event_choices":[{"damage_healed":0.0,"max_hp_gain":0.0,"max_hp_loss":0.0,"gold_gain":0.0,"event_name":"Upgrade Shrine","player_choice":"Upgraded","floor":5.0,"gold_loss":0.0,"damage_taken":0.0,"cards_upgraded":["Zap"]},{"damage_healed":0.0,"max_hp_gain":0.0,"max_hp_loss":0.0,"gold_gain":0.0,"event_name":"Beggar","player_choice":"Ignored","floor":20.0,"gold_loss":0.0,"damage_taken":0.0},{"damage_healed":0.0,"max_hp_gain":0.0,"max_hp_loss":0.0,"gold_gain":0.0,"event_name":"The Library","player_choice":"Read","floor":21.0,"gold_loss":0.0,"damage_taken":0.0,"cards_obtained":["Defragment"]},{"damage_healed":0.0,"max_hp_gain":0.0,"max_hp_loss":0.0,"gold_gain":0.0,"cards_transformed":["Strike_B","Strike_B"],"event_name":"Drug Dealer","player_choice":"Became Test Subject","floor":28.0,"gold_loss":0.0,"damage_taken":0.0,"cards_obtained":["Self Repair","Electrodynamics"]},{"damage_healed":0.0,"max_hp_gain":0.0,"max_hp_loss":0.0,"gold_gain":0.0,"event_name":"Mysterious Sphere","player_choice":"Fight","floor":36.0,"gold_loss":0.0,"damage_taken":0.0},{"damage_healed":0.0,"max_hp_gain":0.0,"max_hp_loss":4.0,"gold_gain":0.0,"event_name":"Winding Halls","player_choice":"Max HP","floor":39.0,"gold_loss":0.0,"damage_taken":0.0},{"damage_healed":0,"gold_gain":0,"player_choice":"2 cards matched","damage_taken":0,"max_hp_gain":0,"max_hp_loss":0,"event_name":"Match and Keep!","floor":46,"gold_loss":0,"cards_obtained":["Sweeping Beam","Echo Form"]},{"damage_healed":0,"gold_gain":0,"cards_transformed":["Strike_B"],"player_choice":"Transformed","damage_taken":0,"max_hp_gain":0,"max_hp_loss":0,"event_name":"Transmorgrifier","floor":48,"gold_loss":0,"cards_obtained":["Static Discharge"]}],"is_beta":true,"boss_relics":[{"not_picked":["Tiny House","Philosopher\u0027s Stone"],"picked":"Runic Pyramid"},{"not_picked":["Nuclear Battery","Sozu"],"picked":"Velvet Choker"}],"items_purged_floors":[19],"is_endless":false,"potions_floor_spawned":[1,4,6,12,23,30,31,36,44,47],"ascension_level":15}