{"gold_per_floor":[111,123,134,152,31,31,60,60,60,60,30,30,30],"floor_reached":13,"playtime":550,"items_purged":[],"score":111,"play_id":"bb33867a-4cc5-444c-bbe1-99fddbc9da8e","local_time":"20190312222024","is_ascension_mode":true,"campfire_choices":[{"data":"Darkness","floor":6,"key":"SMITH"},{"data":"Genetic Algorithm","floor":10,"key":"SMITH"},{"floor":12,"key":"REST"}],"neow_cost":"CURSE","seed_source_timestamp":818293805105574,"circlet_count":0,"master_deck":["Strike_B","Strike_B","Strike_B","Strike_B","Defend_B","Defend_B","Defend_B","Defend_B","Zap","Dualcast","Parasite","Darkness+1","Stack","Defragment","Double Energy","Genetic Algorithm+1","Parasite"],"relics":["Cracked Core","Pocketwatch","Tiny Chest","Potion Belt","Bag of Preparation"],"potions_floor_usage":[7,7,7],"damage_taken":[{"damage":0,"enemies":"Cultist","floor":1,"turns":3},{"damage":2,"enemies":"Jaw Worm","floor":2,"turns":3},{"damage":5,"enemies":"Small Slimes","floor":3,"turns":3},{"damage":6,"enemies":"Looter","floor":4,"turns":4},{"damage":29,"enemies":"Gremlin Nob","floor":7,"turns":5},{"damage":35,"enemies":"Exordium Thugs","floor":11,"turns":5},{"damage":38,"enemies":"Gremlin Gang","floor":13,"turns":2}],"seed_played":"1691506805172159090","potions_obtained":[{"floor":2,"key":"Block Potion"},{"floor":3,"key":"PowerPotion"},{"floor":4,"key":"EssenceOfSteel"}],"is_trial":false,"path_per_floor":["M","M","M","M","$","R","E","?","T","R","M","R","M"],"character_chosen":"DEFECT","items_purchased":["Tiny Chest"],"campfire_rested":1,"item_purchase_floors":[5],"current_hp_per_floor":[68,66,61,55,55,55,26,44,44,44,9,31,0],"gold":30,"neow_bonus":"ONE_RARE_RELIC","is_prod":false,"is_daily":false,"chose_seed":false,"campfire_upgraded":2,"win_rate":0,"timestamp":1552443624,"path_taken":["M","M","M","?","$","R","E","?","T","R","M","R","M"],"build_version":"2019-01-23","purchased_purges":0,"victory":false,"max_hp_per_floor":[75,75,75,75,75,75,75,75,75,75,75,75,75],"card_choices":[{"not_picked":["Tempest","Fusion"],"picked":"Darkness","floor":1},{"not_picked":["Force Field","Turbo"],"picked":"Stack","floor":2},{"not_picked":["FTL","Aggregate"],"picked":"Defragment","floor":3},{"not_picked":["Reinforced Body","Ball Lightning"],"picked":"Double Energy","floor":4},{"not_picked":["Auto Shields","Steam"],"picked":"Genetic Algorithm","floor":7},{"not_picked":["Streamline","Steam","Compile Driver"],"picked":"SKIP","floor":11}],"player_experience":1055686,"relics_obtained":[{"floor":7,"key":"Potion Belt"},{"floor":9,"key":"Bag of Preparation"}],"event_choices":[{"damage_healed":18,"gold_gain":0,"player_choice":"Healed and dodged fight","damage_taken":0,"max_hp_gain":0,"max_hp_loss":0,"event_name":"Mushrooms","floor":8,"gold_loss":0,"cards_obtained":["Parasite"]}],"is_beta":false,"boss_relics":[],"items_purged_floors":[],"is_endless":false,"potions_floor_spawned":[2,3,4],"killed_by":"Gremlin Gang","ascension_level":6}