{"gold_per_floor":[360,115,115,126,126,126,136,164,164,181,181,181,214,234,234,309,309,325,325,325,344,13,43,43,62,62,62,62,74,74,74],"floor_reached":31,"playtime":953,"items_purged":["Clumsy","Strike_B"],"score":626,"play_id":"09fe860b-2ce2-4728-86d4-5c1916733e00","local_time":"20190426063455","is_ascension_mode":true,"campfire_choices":[{"data":"Zap","floor":6,"key":"SMITH"},{"floor":12,"key":"REST"},{"data":"Defragment","floor":15,"key":"SMITH"},{"data":"Sweeping Beam","floor":24,"key":"SMITH"},{"data":"Echo Form","floor":27,"key":"SMITH"},{"data":"Electrodynamics","floor":30,"key":"SMITH"}],"neow_cost":"CURSE","seed_source_timestamp":304106437638499,"circlet_count":0,"master_deck":["AscendersBane","Strike_B","Strike_B","Defend_B","Defend_B","Defend_B","Defend_B","Zap+1","Dualcast","Hologram+1","Defragment+1","Hyperbeam+1","Cold Snap","Sweeping Beam+1","Echo Form+1","Electrodynamics+1","Go for the Eyes+1","Amplify","Cold Snap+1"],"relics":["Cracked Core","Singing Bowl","Molten Egg 2","Pocketwatch","Coffee Dripper","Pantograph","Toy Ornithopter","Dodecahedron","Potion Belt"],"potions_floor_usage":[13,16,21,23,23,25,31],"damage_taken":[{"damage":4,"enemies":"Jaw Worm","floor":1,"turns":4},{"damage":0,"enemies":"Cultist","floor":4,"turns":3},{"damage":0,"enemies":"Small Slimes","floor":7,"turns":2},{"damage":17,"enemies":"3 Sentries","floor":8,"turns":3},{"damage":0,"enemies":"2 Fungi Beasts","floor":10,"turns":1},{"damage":6,"enemies":"Gremlin Nob","floor":13,"turns":3},{"damage":12,"enemies":"3 Louse","floor":14,"turns":3},{"damage":0,"enemies":"Slime Boss","floor":16,"turns":4},{"damage":15,"enemies":"Shell Parasite","floor":18,"turns":5},{"damage":18,"enemies":"Chosen","floor":21,"turns":4},{"damage":31,"enemies":"Book of Stabbing","floor":23,"turns":5},{"damage":17,"enemies":"Snake Plant","floor":25,"turns":4},{"damage":0,"enemies":"3 Cultists","floor":29,"turns":2},{"damage":31,"enemies":"Shelled Parasite and Fungi","floor":31,"turns":1}],"seed_played":"2196127790028032367","potions_obtained":[{"floor":4,"key":"SpeedPotion"},{"floor":7,"key":"Weak Potion"},{"floor":13,"key":"FocusPotion"},{"floor":16,"key":"Swift Potion"},{"floor":21,"key":"SpeedPotion"},{"floor":23,"key":"GamblersBrew"},{"floor":29,"key":"FearPotion"}],"is_trial":false,"path_per_floor":["M","$","?","M","?","R","M","E","T","M","?","R","E","M","R","B",null,"M","?","?","M","$","E","R","M","T","R","?","M","R","M"],"character_chosen":"DEFECT","items_purchased":["Defragment","Hyperbeam","Toy Ornithopter"],"campfire_rested":1,"item_purchase_floors":[2,2,22],"current_hp_per_floor":[60,60,39,39,39,39,39,24,24,24,24,45,39,27,27,27,62,49,49,49,33,33,14,14,2,2,2,2,4,4,0],"gold":74,"neow_bonus":"TWO_FIFTY_GOLD","is_prod":false,"is_daily":false,"chose_seed":false,"campfire_upgraded":5,"win_rate":0,"timestamp":1556274895,"path_taken":["M","$","?","M","?","R","M","E","T","?","?","R","E","M","R","BOSS","M","?","?","M","$","E","R","?","T","R","?","M","R","M"],"build_version":"2019-01-23","purchased_purges":2,"victory":false,"max_hp_per_floor":[71,71,71,71,71,71,71,73,73,73,73,73,73,73,73,73,73,75,75,75,77,77,79,79,79,79,79,79,81,81,81],"card_choices":[{"not_picked":["Auto Shields","Turbo"],"picked":"Hologram","floor":1},{"not_picked":["FTL","Redo"],"picked":"Cold Snap","floor":4},{"not_picked":["Hologram","Redo"],"picked":"Sweeping Beam","floor":7},{"not_picked":["Gash","Beam Cell","Auto Shields"],"picked":"Singing Bowl","floor":8},{"not_picked":["Self Repair","Consume"],"picked":"Echo Form","floor":10},{"not_picked":["Streamline+1","Redo"],"picked":"Electrodynamics","floor":13},{"not_picked":["Capacitor","Rebound+1"],"picked":"Go for the Eyes+1","floor":14},{"not_picked":["Multi-Cast","Biased Cognition"],"picked":"Amplify","floor":16},{"not_picked":["Turbo","White Noise","Sweeping Beam+1"],"picked":"Singing Bowl","floor":18},{"not_picked":["Steam","Lockon+1","Sweeping Beam+1"],"picked":"Singing Bowl","floor":21},{"not_picked":["Turbo","Sweeping Beam+1","Hyperbeam+1"],"picked":"Singing Bowl","floor":23},{"not_picked":["Leap","Turbo"],"picked":"Cold Snap+1","floor":25},{"not_picked":["Leap","Conserve Battery","Rebound+1"],"picked":"Singing Bowl","floor":29}],"player_experience":1952569,"relics_obtained":[{"floor":8,"key":"Singing Bowl"},{"floor":9,"key":"Molten Egg 2"},{"floor":13,"key":"Pocketwatch"},{"floor":23,"key":"Dodecahedron"},{"floor":26,"key":"Potion Belt"}],"event_choices":[{"damage_healed":0,"gold_gain":0,"player_choice":"Entered Light","damage_taken":21,"max_hp_gain":0,"max_hp_loss":0,"event_name":"Shining Light","floor":3,"gold_loss":0,"cards_upgraded":["Hologram","Hyperbeam"]},{"cards_removed":["Strike_B"],"damage_healed":0,"gold_gain":0,"player_choice":"Purged","damage_taken":0,"max_hp_gain":0,"max_hp_loss":0,"event_name":"Purifier","floor":5,"gold_loss":0},{"damage_healed":0,"gold_gain":0,"player_choice":"Ignored","damage_taken":0,"max_hp_gain":0,"max_hp_loss":0,"event_name":"Liars Game","floor":11,"gold_loss":0},{"damage_healed":0,"gold_gain":0,"player_choice":"Opened","damage_taken":0,"relics_obtained":["Pantograph"],"max_hp_gain":0,"max_hp_loss":0,"event_name":"The Mausoleum","floor":19,"gold_loss":0,"cards_obtained":["Writhe"]},{"cards_removed":["Writhe"],"damage_healed":0,"gold_gain":0,"player_choice":"Removed Curses","damage_taken":0,"max_hp_gain":0,"max_hp_loss":0,"event_name":"Fountain of Cleansing","floor":20,"gold_loss":0},{"damage_healed":0,"gold_gain":0,"player_choice":"Ignored","damage_taken":0,"max_hp_gain":0,"max_hp_loss":0,"event_name":"Cursed Tome","floor":28,"gold_loss":0}],"is_beta":false,"boss_relics":[{"not_picked":["FrozenCore","Astrolabe"],"picked":"Coffee Dripper"}],"items_purged_floors":[2,22],"is_endless":false,"potions_floor_spawned":[4,7,13,16,21,23,29],"killed_by":"Shelled Parasite and Fungi","ascension_level":20}