{"gold_per_floor":[114,127,137,154,44,101,44,44,44,54,54,81,97,128,128,202,202,175,275,288,203,218,218,218,218,218,253,267,267,267,287,287,366,366,386,7,25,25,25,25,44,44,70,70,88,88,105,0,0,0,0],"floor_reached":51,"playtime":3094,"items_purged":[],"score":1399,"play_id":"978bfed3-d01f-4f62-b4fc-bada51e308b8","local_time":"20190317144959","is_ascension_mode":true,"campfire_choices":[{"data":"Armaments","floor":8,"key":"SMITH"},{"data":"Uppercut","floor":11,"key":"SMITH"},{"data":"True Grit","floor":15,"key":"SMITH"},{"floor":23,"key":"REST"},{"data":"Limit Break","floor":30,"key":"SMITH"},{"data":"Pommel Strike","floor":32,"key":"SMITH"},{"floor":40,"key":"REST"},{"data":"Inflame","floor":42,"key":"SMITH"},{"data":"Inflame","floor":44,"key":"SMITH"},{"floor":49,"key":"REST"}],"neow_cost":"NONE","seed_source_timestamp":45148581803161,"circlet_count":0,"master_deck":["AscendersBane","Strike_R","Strike_R","Strike_R","Strike_R","Strike_R","Defend_R","Defend_R","Defend_R","Defend_R","Bash","Anger","Pommel Strike+1","Uppercut+1","Clothesline","Inflame+1","Perfected Strike","Reckless Charge","Armaments+1","Inflame+1","True Grit+1","Metallicize","Limit Break+1","Shockwave","Seeing Red+1","Spot Weakness+1","Power Through+1","Armaments+1","Infernal Blade+1","Headbutt","Limit Break+1","Shrug It Off+1","Warcry+1","Regret","Exhume+1","Injury","Pommel Strike+1","Evolve+1"],"relics":["Burning Blood","Tiny Chest","Happy Flower","Matryoshka","Dream Catcher","Runic Dome","Ginger","Toxic Egg 2","Blood Vial","Sundial","Dodecahedron","Bag of Marbles","Anchor","Darkstone Periapt","Cursed Key","Mango","Letter Opener","Singing Bowl","Centennial Puzzle","Red Mask"],"potions_floor_usage":[4,12,16,18,19,20,27,33,47],"damage_taken":[{"damage":2,"enemies":"Cultist","floor":1,"turns":4},{"damage":7,"enemies":"2 Louse","floor":2,"turns":3},{"damage":12,"enemies":"Jaw Worm","floor":3,"turns":3},{"damage":11,"enemies":"Large Slime","floor":4,"turns":5},{"damage":6,"enemies":"Gremlin Nob","floor":6,"turns":3},{"damage":2,"enemies":"Red Slaver","floor":10,"turns":3},{"damage":5,"enemies":"3 Sentries","floor":12,"turns":5},{"damage":3,"enemies":"Looter","floor":13,"turns":2},{"damage":22,"enemies":"Lagavulin","floor":14,"turns":5},{"damage":20,"enemies":"Slime Boss","floor":16,"turns":10},{"damage":14,"enemies":"2 Thieves","floor":18,"turns":4},{"damage":4,"enemies":"Colosseum Slavers","floor":19,"turns":4},{"damage":22,"enemies":"Colosseum Nobs","floor":19,"turns":5},{"damage":19,"enemies":"3 Byrds","floor":20,"turns":6},{"damage":38,"enemies":"Snake Plant","floor":22,"turns":5},{"damage":8,"enemies":"Gremlin Leader","floor":27,"turns":7},{"damage":36,"enemies":"Shelled Parasite and Fungi","floor":28,"turns":5},{"damage":6,"enemies":"Snecko","floor":31,"turns":4},{"damage":42,"enemies":"Champ","floor":33,"turns":7},{"damage":44,"enemies":"3 Darklings","floor":35,"turns":5},{"damage":17,"enemies":"Orb Walker","floor":37,"turns":3},{"damage":11,"enemies":"4 Shapes","floor":41,"turns":5},{"damage":5,"enemies":"3 Darklings","floor":45,"turns":4},{"damage":7,"enemies":"Transient","floor":47,"turns":6},{"damage":94,"enemies":"Time Eater","floor":50,"turns":7},{"damage":43,"enemies":"Awakened One","floor":51,"turns":4}],"seed_played":"-5941345607424279255","potions_obtained":[{"floor":2,"key":"Explosive Potion"},{"floor":3,"key":"SteroidPotion"},{"floor":10,"key":"Fire Potion"},{"floor":16,"key":"SkillPotion"},{"floor":18,"key":"Fire Potion"},{"floor":19,"key":"BloodPotion"},{"floor":20,"key":"FearPotion"},{"floor":28,"key":"Ancient Potion"},{"floor":41,"key":"Fire Potion"},{"floor":45,"key":"Fire Potion"}],"is_trial":false,"path_per_floor":["M","M","M","M","$","E","$","R","T","M","R","E","M","E","R","B",null,"M","?","M","?","M","R","?","T","T","E","M","?","R","M","R","B",null,"M","$","M","T","T","R","M","R","T","R","M","?","M","?","R","B","B"],"character_chosen":"IRONCLAD","items_purchased":["Inflame","Perfected Strike","Armaments","Mango","Shrug It Off+1"],"campfire_rested":3,"item_purchase_floors":[5,5,7,36,36],"current_hp_per_floor":[79,78,72,67,67,67,67,67,67,71,71,72,75,59,59,45,73,65,51,46,46,16,40,56,56,56,56,28,92,92,92,92,56,83,47,61,52,58,64,99,98,98,104,104,109,109,110,110,128,40,0],"gold":0,"neow_bonus":"TEN_PERCENT_HP_BONUS","is_prod":false,"is_daily":false,"chose_seed":false,"campfire_upgraded":7,"win_rate":0,"timestamp":1552848599,"path_taken":["M","M","M","M","?","E","$","R","T","M","R","E","M","E","R","BOSS","M","?","M","?","M","R","?","?","T","E","?","?","R","M","R","BOSS","M","$","M","?","?","R","M","R","T","R","M","?","?","?","R","BOSS","BOSS"],"build_version":"2019-01-23","purchased_purges":0,"victory":false,"max_hp_per_floor":[82,82,82,82,82,82,82,82,82,82,82,82,82,82,82,82,82,82,82,82,82,82,82,82,82,82,82,82,92,92,92,92,92,92,92,106,106,112,118,118,120,120,126,126,128,128,128,128,128,128,128],"card_choices":[{"not_picked":["Heavy Blade","Pummel"],"picked":"Anger","floor":1},{"not_picked":["Body Slam","Anger"],"picked":"Pommel Strike","floor":2},{"not_picked":["True Grit","Body Slam"],"picked":"Uppercut","floor":3},{"not_picked":["True Grit","Power Through"],"picked":"Clothesline","floor":4},{"not_picked":["Clash","Rage"],"picked":"Reckless Charge","floor":6},{"not_picked":["Anger","Headbutt"],"picked":"Inflame","floor":10},{"not_picked":["Sentinel","Inflame"],"picked":"True Grit","floor":12},{"not_picked":["Perfected Strike","Anger"],"picked":"Metallicize","floor":13},{"not_picked":["Pummel","Twin Strike"],"picked":"Exhume","floor":14},{"not_picked":["Exhume","Double Tap"],"picked":"Limit Break","floor":16},{"not_picked":["Warcry","Pommel Strike"],"picked":"Shockwave","floor":18},{"not_picked":["Perfected Strike","Bloodletting"],"picked":"Seeing Red+1","floor":19},{"not_picked":["Iron Wave+1","Headbutt","Corruption"],"picked":"SKIP","floor":20},{"not_picked":["Battle Trance+1","Warcry+1"],"picked":"Spot Weakness+1","floor":22},{"not_picked":["Immolate","Sword Boomerang"],"picked":"Power Through+1","floor":23},{"not_picked":["Shrug It Off+1","Blood for Blood"],"picked":"Armaments+1","floor":27},{"not_picked":["Warcry+1","Bloodletting+1"],"picked":"Infernal Blade+1","floor":28},{"not_picked":["Cleave+1","Sword Boomerang"],"picked":"Headbutt","floor":31},{"not_picked":["Bludgeon","Barricade"],"picked":"Limit Break+1","floor":33},{"not_picked":["Pommel Strike","Corruption","Clothesline"],"picked":"SKIP","floor":35},{"not_picked":["Clash+1","True Grit+1"],"picked":"Warcry+1","floor":37},{"not_picked":["Clothesline","Clash"],"picked":"Exhume+1","floor":40},{"not_picked":["Perfected Strike","Hemokinesis","Body Slam"],"picked":"Singing Bowl","floor":41},{"not_picked":["Clash","Anger","Seeing Red+1"],"picked":"Singing Bowl","floor":45},{"not_picked":["Clash","Corruption"],"picked":"Pommel Strike+1","floor":47},{"not_picked":["Offering+1","Searing Blow+1"],"picked":"Evolve+1","floor":49}],"player_experience":1166418,"relics_obtained":[{"floor":6,"key":"Tiny Chest"},{"floor":9,"key":"Happy Flower"},{"floor":12,"key":"Matryoshka"},{"floor":14,"key":"Dream Catcher"},{"floor":19,"key":"Ginger"},{"floor":19,"key":"Toxic Egg 2"},{"floor":25,"key":"Sundial"},{"floor":25,"key":"Dodecahedron"},{"floor":26,"key":"Bag of Marbles"},{"floor":26,"key":"Anchor"},{"floor":27,"key":"Darkstone Periapt"},{"floor":38,"key":"Letter Opener"},{"floor":39,"key":"Singing Bowl"},{"floor":43,"key":"Centennial Puzzle"}],"event_choices":[{"damage_healed":0,"gold_gain":0,"player_choice":"Fight","damage_taken":0,"max_hp_gain":0,"max_hp_loss":0,"event_name":"Colosseum","floor":19,"gold_loss":0},{"damage_healed":0,"gold_gain":0,"player_choice":"Fought Nobs","damage_taken":0,"max_hp_gain":0,"max_hp_loss":0,"event_name":"Colosseum","floor":19,"gold_loss":0},{"damage_healed":0,"gold_gain":0,"player_choice":"Obtained Relic","damage_taken":0,"relics_obtained":["Blood Vial"],"max_hp_gain":0,"max_hp_loss":0,"event_name":"Addict","floor":21,"gold_loss":85},{"damage_healed":16,"gold_gain":0,"player_choice":"Heal","damage_taken":0,"max_hp_gain":0,"max_hp_loss":0,"event_name":"The Library","floor":24,"gold_loss":0},{"cards_removed":["Exhume"],"damage_healed":54,"gold_gain":0,"player_choice":"Offered Rare","damage_taken":0,"max_hp_gain":10,"max_hp_loss":0,"event_name":"Bonfire Elementals","floor":29,"gold_loss":0},{"cards_removed":["Pain"],"damage_healed":0,"gold_gain":0,"player_choice":"Purged","damage_taken":0,"max_hp_gain":0,"max_hp_loss":0,"event_name":"Purifier","floor":46,"gold_loss":0},{"damage_healed":0,"gold_gain":0,"player_choice":"Paid","damage_taken":0,"relics_obtained":["Red Mask"],"max_hp_gain":0,"max_hp_loss":0,"event_name":"Tomb of Lord Red Mask","floor":48,"gold_loss":105}],"is_beta":false,"boss_relics":[{"not_picked":["Ectoplasm","Philosopher\u0027s Stone"],"picked":"Runic Dome"},{"not_picked":["Busted Crown","Runic Cube"],"picked":"Cursed Key"}],"items_purged_floors":[],"is_endless":false,"potions_floor_spawned":[2,3,10,16,18,19,20,28,41,45],"killed_by":"Awakened One","ascension_level":20}