{"gold_per_floor":[116,132,57,72,72,102,102,130,130,130,143,169,189,216,216,292,292,308,308,308,322,334,334,347,347,347,347,347,31,46,76,76,149,149,166,176,188,188,204,204,229,240,240,240,267,267,283,303,303,303,303,303,303,20,49,49],"floor_reached":57,"playtime":3386,"items_purged":["Strike_R"],"score":2708,"play_id":"c8566f95-1ceb-4f72-9b82-cba756df91c4","local_time":"20190426222033","is_ascension_mode":true,"campfire_choices":[{"data":"Clothesline","floor":7.0,"key":"SMITH"},{"data":"Whirlwind","floor":10.0,"key":"SMITH"},{"data":"Demon Form","floor":15.0,"key":"SMITH"},{"data":"Limit Break","floor":23.0,"key":"SMITH"},{"floor":25.0,"key":"RECALL"},{"data":"Disarm","floor":32.0,"key":"SMITH"},{"data":"Corruption","floor":40.0,"key":"SMITH"},{"data":"Rage","floor":49.0,"key":"SMITH"},{"data":"Flame Barrier","floor":53.0,"key":"SMITH"}],"neow_cost":"NONE","seed_source_timestamp":1064484643598426,"circlet_count":0,"master_deck":["AscendersBane","Defend_R","Defend_R","Defend_R","Defend_R","Bash+1","Demon Form+1","Corruption+1","Twin Strike","Sword Boomerang","Clothesline+1","Whirlwind+1","Rage+1","Fiend Fire+1","Limit Break+1","Battle Trance+1","Necronomicurse","Disarm+1","Heavy Blade+1","Uppercut+1","Inflame+1","Fiend Fire+1","Reaper+1","Bloodletting+1","Entrench","Seeing Red","Flame Barrier+1","Disarm+1","Sentinel+1","Metallicize+1","Reaper+1","Feel No Pain+1","Shockwave","Blind","Shrug It Off"],"special_seed":0,"relics":["Burning Blood","Oddly Smooth Stone","Magic Flower","Molten Egg 2","Unceasing Top","Lantern","Coffee Dripper","Necronomicon","Frozen Egg 2","Dead Branch","Bottled Flame","Runic Dome","Bronze Scales","Incense Burner","Anchor","Orichalcum"],"potions_floor_usage":[],"damage_taken":[{"damage":8.0,"enemies":"2 Louse","floor":1.0,"turns":4.0},{"damage":4.0,"enemies":"Jaw Worm","floor":2.0,"turns":5.0},{"damage":6.0,"enemies":"Cultist","floor":4.0,"turns":3.0},{"damage":6.0,"enemies":"Gremlin Nob","floor":6.0,"turns":3.0},{"damage":14.0,"enemies":"Lagavulin","floor":8.0,"turns":5.0},{"damage":5.0,"enemies":"Looter","floor":11.0,"turns":3.0},{"damage":4.0,"enemies":"3 Sentries","floor":12.0,"turns":4.0},{"damage":6.0,"enemies":"Exordium Wildlife","floor":13.0,"turns":2.0},{"damage":28.0,"enemies":"Slime Boss","floor":16.0,"turns":7.0},{"damage":12.0,"enemies":"Chosen","floor":18.0,"turns":4.0},{"damage":1.0,"enemies":"2 Thieves","floor":21.0,"turns":2.0},{"damage":3.0,"enemies":"Cultist and Chosen","floor":22.0,"turns":5.0},{"damage":0.0,"enemies":"Snake Plant","floor":24.0,"turns":2.0},{"damage":29.0,"enemies":"Shelled Parasite and Fungi","floor":30.0,"turns":4.0},{"damage":39.0,"enemies":"Slavers","floor":31.0,"turns":3.0},{"damage":15.0,"enemies":"Collector","floor":33.0,"turns":3.0},{"damage":0.0,"enemies":"3 Darklings","floor":35.0,"turns":1.0},{"damage":0.0,"enemies":"Orb Walker","floor":36.0,"turns":2.0},{"damage":36.0,"enemies":"4 Shapes","floor":37.0,"turns":6.0},{"damage":9.0,"enemies":"Maw","floor":39.0,"turns":2.0},{"damage":22.0,"enemies":"Nemesis","floor":41.0,"turns":3.0},{"damage":3.0,"enemies":"Writhing Mass","floor":42.0,"turns":2.0},{"damage":28.0,"enemies":"Reptomancer","floor":45.0,"turns":3.0},{"damage":0.0,"enemies":"Spire Growth","floor":47.0,"turns":2.0},{"damage":1.0,"enemies":"3 Darklings","floor":48.0,"turns":1.0},{"damage":16.0,"enemies":"Awakened One","floor":50.0,"turns":7.0},{"damage":51.0,"enemies":"Time Eater","floor":51.0,"turns":8.0},{"damage":23.0,"enemies":"Shield and Spear","floor":55.0,"turns":5.0},{"damage":84,"enemies":"The Heart","floor":56,"turns":9}],"seed_played":"8172170819041309669","potions_obtained":[{"floor":1.0,"key":"Strength Potion"},{"floor":4.0,"key":"SteroidPotion"},{"floor":11.0,"key":"Block Potion"},{"floor":16.0,"key":"Block Potion"},{"floor":21.0,"key":"AttackPotion"},{"floor":30.0,"key":"LiquidBronze"},{"floor":31.0,"key":"Poison Potion"},{"floor":33.0,"key":"Block Potion"},{"floor":36.0,"key":"Poison Potion"},{"floor":47.0,"key":"PowerPotion"},{"floor":48.0,"key":"SteroidPotion"}],"is_trial":false,"path_per_floor":["M","M","?","M","?","E","R","E","T","R","M","E","M","T","R","B",null,"M","?","T","M","M","R","M","R","T","$","?","$","M","E","R","B",null,"M","M","M","?","M","R","E","M","T","?","E","?","M","M","R","B","B",null,"R","$","E","B",null],"character_chosen":"IRONCLAD","items_purchased":["Dead Branch","Feel No Pain+1","Shockwave","Blind"],"campfire_rested":0,"item_purchase_floors":[29,54,54,54],"current_hp_per_floor":[66,68,68,68,68,68,68,60,60,60,64,69,72,72,72,53,70,67,46,46,54,60,60,69,69,69,69,69,69,49,19,19,13,60,69,75,75,75,75,75,62,68,68,68,49,49,58,66,66,68,75,75,75,75,75,75],"gold":49,"neow_bonus":"TRANSFORM_CARD","is_prod":false,"is_daily":false,"chose_seed":false,"campfire_upgraded":8,"win_rate":0,"timestamp":1556342433,"path_taken":["M","M","?","M","?","E","R","E","T","R","M","E","M","?","R","BOSS","M","?","?","M","?","R","M","R","T","$","?","$","M","E","R","BOSS","M","M","M","?","M","R","E","?","T","?","E","?","M","M","R","BOSS","BOSS","R","$","E","BOSS"],"build_version":"2019-04-23","purchased_purges":1,"victory":true,"max_hp_per_floor":[75,75,75,75,75,75,75,75,75,75,75,75,75,75,75,75,75,75,75,75,75,75,75,75,75,75,75,75,75,75,75,75,75,75,75,75,75,75,75,75,75,75,75,75,75,75,75,75,75,75,75,75,75,75,75,75],"card_choices":[{"not_picked":["Infernal Blade","Armaments"],"picked":"Corruption","floor":1.0},{"not_picked":["Reckless Charge","Dropkick"],"picked":"Twin Strike","floor":2.0},{"not_picked":["Flex","Anger"],"picked":"Sword Boomerang","floor":4.0},{"not_picked":["Armaments","Power Through"],"picked":"Clothesline","floor":6.0},{"not_picked":["Pommel Strike","Perfected Strike"],"picked":"Whirlwind","floor":8.0},{"not_picked":["Juggernaut","Evolve"],"picked":"Rage","floor":11.0},{"not_picked":["Hemokinesis+1","Ghostly Armor"],"picked":"Fiend Fire+1","floor":12.0},{"not_picked":["Hemokinesis+1","Perfected Strike+1","Havoc"],"picked":"SKIP","floor":13.0},{"not_picked":["Brutality","Exhume"],"picked":"Limit Break","floor":16.0},{"not_picked":["Flex","Entrench"],"picked":"Battle Trance+1","floor":18.0},{"not_picked":["Body Slam+1","Second Wind","Flex"],"picked":"SKIP","floor":21.0},{"not_picked":["Armaments","Thunderclap+1"],"picked":"Disarm","floor":22.0},{"not_picked":["Warcry","Flex"],"picked":"Heavy Blade+1","floor":24.0},{"not_picked":["Headbutt+1","Cleave+1"],"picked":"Fiend Fire+1","floor":30.0},{"not_picked":["Thunderclap+1","Warcry","Twin Strike+1"],"picked":"SKIP","floor":31.0},{"not_picked":["Berserk+1","Fiend Fire+1"],"picked":"Reaper+1","floor":33.0},{"not_picked":["Headbutt+1","Clash+1"],"picked":"Bloodletting","floor":35.0},{"not_picked":["Searing Blow+1","Combust+1"],"picked":"Battle Trance","floor":36.0},{"not_picked":["Rampage+1","Heavy Blade+1"],"picked":"Entrench","floor":37.0},{"not_picked":["Wild Strike+1","Clash+1"],"picked":"Seeing Red","floor":39.0},{"not_picked":["Entrench","Fire Breathing+1"],"picked":"Flame Barrier","floor":41.0},{"not_picked":["Shrug It Off","Warcry+1"],"picked":"Disarm+1","floor":42.0},{"not_picked":["Flame Barrier","Second Wind"],"picked":"Sentinel+1","floor":45.0},{"not_picked":["Second Wind","Clash+1"],"picked":"Metallicize+1","floor":47.0},{"not_picked":["True Grit","Clothesline+1"],"picked":"Reaper+1","floor":48.0},{"not_picked":["Flex","Twin Strike+1"],"picked":"Shrug It Off","floor":55.0}],"player_experience":1484530,"relics_obtained":[{"floor":6.0,"key":"Oddly Smooth Stone"},{"floor":8.0,"key":"Magic Flower"},{"floor":9.0,"key":"Molten Egg 2"},{"floor":12.0,"key":"Unceasing Top"},{"floor":14.0,"key":"Lantern"},{"floor":19.0,"key":"Necronomicon"},{"floor":26.0,"key":"Frozen Egg 2"},{"floor":31.0,"key":"Bottled Flame"},{"floor":41.0,"key":"Bronze Scales"},{"floor":43.0,"key":"Incense Burner"},{"floor":45.0,"key":"Anchor"},{"floor":55.0,"key":"Orichalcum"}],"event_choices":[{"cards_removed":["Strike_R"],"damage_healed":0.0,"max_hp_gain":0.0,"max_hp_loss":0.0,"gold_gain":0.0,"event_name":"The Cleric","player_choice":"Card Removal","floor":3.0,"gold_loss":75.0,"damage_taken":0.0},{"damage_healed":0.0,"max_hp_gain":0.0,"max_hp_loss":0.0,"gold_gain":0.0,"event_name":"Living Wall","player_choice":"Grow","floor":5.0,"gold_loss":0.0,"damage_taken":0.0,"cards_upgraded":["Bash"]},{"damage_healed":0.0,"max_hp_gain":0.0,"max_hp_loss":0.0,"gold_gain":0.0,"event_name":"Cursed Tome","player_choice":"Obtained Book","floor":19.0,"gold_loss":0.0,"damage_taken":21.0},{"damage_healed":0.0,"max_hp_gain":0.0,"max_hp_loss":0.0,"gold_gain":0.0,"cards_transformed":["Strike_R","Strike_R"],"event_name":"Drug Dealer","player_choice":"Became Test Subject","floor":28.0,"gold_loss":0.0,"damage_taken":0.0,"cards_obtained":["Uppercut","Inflame"]},{"damage_healed":0.0,"max_hp_gain":0.0,"max_hp_loss":0.0,"gold_gain":0.0,"event_name":"Upgrade Shrine","player_choice":"Upgraded","floor":38.0,"gold_loss":0.0,"damage_taken":0.0,"cards_upgraded":["Bloodletting"]},{"damage_healed":0.0,"max_hp_gain":0.0,"max_hp_loss":0.0,"gold_gain":0.0,"event_name":"Tomb of Lord Red Mask","player_choice":"Ignored","floor":44.0,"gold_loss":0.0,"damage_taken":0.0},{"cards_removed":["Battle Trance"],"damage_healed":0.0,"max_hp_gain":0.0,"max_hp_loss":0.0,"gold_gain":0.0,"event_name":"Falling","player_choice":"Removed Skill","floor":46.0,"gold_loss":0.0,"damage_taken":0.0}],"is_beta":true,"boss_relics":[{"not_picked":["Orrery","Calling Bell"],"picked":"Coffee Dripper"},{"not_picked":["Pandora\u0027s Box","Runic Cube"],"picked":"Runic Dome"}],"items_purged_floors":[54],"is_endless":false,"potions_floor_spawned":[1,4,11,16,21,30,31,33,36,47,48],"ascension_level":20}