{"gold_per_floor":[16,166,166,178,197,197,232,243,243,8,8,38,38,51,51,51],"floor_reached":16,"playtime":849,"items_purged":["Doubt"],"score":220,"play_id":"62743606-dd7e-431f-980a-653b690ca489","local_time":"20190502051230","is_ascension_mode":true,"campfire_choices":[{"data":"Quick Slash","floor":6,"key":"SMITH"},{"floor":11,"key":"REST"},{"data":"Dagger Spray","floor":13,"key":"SMITH"},{"floor":15,"key":"REST"}],"neow_cost":"NO_GOLD","seed_source_timestamp":817716210593785,"circlet_count":0,"master_deck":["AscendersBane","Defend_G","Defend_G","Defend_G","Defend_G","Defend_G","Strike_G","Strike_G","Strike_G","Strike_G","Strike_G","Survivor","Neutralize","Backflip","Cloak And Dagger","Quick Slash+1","Footwork","Slice","Dagger Spray+1","Dagger Throw"],"relics":["Ring of the Snake","Lantern","Regal Pillow","Oddly Smooth Stone","Bottled Flame"],"potions_floor_usage":[7,8,16,16],"damage_taken":[{"damage":0,"enemies":"2 Louse","floor":1,"turns":5},{"damage":7,"enemies":"Small Slimes","floor":4,"turns":4},{"damage":3,"enemies":"Cultist","floor":5,"turns":6},{"damage":35,"enemies":"3 Sentries","floor":7,"turns":11},{"damage":8,"enemies":"Exordium Thugs","floor":8,"turns":7},{"damage":52,"enemies":"Lagavulin","floor":12,"turns":11},{"damage":0,"enemies":"Exordium Wildlife","floor":14,"turns":3},{"damage":45,"enemies":"Hexaghost","floor":16,"turns":14}],"seed_played":"7369404515076899705","potions_obtained":[{"floor":1,"key":"SpeedPotion"},{"floor":3,"key":"FairyPotion"},{"floor":4,"key":"Strength Potion"},{"floor":7,"key":"Block Potion"},{"floor":12,"key":"AttackPotion"}],"is_trial":false,"path_per_floor":["M","?","?","M","M","R","E","M","T","$","R","E","R","M","R","B"],"character_chosen":"THE_SILENT","items_purchased":["Oddly Smooth Stone"],"campfire_rested":2,"item_purchase_floors":[10],"current_hp_per_floor":[71,71,71,64,61,61,26,18,18,18,56,4,4,4,42,0],"gold":51,"neow_bonus":"TWENTY_PERCENT_HP_BONUS","is_prod":false,"is_daily":false,"chose_seed":false,"campfire_upgraded":2,"win_rate":0,"timestamp":1556788350,"path_taken":["M","?","?","M","?","R","E","M","T","$","R","E","R","M","R","BOSS"],"build_version":"2019-01-23","purchased_purges":1,"victory":false,"max_hp_per_floor":[78,78,78,78,78,78,78,78,78,78,78,78,78,78,78,78],"card_choices":[{"not_picked":["Catalyst","Acrobatics"],"picked":"Backflip","floor":1},{"not_picked":["Slice","Distraction"],"picked":"Cloak And Dagger","floor":4},{"not_picked":["Reflex","Catalyst"],"picked":"Quick Slash","floor":5},{"not_picked":["Quick Slash","Calculated Gamble"],"picked":"Footwork","floor":7},{"not_picked":["Sucker Punch","Calculated Gamble"],"picked":"Slice","floor":8},{"not_picked":["Caltrops","Prepared"],"picked":"Dagger Spray","floor":12},{"not_picked":["Distraction","Poisoned Stab"],"picked":"Dagger Throw","floor":14}],"player_experience":2229453,"relics_obtained":[{"floor":7,"key":"Lantern"},{"floor":9,"key":"Regal Pillow"},{"floor":12,"key":"Bottled Flame"}],"event_choices":[{"damage_healed":0,"gold_gain":150,"player_choice":"AGREE","damage_taken":0,"max_hp_gain":0,"max_hp_loss":0,"event_name":"Liars Game","floor":2,"gold_loss":0,"cards_obtained":["Doubt"]},{"damage_healed":0,"gold_gain":0,"player_choice":"Got Potions","damage_taken":0,"max_hp_gain":0,"max_hp_loss":0,"event_name":"Lab","floor":3,"gold_loss":0}],"is_beta":false,"boss_relics":[],"items_purged_floors":[10],"is_endless":false,"potions_floor_spawned":[1,4,7,12],"killed_by":"Hexaghost","ascension_level":20}