{"gold_per_floor":[115,40,115,23,41,71,71,71,71,71,81,106,126,126,126,203,203,217,228,228,228,243,243,271,284,307,307],"floor_reached":27,"playtime":875,"items_purged":[],"score":492,"play_id":"f4b3b8ce-b9a6-47e2-9339-94c5b74d6bf9","local_time":"20190313114557","is_ascension_mode":true,"campfire_choices":[{"data":"Perfected Strike","floor":8,"key":"SMITH"},{"data":"Bash","floor":10,"key":"SMITH"},{"data":"Shockwave","floor":15,"key":"SMITH"},{"floor":23,"key":"REST"}],"neow_cost":"NONE","seed_source_timestamp":1787919709009,"circlet_count":0,"master_deck":["AscendersBane","Strike_R+1","Strike_R","Strike_R+1","Strike_R","Strike_R","Defend_R","Defend_R","Defend_R","Bash+1","Perfected Strike+1","Perfected Strike+1","Shockwave+1","Headbutt","Clothesline+1","Bash+1","Reaper+1","Pommel Strike+1","Perfected Strike+1","Fire Breathing+1","Double Tap","Wild Strike+1"],"relics":["Burning Blood","NeowsBlessing","Bottled Flame","Champion Belt","Molten Egg 2","Sozu","Letter Opener","Vajra","Whetstone"],"potions_floor_usage":[12,13,19],"damage_taken":[{"damage":0,"enemies":"Jaw Worm","floor":1,"turns":1},{"damage":0,"enemies":"Small Slimes","floor":5,"turns":1},{"damage":0,"enemies":"Lagavulin","floor":6,"turns":1},{"damage":0,"enemies":"Cultist","floor":11,"turns":2},{"damage":20,"enemies":"3 Sentries","floor":12,"turns":6},{"damage":4,"enemies":"3 Louse","floor":13,"turns":3},{"damage":52,"enemies":"The Guardian","floor":16,"turns":11},{"damage":25,"enemies":"3 Byrds","floor":18,"turns":5},{"damage":8,"enemies":"2 Thieves","floor":19,"turns":3},{"damage":18,"enemies":"Chosen and Byrds","floor":22,"turns":5},{"damage":59,"enemies":"Gremlin Leader","floor":24,"turns":6},{"damage":11,"enemies":"Sentry and Sphere","floor":25,"turns":3},{"damage":24,"enemies":"Centurion and Healer","floor":27,"turns":3}],"seed_played":"-1040951976457011585","potions_obtained":[{"floor":6,"key":"AttackPotion"},{"floor":11,"key":"Strength Potion"},{"floor":13,"key":"SpeedPotion"}],"is_trial":false,"path_per_floor":["M","?","?","$","M","E","?","R","T","R","M","E","M","?","R","B",null,"M","M","T","?","M","R","E","M","T","M"],"character_chosen":"IRONCLAD","items_purchased":["Perfected Strike","Shockwave"],"campfire_rested":1,"item_purchase_floors":[4,4],"current_hp_per_floor":[74,74,63,63,69,75,75,75,75,75,75,61,63,63,63,17,61,48,46,46,46,39,61,20,15,15,0],"gold":307,"neow_bonus":"THREE_ENEMY_KILL","is_prod":false,"is_daily":false,"chose_seed":false,"campfire_upgraded":3,"win_rate":0,"timestamp":1552491957,"path_taken":["M","?","?","?","?","E","?","R","T","R","M","E","M","?","R","BOSS","M","M","?","?","M","R","E","?","T","M"],"build_version":"2019-01-23","purchased_purges":0,"victory":false,"max_hp_per_floor":[75,75,75,75,75,75,75,75,75,75,75,75,75,75,75,75,75,75,75,75,75,75,75,75,75,75,75],"card_choices":[{"not_picked":["Thunderclap","Headbutt"],"picked":"Perfected Strike","floor":1},{"not_picked":["Clash","Flex","Sword Boomerang"],"picked":"SKIP","floor":5},{"not_picked":["Dropkick","Cleave"],"picked":"Headbutt","floor":6},{"not_picked":["Whirlwind","Clash","True Grit"],"picked":"SKIP","floor":11},{"not_picked":["True Grit","Fiend Fire","Limit Break"],"picked":"SKIP","floor":12},{"not_picked":["Rage","Combust"],"picked":"Clothesline+1","floor":13},{"not_picked":["Limit Break","Double Tap"],"picked":"Reaper+1","floor":16},{"not_picked":["Battle Trance+1","Body Slam+1"],"picked":"Pommel Strike+1","floor":18},{"not_picked":["Flame Barrier","Armaments"],"picked":"Perfected Strike+1","floor":19},{"not_picked":["Thunderclap+1","Armaments+1"],"picked":"Fire Breathing+1","floor":22},{"not_picked":["Flame Barrier+1","Thunderclap+1"],"picked":"Double Tap","floor":24},{"not_picked":["Entrench","Sever Soul+1"],"picked":"Wild Strike+1","floor":25}],"player_experience":1074287,"relics_obtained":[{"floor":6,"key":"Bottled Flame"},{"floor":9,"key":"Champion Belt"},{"floor":12,"key":"Molten Egg 2"},{"floor":20,"key":"Letter Opener"},{"floor":24,"key":"Vajra"},{"floor":26,"key":"Whetstone"}],"event_choices":[{"cards_removed":["Defend_R"],"damage_healed":0,"gold_gain":0,"player_choice":"Card Removal","damage_taken":0,"max_hp_gain":0,"max_hp_loss":0,"event_name":"The Cleric","floor":2,"gold_loss":75},{"damage_healed":0,"gold_gain":75,"player_choice":"Gather Gold","damage_taken":11,"max_hp_gain":0,"max_hp_loss":0,"event_name":"World of Goop","floor":3,"gold_loss":0},{"damage_healed":0,"gold_gain":0,"player_choice":"Grow","damage_taken":0,"max_hp_gain":0,"max_hp_loss":0,"event_name":"Living Wall","floor":7,"gold_loss":0,"cards_upgraded":["Perfected Strike"]},{"damage_healed":0,"gold_gain":0,"player_choice":"1 cards matched","damage_taken":0,"max_hp_gain":0,"max_hp_loss":0,"event_name":"Match and Keep!","floor":14,"gold_loss":0,"cards_obtained":["Bash"]},{"damage_healed":0,"gold_gain":0,"player_choice":"Got Potions","damage_taken":0,"max_hp_gain":0,"max_hp_loss":0,"event_name":"Lab","floor":21,"gold_loss":0}],"is_beta":false,"boss_relics":[{"not_picked":["Ectoplasm","Velvet Choker"],"picked":"Sozu"}],"items_purged_floors":[],"is_endless":false,"potions_floor_spawned":[6,11,13,22,25],"killed_by":"Centurion and Healer","ascension_level":17}