{"gold_per_floor":[113,132,132,132,148,148,148,148,201,244,244],"floor_reached":11,"playtime":248,"items_purged":[],"score":128,"play_id":"98c417e7-b5af-4505-bc8e-df42b719f5a3","local_time":"20180913213802","is_ascension_mode":true,"campfire_choices":[{"floor":6,"key":"REST"}],"neow_cost":"NONE","seed_source_timestamp":76879208374248,"circlet_count":0,"master_deck":["Defend_G","Defend_G","Defend_G","Defend_G","Defend_G","Strike_G","Strike_G","Strike_G","Strike_G","Strike_G","Survivor","Neutralize","AscendersBane","Poisoned Stab","Dagger Throw","Terror","Dash"],"relics":["Fusion Hammer","Happy Flower","GremlinMask","Golden Idol","Vajra","Pen Nib"],"potions_floor_usage":[5,10],"damage_taken":[{"damage":0,"enemies":"Cultist","floor":1,"turns":4},{"damage":6,"enemies":"2 Louse","floor":2,"turns":3},{"damage":1,"enemies":"Small Slimes","floor":5,"turns":4},{"damage":18,"enemies":"Gremlin Nob","floor":10,"turns":4},{"damage":15,"enemies":"3 Louse","floor":11,"turns":1}],"seed_played":"5323534135564796038","potions_obtained":[{"floor":2,"key":"SteroidPotion"},{"floor":5,"key":"Poison Potion"}],"is_trial":false,"path_per_floor":["M","M","?","?","M","R","?","?","T","E"],"character_chosen":"THE_SILENT","items_purchased":[],"campfire_rested":1,"item_purchase_floors":[],"current_hp_per_floor":[59,53,8,8,7,26,26,26,26,8,0],"gold":244,"neow_bonus":"BOSS_RELIC","is_prod":false,"is_daily":false,"chose_seed":false,"campfire_upgraded":0,"win_rate":0,"timestamp":1536889082,"path_taken":["M","M","?","?","?","R","?","?","T","E","?"],"build_version":"2018-09-06","purchased_purges":0,"victory":false,"max_hp_per_floor":[66,66,66,66,66,66,66,60,60,60,60],"card_choices":[{"not_picked":["Dagger Throw","Flechettes"],"picked":"Poisoned Stab","floor":1},{"not_picked":["Poisoned Stab","Deflect"],"picked":"Dagger Throw","floor":2},{"not_picked":["Masterful Stab","Acrobatics"],"picked":"Terror","floor":5},{"not_picked":["Cloak And Dagger","Expertise"],"picked":"Dash","floor":10}],"player_experience":1008779,"relics_obtained":[{"floor":9,"key":"Vajra"},{"floor":10,"key":"Pen Nib"}],"event_choices":[{"event_name":"Scrap Ooze","player_choice":"success","floor":3,"damage_taken":45},{"event_name":"Shining Light","player_choice":"Ignored","floor":4,"damage_taken":0},{"event_name":"FaceTrader","player_choice":"Trade","floor":7,"damage_taken":0},{"event_name":"Golden Idol","player_choice":"Lose Max HP","floor":8,"damage_taken":0}],"is_beta":false,"boss_relics":[],"items_purged_floors":[],"is_endless":false,"potions_floor_spawned":[2,5],"killed_by":"3 Louse","ascension_level":16}