{"gold_per_floor":[115,115,130,130,130,164,174,206,206,219,253,62,82,92,92,188,188,208,308,322,332,349,349,349],"floor_reached":24,"playtime":1409,"items_purged":[],"score":245,"play_id":"32bf6277-90c2-4fbf-859a-d74b0459a975","local_time":"20190110180608","is_ascension_mode":false,"campfire_choices":[{"floor":15,"key":"REST"},{"data":"Searing Blow","floor":23,"key":"SMITH"}],"neow_cost":"NONE","seed_source_timestamp":86510203514350,"circlet_count":0,"master_deck":["Strike_R","Strike_R","Strike_R","Strike_R","Strike_R","Defend_R","Defend_R","Defend_R","Defend_R","Bash","Armaments+1","Dual Wield","Shrug It Off","Corruption","Immolate","Searing Blow+1","Disarm","Reaper","True Grit+1","Armaments"],"relics":["Burning Blood","NeowsBlessing","Boot","Gambling Chip","Omamori","Singing Bowl","Red Skull","Lizard Tail","Magic Flower","Meat on the Bone"],"potions_floor_usage":[11,18,18,19,22,24],"damage_taken":[{"damage":0,"enemies":"Small Slimes","floor":1,"turns":1},{"damage":0,"enemies":"2 Louse","floor":3,"turns":1},{"damage":0,"enemies":"3 Sentries","floor":6,"turns":1},{"damage":0,"enemies":"Cultist","floor":7,"turns":4},{"damage":28,"enemies":"Gremlin Nob","floor":8,"turns":5},{"damage":4,"enemies":"Large Slime","floor":10,"turns":8},{"damage":25,"enemies":"3 Sentries","floor":11,"turns":11},{"damage":1,"enemies":"Exordium Thugs","floor":13,"turns":3},{"damage":7,"enemies":"Looter","floor":14,"turns":3},{"damage":62,"enemies":"Hexaghost","floor":16,"turns":10},{"damage":0,"enemies":"3 Byrds","floor":18,"turns":3},{"damage":22,"enemies":"Colosseum Slavers","floor":19,"turns":6},{"damage":95,"enemies":"Colosseum Nobs","floor":19,"turns":7},{"damage":28,"enemies":"Chosen","floor":20,"turns":7},{"damage":35,"enemies":"Snake Plant","floor":21,"turns":6},{"damage":41,"enemies":"Centurion and Healer","floor":22,"turns":10},{"damage":32,"enemies":"Gremlin Leader","floor":24,"turns":2}],"seed_played":"4489166591904957806","potions_obtained":[{"floor":1,"key":"Regen Potion"},{"floor":3,"key":"Energy Potion"},{"floor":7,"key":"LiquidBronze"},{"floor":13,"key":"SpeedPotion"},{"floor":14,"key":"AttackPotion"},{"floor":21,"key":"Swift Potion"},{"floor":22,"key":"Dexterity Potion"}],"is_trial":false,"path_per_floor":["M","?","M","?","?","E","M","E","T","M","E","$","M","M","R","B",null,"M","?","M","M","M","R","E"],"character_chosen":"IRONCLAD","items_purchased":["Corruption","Immolate"],"campfire_rested":1,"item_purchase_floors":[12,12],"current_hp_per_floor":[80,80,80,80,80,80,80,58,58,62,60,60,65,64,84,28,84,86,51,50,42,30,30,0],"gold":349,"neow_bonus":"THREE_ENEMY_KILL","is_prod":false,"is_daily":false,"chose_seed":false,"campfire_upgraded":1,"win_rate":0,"timestamp":1547161568,"path_taken":["M","?","M","?","?","E","?","E","T","M","E","$","M","M","R","BOSS","M","?","M","M","M","R","E"],"build_version":"2019-01-03v4","purchased_purges":0,"victory":false,"max_hp_per_floor":[80,80,80,80,80,80,80,80,80,82,84,84,84,84,84,84,84,86,88,88,88,90,90,90],"card_choices":[{"not_picked":["Uppercut","Flex"],"picked":"Armaments","floor":1},{"not_picked":["Spot Weakness","Pommel Strike"],"picked":"Dual Wield","floor":3},{"not_picked":["Heavy Blade","Battle Trance"],"picked":"Shrug It Off","floor":6},{"not_picked":["Sentinel","Anger","Wild Strike"],"picked":"SKIP","floor":7},{"not_picked":["Twin Strike","Power Through","Clash"],"picked":"SKIP","floor":8},{"not_picked":["Warcry","Feed","Clothesline"],"picked":"Singing Bowl","floor":10},{"not_picked":["Anger","Body Slam","Wild Strike"],"picked":"Singing Bowl","floor":11},{"not_picked":["Disarm","True Grit"],"picked":"Searing Blow","floor":13},{"not_picked":["Dual Wield","Rupture"],"picked":"Disarm","floor":14},{"not_picked":["Berserk","Brutality"],"picked":"Reaper","floor":16},{"not_picked":["True Grit","Thunderclap+1","Headbutt+1"],"picked":"Singing Bowl","floor":18},{"not_picked":["Power Through","Cleave+1","Clothesline+1"],"picked":"Singing Bowl","floor":19},{"not_picked":["Twin Strike","Clothesline"],"picked":"True Grit+1","floor":20},{"not_picked":["True Grit+1","Bloodletting"],"picked":"Armaments","floor":21},{"not_picked":["Blood for Blood+1","Sword Boomerang","Clash"],"picked":"Singing Bowl","floor":22}],"player_experience":509783,"relics_obtained":[{"floor":5,"key":"Boot"},{"floor":6,"key":"Gambling Chip"},{"floor":8,"key":"Omamori"},{"floor":9,"key":"Singing Bowl"},{"floor":11,"key":"Red Skull"},{"floor":19,"key":"Magic Flower"},{"floor":19,"key":"Meat on the Bone"}],"event_choices":[{"damage_healed":0,"gold_gain":0,"player_choice":"Grow","damage_taken":0,"max_hp_gain":0,"max_hp_loss":0,"event_name":"Living Wall","floor":2,"gold_loss":0,"cards_upgraded":["Armaments"]},{"damage_healed":0,"gold_gain":0,"player_choice":"Ignored","damage_taken":0,"max_hp_gain":0,"max_hp_loss":0,"event_name":"Golden Wing","floor":4,"gold_loss":0},{"damage_healed":0,"gold_gain":0,"player_choice":"Relic","damage_taken":0,"max_hp_gain":0,"max_hp_loss":0,"event_name":"Wheel of Change","floor":5,"gold_loss":0},{"damage_healed":0,"gold_gain":0,"player_choice":"Fight","damage_taken":0,"max_hp_gain":0,"max_hp_loss":0,"event_name":"Colosseum","floor":19,"gold_loss":0},{"damage_healed":0,"gold_gain":0,"player_choice":"Fought Nobs","damage_taken":0,"max_hp_gain":0,"max_hp_loss":0,"event_name":"Colosseum","floor":19,"gold_loss":0}],"is_beta":false,"boss_relics":[{"not_picked":["Runic Pyramid","Runic Dome"],"picked":"Lizard Tail"}],"items_purged_floors":[],"is_endless":false,"potions_floor_spawned":[1,3,7,13,14,19,21,22],"killed_by":"Gremlin Leader","ascension_level":0}