{"gold_per_floor":[359,359,371,32,107,107,139,104,104,131,141,141,169,11,11,90,90,106,106,123,137,137,163,177,177,177,177,177,194,206,206,206,206],"floor_reached":33,"playtime":1445,"items_purged":[],"score":566,"play_id":"0b4f43c5-3131-43f9-b5bd-cc93e05de251","local_time":"20190428083621","is_ascension_mode":true,"campfire_choices":[{"floor":6,"key":"REST"},{"data":"Static Discharge","floor":12,"key":"SMITH"},{"data":"Zap","floor":15,"key":"SMITH"},{"data":"FTL","floor":25,"key":"SMITH"},{"data":"FTL","floor":27,"key":"SMITH"},{"floor":32,"key":"REST"}],"neow_cost":"PERCENT_DAMAGE","seed_source_timestamp":483712338193768,"circlet_count":0,"master_deck":["AscendersBane","Strike_B","Strike_B","Strike_B","Defend_B","Defend_B","Defend_B","Defend_B","Zap+1","Dualcast","Ball Lightning","Glacier","FTL+1","Static Discharge+1","Cold Snap","BootSequence","Core Surge","Stack+1","FTL+1","Darkness+1","Sweeping Beam+1","Glacier","Sweeping Beam+1","Hologram","J.A.X."],"relics":["Cracked Core","Mercury Hourglass","Strawberry","Sundial","Oddly Smooth Stone","Vajra","Anchor","Eternal Feather","Kunai","DataDisk","Bottled Lightning"],"potions_floor_usage":[7,10,16,23,29],"damage_taken":[{"damage":6,"enemies":"2 Louse","floor":1,"turns":2},{"damage":6,"enemies":"Cultist","floor":3,"turns":3},{"damage":3,"enemies":"Gremlin Nob","floor":7,"turns":3},{"damage":3,"enemies":"3 Sentries","floor":10,"turns":4},{"damage":6,"enemies":"Jaw Worm","floor":11,"turns":2},{"damage":12,"enemies":"Lagavulin","floor":13,"turns":6},{"damage":22,"enemies":"Hexaghost","floor":16,"turns":9},{"damage":11,"enemies":"Shell Parasite","floor":18,"turns":4},{"damage":4,"enemies":"Chosen","floor":20,"turns":5},{"damage":7,"enemies":"Centurion and Healer","floor":21,"turns":7},{"damage":27,"enemies":"Slavers","floor":23,"turns":6},{"damage":3,"enemies":"Snake Plant","floor":24,"turns":3},{"damage":5,"enemies":"Snecko","floor":29,"turns":7},{"damage":0,"enemies":"Centurion and Healer","floor":30,"turns":5},{"damage":55,"enemies":"Champ","floor":33,"turns":11}],"seed_played":"-6460041754744536142","potions_obtained":[{"floor":7,"key":"Fire Potion"},{"floor":13,"key":"SkillPotion"},{"floor":18,"key":"Fire Potion"},{"floor":21,"key":"Ancient Potion"},{"floor":24,"key":"Weak Potion"},{"floor":30,"key":"SmokeBomb"}],"is_trial":false,"path_per_floor":["M","?","M","$","?","R","E","?","T","E","M","R","E","$","R","B",null,"M","?","M","M","?","E","M","R","T","R","?","M","M","?","R","B"],"character_chosen":"DEFECT","items_purchased":["Mercury Hourglass","SteroidPotion","Anchor"],"campfire_rested":2,"item_purchase_floors":[4,4,14],"current_hp_per_floor":[40,40,34,34,23,44,48,67,67,64,58,58,46,46,46,24,65,54,54,50,43,43,16,13,25,25,37,15,10,10,10,49,0],"gold":206,"neow_bonus":"TWO_FIFTY_GOLD","is_prod":false,"is_daily":false,"chose_seed":false,"campfire_upgraded":4,"win_rate":0,"timestamp":1556454981,"path_taken":["M","?","M","?","?","R","E","?","T","E","M","R","E","$","R","BOSS","M","?","?","M","?","E","?","R","T","R","?","M","M","?","R","BOSS"],"build_version":"2019-01-23","purchased_purges":0,"victory":false,"max_hp_per_floor":[71,71,71,71,71,71,78,78,78,78,78,78,78,78,78,78,78,78,78,78,78,78,78,78,78,78,78,83,83,83,83,83,83],"card_choices":[{"not_picked":["Stack","Barrage"],"picked":"Ball Lightning","floor":1},{"not_picked":["Conserve Battery","Turbo"],"picked":"Glacier","floor":3},{"not_picked":["Steam","Streamline"],"picked":"FTL","floor":7},{"not_picked":["Sweeping Beam","Streamline"],"picked":"Static Discharge","floor":10},{"not_picked":["Turbo","Undo"],"picked":"Cold Snap","floor":11},{"not_picked":["Tempest","Auto Shields"],"picked":"BootSequence","floor":13},{"not_picked":["Hyperbeam","Echo Form"],"picked":"Core Surge","floor":16},{"not_picked":["Steam","Gash"],"picked":"Stack+1","floor":18},{"not_picked":["Self Repair","Barrage"],"picked":"FTL","floor":20},{"not_picked":["Melter","Undo"],"picked":"Darkness+1","floor":21},{"not_picked":["Tempest","Loop"],"picked":"Sweeping Beam+1","floor":23},{"not_picked":["Coolheaded","Beam Cell"],"picked":"Glacier","floor":24},{"not_picked":["Gash","Tempest"],"picked":"Sweeping Beam+1","floor":29},{"not_picked":["Leap","Cold Snap"],"picked":"Hologram","floor":30}],"player_experience":2043800,"relics_obtained":[{"floor":7,"key":"Strawberry"},{"floor":9,"key":"Sundial"},{"floor":10,"key":"Oddly Smooth Stone"},{"floor":13,"key":"Vajra"},{"floor":23,"key":"DataDisk"},{"floor":26,"key":"Bottled Lightning"}],"event_choices":[{"cards_removed":["Strike_B"],"damage_healed":0,"gold_gain":0,"player_choice":"Purged","damage_taken":0,"max_hp_gain":0,"max_hp_loss":0,"event_name":"Purifier","floor":2,"gold_loss":0},{"damage_healed":0,"gold_gain":75,"player_choice":"Gather Gold","damage_taken":11,"max_hp_gain":0,"max_hp_loss":0,"event_name":"World of Goop","floor":5,"gold_loss":0},{"damage_healed":19,"gold_gain":0,"player_choice":"Healed","damage_taken":0,"max_hp_gain":0,"max_hp_loss":0,"event_name":"The Cleric","floor":8,"gold_loss":35},{"damage_healed":0,"gold_gain":0,"player_choice":"Ignored","damage_taken":0,"max_hp_gain":0,"max_hp_loss":0,"event_name":"N\u0027loth","floor":19,"gold_loss":0},{"damage_healed":0,"gold_gain":0,"player_choice":"Gave Potion","damage_taken":0,"relics_obtained":["Kunai"],"max_hp_gain":0,"max_hp_loss":0,"event_name":"WeMeetAgain","floor":22,"gold_loss":0},{"damage_healed":0,"gold_gain":0,"player_choice":"Shed Blood","damage_taken":27,"max_hp_gain":5,"max_hp_loss":0,"event_name":"Forgotten Altar","floor":28,"gold_loss":0},{"damage_healed":0,"gold_gain":0,"player_choice":"Obtain J.A.X.","damage_taken":0,"max_hp_gain":0,"max_hp_loss":0,"event_name":"Drug Dealer","floor":31,"gold_loss":0,"cards_obtained":["J.A.X."]}],"is_beta":false,"boss_relics":[{"not_picked":["Fusion Hammer","FrozenCore"],"picked":"Eternal Feather"}],"items_purged_floors":[],"is_endless":false,"potions_floor_spawned":[7,13,18,21,24,30],"killed_by":"Champ","ascension_level":20}