{"path_per_floor":["M","M","$","?","M","R","M","R","T","?","?","M","R","M","R","B",null,"M","?","T","$","M","E","R"],"character_chosen":"IRONCLAD","items_purchased":["Frozen Egg 2","Flame Barrier","Blood Vial","Evolve"],"gold_per_floor":[365,381,100,100,119,119,138,138,164,164,164,181,181,197,197,298,298,318,318,318,21,39,74,74],"floor_reached":25,"campfire_rested":1,"playtime":993,"current_hp_per_floor":[69,72,72,72,72,72,63,63,63,56,56,49,49,42,42,7,56,42,42,42,42,52,10,46],"items_purged":["Regret"],"gold":74,"score":306,"play_id":"6e85ed52-cf14-4f9e-9d0b-39931ecf98c1","local_time":"20180314211629","is_prod":false,"is_daily":false,"is_ascension_mode":true,"campfire_upgraded":4,"timestamp":1521076589,"path_taken":["M","M","$","?","M","R","M","R","T","?","?","?","R","M","R","BOSS","M","?","?","$","?","E","R","E"],"build_version":"2018-03-09","purchased_purges":2,"victory":false,"master_deck":["Strike_R","Strike_R","Strike_R","Strike_R","Strike_R","Defend_R","Defend_R","Defend_R","Bash+1","Clothesline+1","Berserk+1","Flame Barrier+1","Metallicize+1","Whirlwind+1","Combust+1","Demon Form+1","Bandage Up","Evolve+1","Wild Strike+1","Fire Breathing+1"],"max_hp_per_floor":[72,72,72,72,72,72,72,72,72,72,72,72,72,72,72,72,72,72,72,72,72,72,72,72],"relics":["Burning Blood","Frozen Egg 2","Dream Catcher","Kunai","Mark of Pain","Regal Pillow","Blood Vial","Smiling Mask"],"card_choices":[{"not_picked":["Fire Breathing","Feel No Pain"],"picked":"Clothesline"},{"not_picked":["Combust","Dropkick"],"picked":"Berserk"},{"not_picked":["Dropkick","Rage"],"picked":"Metallicize"},{"not_picked":["Cleave","Seeing Red"],"picked":"Whirlwind"},{"not_picked":["Second Wind","Wild Strike"],"picked":"Combust"},{"not_picked":["Fiend Fire","Brutality"],"picked":"Demon Form"},{"not_picked":["Flex","Body Slam"],"picked":"Wild Strike"},{"not_picked":["Shrug It Off","Combust"],"picked":"Fire Breathing"}],"player_experience":501417,"potions_floor_usage":[2,12,14,22],"damage_taken":[{"damage":9,"enemies":"Jaw Worm","floor":1,"turns":5},{"damage":0,"enemies":"Cultist","floor":2,"turns":3},{"damage":0,"enemies":"Small Slimes","floor":5,"turns":3},{"damage":15,"enemies":"Looter","floor":7,"turns":4},{"damage":28,"enemies":"Exordium Thugs","floor":12,"turns":7},{"damage":13,"enemies":"3 Louse","floor":14,"turns":3},{"damage":41,"enemies":"Slime Boss","floor":16,"turns":9},{"damage":20,"enemies":"Chosen","floor":18,"turns":6},{"damage":2,"enemies":"3 Byrds","floor":22,"turns":4},{"damage":54,"enemies":"Slavers","floor":23,"turns":6},{"damage":57,"enemies":"Gremlin Leader","floor":25,"turns":5}],"event_choices":[{"event_name":"Accursed Blacksmith","player_choice":"Forge","floor":4,"damage_taken":0},{"event_name":"Golden Wing","player_choice":"Card Removal","floor":10,"damage_taken":0},{"event_name":"Big Fish","player_choice":"Box","floor":11,"damage_taken":0},{"event_name":"Match and Keep!","player_choice":"1 cards matched","floor":19,"damage_taken":0}],"boss_relics":[{"not_picked":["Philosopher\u0027s Stone","Snecko Eye"],"picked":"Mark of Pain"}],"potions_floor_spawned":[1,7,12,18],"seed_played":"-2651092651975599283","killed_by":"Gremlin Leader","ascension_level":9,"is_trial":false}