{"gold_per_floor":[113,113,132,143,156,156,156,191,191,191,216,216,216,235,235,311,311,325,335,260,13,24,24,56,56,56,67,67],"floor_reached":28,"playtime":2017,"items_purged":["Beam Cell"],"score":496,"play_id":"d2b41cd7-da16-499b-b869-a36a628d6683","local_time":"20190507185128","is_ascension_mode":true,"campfire_choices":[{"floor":6,"key":"REST"},{"floor":10,"key":"REST"},{"floor":13,"key":"REST"},{"floor":15,"key":"REST"},{"data":"Creative AI","floor":23,"key":"SMITH"},{"floor":25,"key":"REST"}],"neow_cost":"NONE","seed_source_timestamp":28894289048505,"circlet_count":0,"master_deck":["AscendersBane","Zap","Dualcast","Echo Form","Compile Driver","Chill","Reprogram","White Noise","Biased Cognition","Stack","Sweeping Beam","Melter","Defragment","Doom and Gloom","Darkness","Cold Snap","Hologram","Creative AI+1","Loop","Cold Snap","BootSequence"],"relics":["Cracked Core","Sundial","Gambling Chip","Dead Branch","Pandora\u0027s Box","Art of War","Frozen Egg 2"],"potions_floor_usage":[24],"damage_taken":[{"damage":7,"enemies":"Small Slimes","floor":1,"turns":3},{"damage":7,"enemies":"Cultist","floor":3,"turns":4},{"damage":3,"enemies":"2 Louse","floor":4,"turns":3},{"damage":32,"enemies":"Large Slime","floor":5,"turns":8},{"damage":20,"enemies":"Lagavulin","floor":8,"turns":6},{"damage":22,"enemies":"3 Sentries","floor":11,"turns":11},{"damage":31,"enemies":"Exordium Wildlife","floor":14,"turns":5},{"damage":25,"enemies":"The Guardian","floor":16,"turns":9},{"damage":12,"enemies":"3 Byrds","floor":18,"turns":5},{"damage":0,"enemies":"Chosen","floor":19,"turns":3},{"damage":0,"enemies":"Sentry and Sphere","floor":22,"turns":3},{"damage":28,"enemies":"Gremlin Leader","floor":24,"turns":5},{"damage":17,"enemies":"Snecko","floor":27,"turns":6},{"damage":29,"enemies":"Book of Stabbing","floor":28,"turns":3}],"seed_played":"-6830796608013078215","potions_obtained":[{"floor":8,"key":"SpeedPotion"},{"floor":11,"key":"Fire Potion"}],"is_trial":false,"path_per_floor":["M","?","M","M","M","R","?","E","T","R","E","?","R","M","R","B",null,"M","M","?","$","M","R","E","R","T","M","E"],"character_chosen":"DEFECT","items_purchased":["Creative AI"],"campfire_rested":5,"item_purchase_floors":[21],"current_hp_per_floor":[57,57,50,47,15,36,36,16,16,37,15,15,36,5,26,1,54,42,42,42,42,42,42,14,35,35,18,0],"gold":67,"neow_bonus":"ONE_RANDOM_RARE_CARD","is_prod":false,"is_daily":false,"chose_seed":false,"campfire_upgraded":1,"win_rate":0,"timestamp":1557247888,"path_taken":["M","?","?","M","M","R","?","E","T","R","E","?","R","M","R","BOSS","M","M","?","$","M","R","E","R","T","M","E"],"build_version":"2019-01-23","purchased_purges":1,"victory":false,"max_hp_per_floor":[71,71,71,71,71,71,71,71,71,71,71,71,71,71,71,71,71,71,71,71,71,71,71,71,71,71,71,71],"card_choices":[{"not_picked":["Redo","Go for the Eyes"],"picked":"Beam Cell","floor":1},{"not_picked":["Meteor Strike","Beam Cell"],"picked":"Compile Driver","floor":3},{"not_picked":["Streamline","Blizzard","Scrape"],"picked":"SKIP","floor":4},{"not_picked":["Steam","Redo"],"picked":"Chill","floor":5},{"not_picked":["Compile Driver","Stack"],"picked":"Reprogram","floor":8},{"not_picked":["Reinforced Body","Cold Snap"],"picked":"White Noise","floor":11},{"not_picked":["Undo","Hologram","Sweeping Beam"],"picked":"SKIP","floor":14},{"not_picked":["Amplify","Core Surge"],"picked":"Biased Cognition","floor":16},{"not_picked":["Go for the Eyes","Sweeping Beam+1"],"picked":"Cold Snap","floor":18},{"not_picked":["Rebound","Compile Driver"],"picked":"Hologram","floor":19},{"not_picked":["Heatsinks+1","Barrage"],"picked":"Loop","floor":22},{"not_picked":["Beam Cell","Doom and Gloom"],"picked":"Cold Snap","floor":24},{"not_picked":["Sweeping Beam","Cold Snap"],"picked":"BootSequence","floor":27}],"player_experience":331751,"relics_obtained":[{"floor":8,"key":"Sundial"},{"floor":9,"key":"Gambling Chip"},{"floor":11,"key":"Dead Branch"},{"floor":24,"key":"Art of War"},{"floor":26,"key":"Frozen Egg 2"}],"event_choices":[{"cards_removed":["Strike_B"],"damage_healed":0,"gold_gain":0,"player_choice":"Offered Basic","damage_taken":0,"max_hp_gain":0,"max_hp_loss":0,"event_name":"Bonfire Elementals","floor":2,"gold_loss":0},{"damage_healed":0,"gold_gain":0,"player_choice":"Ignored","damage_taken":0,"max_hp_gain":0,"max_hp_loss":0,"event_name":"Shining Light","floor":7,"gold_loss":0},{"damage_healed":0,"gold_gain":0,"player_choice":"Searched \u00270\u0027 times","damage_taken":0,"max_hp_gain":0,"max_hp_loss":0,"event_name":"Dead Adventurer","floor":12,"gold_loss":0},{"cards_removed":["Redo"],"damage_healed":0,"gold_gain":0,"player_choice":"Gave Gold","damage_taken":0,"max_hp_gain":0,"max_hp_loss":0,"event_name":"Beggar","floor":20,"gold_loss":75}],"is_beta":false,"boss_relics":[{"not_picked":["Sozu","Fusion Hammer"],"picked":"Pandora\u0027s Box"}],"items_purged_floors":[21],"is_endless":false,"potions_floor_spawned":[8,11,16,18],"killed_by":"Book of Stabbing","ascension_level":20}