{"gold_per_floor":[115,115,115,133,133,172,197,197,197,230,81,131,170,188,188,279,279,294,21,36,56,56,56,56,79,79,79,118,118,118,141,141,141],"floor_reached":33,"playtime":792,"items_purged":["Strike_B","Regret"],"score":539,"play_id":"f8e4f25f-02f4-4489-a4c9-a5d18b8484ef","local_time":"20190415233651","is_ascension_mode":true,"campfire_choices":[{"data":"Streamline","floor":8,"key":"SMITH"},{"data":"Hologram","floor":15,"key":"SMITH"},{"floor":23,"key":"REST"},{"floor":27,"key":"REST"},{"floor":32,"key":"REST"}],"neow_cost":"NONE","seed_source_timestamp":463790455302664,"circlet_count":0,"master_deck":["AscendersBane","Strike_B+1","Strike_B+1","Defend_B+1","Defend_B+1","Defend_B+1","Defend_B+1","Zap+1","Dualcast","Streamline+1","Hologram+1","Hologram","Self Repair","Electrodynamics","Clumsy","Clumsy","Streamline+1","Genetic Algorithm","Capacitor","Hologram","Sweeping Beam+1","Glacier","Steam+1"],"relics":["Cracked Core","NeowsBlessing","Golden Idol","Darkstone Periapt","Dodecahedron","Letter Opener","Art of War","Calling Bell","Bronze Scales","Molten Egg 2","Calipers","Symbiotic Virus","Whetstone","Enchiridion"],"potions_floor_usage":[16,18,21,21],"damage_taken":[{"damage":0,"enemies":"Small Slimes","floor":1,"turns":1},{"damage":0,"enemies":"2 Louse","floor":4,"turns":1},{"damage":0,"enemies":"3 Sentries","floor":6,"turns":1},{"damage":0,"enemies":"Cultist","floor":7,"turns":3},{"damage":16,"enemies":"Gremlin Nob","floor":10,"turns":4},{"damage":12,"enemies":"Lagavulin","floor":13,"turns":5},{"damage":0,"enemies":"Exordium Wildlife","floor":14,"turns":3},{"damage":33,"enemies":"The Guardian","floor":16,"turns":9},{"damage":14,"enemies":"Chosen","floor":18,"turns":4},{"damage":23,"enemies":"2 Thieves","floor":20,"turns":4},{"damage":13,"enemies":"Snake Plant","floor":21,"turns":3},{"damage":18,"enemies":"Snecko","floor":25,"turns":6},{"damage":38,"enemies":"Book of Stabbing","floor":28,"turns":6},{"damage":1,"enemies":"3 Cultists","floor":31,"turns":4},{"damage":42,"enemies":"Collector","floor":33,"turns":3}],"seed_played":"6127634481943417538","potions_obtained":[{"floor":4,"key":"Weak Potion"},{"floor":13,"key":"SkillPotion"},{"floor":16,"key":"AttackPotion"},{"floor":18,"key":"Fire Potion"}],"is_trial":false,"path_per_floor":["M","?","?","M","?","E","M","R","T","E","$","?","E","M","R","B",null,"M","$","M","M","$","R","?","M","T","R","E","?","?","M","R","B"],"character_chosen":"DEFECT","items_purchased":["Self Repair","Genetic Algorithm","Capacitor","Hologram"],"campfire_rested":3,"item_purchase_floors":[11,19,19,19],"current_hp_per_floor":[64,64,64,64,64,64,64,64,64,48,48,48,43,50,50,24,72,65,65,42,29,29,53,53,42,42,66,28,28,7,6,30,0],"gold":141,"neow_bonus":"THREE_ENEMY_KILL","is_prod":false,"is_daily":false,"chose_seed":false,"campfire_upgraded":2,"win_rate":0,"timestamp":1555385811,"path_taken":["M","?","?","?","?","E","M","R","T","E","$","?","E","M","R","BOSS","M","$","M","?","$","R","?","M","T","R","E","?","?","M","R","BOSS"],"build_version":"2019-04-04","purchased_purges":2,"victory":false,"max_hp_per_floor":[71,71,71,71,64,64,64,64,64,64,64,64,64,64,64,64,82,82,82,82,82,82,82,82,82,82,82,82,82,82,82,82,82],"card_choices":[{"not_picked":["Stack","Skim","Beam Cell"],"picked":"SKIP","floor":1},{"not_picked":["Rebound","Stack"],"picked":"Streamline","floor":4},{"not_picked":["Steam Power","Hello World","Melter"],"picked":"SKIP","floor":6},{"not_picked":["Storm","Reprogram"],"picked":"Hologram","floor":7},{"not_picked":["Melter","Leap"],"picked":"Hologram","floor":10},{"not_picked":["Recycle","Beam Cell","Force Field"],"picked":"SKIP","floor":13},{"not_picked":["Steam","Scrape","Go for the Eyes"],"picked":"SKIP","floor":14},{"not_picked":["Rainbow","All For One"],"picked":"Electrodynamics","floor":16},{"not_picked":["Redo","Steam"],"picked":"Streamline+1","floor":18},{"not_picked":["Self Repair","Barrage+1"],"picked":"Sweeping Beam+1","floor":20},{"not_picked":["Barrage+1","Amplify"],"picked":"Glacier","floor":21},{"not_picked":["Barrage+1","Steam","Turbo+1"],"picked":"SKIP","floor":25},{"not_picked":["Turbo","Compile Driver+1"],"picked":"Steam+1","floor":28},{"not_picked":["Hello World","Auto Shields","Compile Driver+1"],"picked":"SKIP","floor":31}],"player_experience":2417727,"relics_obtained":[{"floor":6,"key":"Darkstone Periapt"},{"floor":9,"key":"Dodecahedron"},{"floor":10,"key":"Letter Opener"},{"floor":13,"key":"Art of War"},{"floor":17,"key":"Bronze Scales"},{"floor":17,"key":"Molten Egg 2"},{"floor":17,"key":"Calipers"},{"floor":26,"key":"Symbiotic Virus"},{"floor":28,"key":"Whetstone"},{"floor":30,"key":"Enchiridion"}],"event_choices":[{"damage_healed":0,"gold_gain":0,"player_choice":"Grow","damage_taken":0,"max_hp_gain":0,"max_hp_loss":0,"event_name":"Living Wall","floor":2,"gold_loss":0,"cards_upgraded":["Zap"]},{"cards_removed":["Strike_B"],"damage_healed":0,"gold_gain":0,"player_choice":"Offered Basic","damage_taken":0,"max_hp_gain":0,"max_hp_loss":0,"event_name":"Bonfire Elementals","floor":3,"gold_loss":0},{"damage_healed":0,"gold_gain":0,"player_choice":"Lose Max HP","damage_taken":0,"relics_obtained":["Golden Idol"],"max_hp_gain":0,"max_hp_loss":7,"event_name":"Golden Idol","floor":5,"gold_loss":0},{"damage_healed":0,"gold_gain":50,"player_choice":"Pray","damage_taken":0,"max_hp_gain":0,"max_hp_loss":0,"event_name":"Golden Shrine","floor":12,"gold_loss":0},{"damage_healed":0,"gold_gain":0,"player_choice":"Ignored","damage_taken":0,"max_hp_gain":0,"max_hp_loss":0,"event_name":"Beggar","floor":24,"gold_loss":0},{"damage_healed":0,"gold_gain":0,"player_choice":"Simplicity","damage_taken":0,"max_hp_gain":0,"max_hp_loss":0,"event_name":"Back to Basics","floor":29,"gold_loss":0,"cards_upgraded":["Defend_B","Defend_B","Defend_B","Defend_B"]},{"damage_healed":0,"gold_gain":0,"player_choice":"Obtained Book","damage_taken":21,"max_hp_gain":0,"max_hp_loss":0,"event_name":"Cursed Tome","floor":30,"gold_loss":0}],"is_beta":true,"boss_relics":[{"not_picked":["FrozenCore","Nuclear Battery"],"picked":"Calling Bell"}],"items_purged_floors":[11,19],"is_endless":false,"potions_floor_spawned":[4,13,14,16,18],"killed_by":"Collector","ascension_level":15}