{"gold_per_floor":[113,263,263,338,263,292,292,322,322,350,0,17,17,30,30,109,109,129,129,129,144,144,144,477,492,492,263,280,280,295,295,295,295],"floor_reached":33,"playtime":1433,"items_purged":["Strike_R","Strike_R"],"score":742,"play_id":"81d42466-9f7e-4fdc-85b3-a9cf07688947","local_time":"20190426071803","is_ascension_mode":true,"campfire_choices":[{"data":"Bash","floor":7,"key":"SMITH"},{"data":"Battle Trance","floor":13,"key":"SMITH"},{"floor":15,"key":"RECALL"},{"data":"Corruption","floor":23,"key":"SMITH"},{"floor":29,"key":"REST"},{"data":"Feel No Pain","floor":32,"key":"SMITH"}],"neow_cost":"NONE","seed_source_timestamp":306212841987243,"circlet_count":0,"master_deck":["AscendersBane","Strike_R","Strike_R","Defend_R","Defend_R","Defend_R","Defend_R","Bash+1","Battle Trance+1","Wild Strike+1","Shrug It Off+1","True Grit+1","Warcry+1","Disarm+1","Carnage+1","Immolate+1","Clothesline+1","Ghostly+1","Ghostly+1","Ghostly+1","RitualDagger+1","Corruption+1","Pommel Strike+1","Havoc+1","Shrug It Off+1","Dark Shackles+1","Feel No Pain+1","Rampage+1"],"relics":["Burning Blood","NeowsBlessing","Molten Egg 2","Toxic Egg 2","Orichalcum","Anchor","Sozu","Old Coin","Pear"],"potions_floor_usage":[24,24],"damage_taken":[{"damage":0,"enemies":"Jaw Worm","floor":1,"turns":1},{"damage":0,"enemies":"Lagavulin","floor":6,"turns":1},{"damage":0,"enemies":"3 Sentries","floor":10,"turns":2},{"damage":0,"enemies":"Small Slimes","floor":12,"turns":2},{"damage":0,"enemies":"2 Louse","floor":14,"turns":3},{"damage":0,"enemies":"The Guardian","floor":16,"turns":14},{"damage":2,"enemies":"3 Byrds","floor":18,"turns":3},{"damage":17,"enemies":"Chosen","floor":21,"turns":4},{"damage":2,"enemies":"Gremlin Leader","floor":24,"turns":6},{"damage":9,"enemies":"Snake Plant","floor":25,"turns":5},{"damage":26,"enemies":"Cultist and Chosen","floor":28,"turns":7},{"damage":0,"enemies":"Centurion and Healer","floor":30,"turns":6},{"damage":57,"enemies":"Collector","floor":33,"turns":7}],"seed_played":"7804349702665485236","potions_obtained":[{"floor":1,"key":"EssenceOfSteel"},{"floor":10,"key":"Regen Potion"}],"is_trial":false,"path_per_floor":["M","?","?","?","?","E","R","?","T","E","$","M","R","M","R","B",null,"M","?","?","M","?","R","E","M","T","$","M","R","M","T","R","B"],"character_chosen":"IRONCLAD","items_purchased":["True Grit+1","Warcry+1","Anchor","Shrug It Off+1","Dark Shackles+1"],"campfire_rested":1,"item_purchase_floors":[11,11,11,27,27],"current_hp_per_floor":[74,74,74,63,63,69,69,69,69,75,75,75,75,75,75,75,75,75,37,31,20,14,14,33,30,30,30,10,21,27,37,37,0],"gold":295,"neow_bonus":"THREE_ENEMY_KILL","is_prod":false,"is_daily":false,"chose_seed":false,"campfire_upgraded":4,"win_rate":0,"timestamp":1556277483,"path_taken":["M","?","?","?","?","E","R","?","T","E","$","M","R","M","R","BOSS","M","?","?","M","?","R","E","M","T","$","M","R","?","?","R","BOSS"],"build_version":"2019-01-23","purchased_purges":2,"victory":false,"max_hp_per_floor":[75,75,75,75,75,75,75,75,75,75,75,75,75,75,75,75,75,75,37,37,37,37,37,37,37,37,37,37,37,37,47,47,47],"card_choices":[{"not_picked":["Clash","Heavy Blade"],"picked":"Battle Trance","floor":1},{"not_picked":["Rupture","Intimidate"],"picked":"Wild Strike","floor":6},{"not_picked":["Sword Boomerang+1","True Grit+1"],"picked":"Shrug It Off+1","floor":10},{"not_picked":["Brutality","Seeing Red+1"],"picked":"Disarm+1","floor":12},{"not_picked":["Anger+1","Intimidate+1"],"picked":"Carnage+1","floor":14},{"not_picked":["Offering+1","Impervious+1"],"picked":"Immolate+1","floor":16},{"not_picked":["Second Wind+1","Perfected Strike+1"],"picked":"Clothesline+1","floor":18},{"not_picked":["Body Slam+1","Armaments+1"],"picked":"Corruption","floor":21},{"not_picked":["Fire Breathing","Offering+1"],"picked":"Pommel Strike+1","floor":24},{"not_picked":["Cleave+1","Pommel Strike+1"],"picked":"Havoc+1","floor":25},{"not_picked":["Havoc+1","Thunderclap+1"],"picked":"Feel No Pain","floor":28},{"not_picked":["Clothesline+1","Rampage+1","Dropkick+1"],"picked":"SKIP","floor":30},{"not_picked":["Clothesline+1","Dropkick+1"],"picked":"Rampage+1","floor":30}],"player_experience":1954643,"relics_obtained":[{"floor":6,"key":"Molten Egg 2"},{"floor":9,"key":"Toxic Egg 2"},{"floor":10,"key":"Orichalcum"},{"floor":24,"key":"Old Coin"},{"floor":31,"key":"Pear"}],"event_choices":[{"damage_healed":0,"gold_gain":150,"player_choice":"AGREE","damage_taken":0,"max_hp_gain":0,"max_hp_loss":0,"event_name":"Liars Game","floor":2,"gold_loss":0,"cards_obtained":["Doubt"]},{"cards_removed":["Doubt"],"damage_healed":0,"gold_gain":0,"player_choice":"Forget","damage_taken":0,"max_hp_gain":0,"max_hp_loss":0,"event_name":"Living Wall","floor":3,"gold_loss":0},{"damage_healed":0,"gold_gain":75,"player_choice":"Gather Gold","damage_taken":11,"max_hp_gain":0,"max_hp_loss":0,"event_name":"World of Goop","floor":4,"gold_loss":0},{"cards_removed":["Strike_R"],"damage_healed":0,"gold_gain":0,"player_choice":"Card Removal","damage_taken":0,"max_hp_gain":0,"max_hp_loss":0,"event_name":"The Cleric","floor":5,"gold_loss":75},{"damage_healed":0,"gold_gain":30,"player_choice":"Searched \u00271\u0027 times","damage_taken":0,"max_hp_gain":0,"max_hp_loss":0,"event_name":"Dead Adventurer","floor":8,"gold_loss":0},{"damage_healed":0,"gold_gain":0,"player_choice":"Became a Ghost","damage_taken":0,"max_hp_gain":0,"max_hp_loss":38,"event_name":"Ghosts","floor":19,"gold_loss":0,"cards_obtained":["Ghostly","Ghostly","Ghostly"]},{"damage_healed":0,"gold_gain":0,"player_choice":"Joined the Cult","damage_taken":6,"max_hp_gain":0,"max_hp_loss":0,"event_name":"Nest","floor":20,"gold_loss":0,"cards_obtained":["RitualDagger"]},{"damage_healed":0,"gold_gain":0,"player_choice":"","damage_taken":6,"max_hp_gain":0,"max_hp_loss":0,"event_name":"Knowing Skull","floor":22,"potions_obtained":[],"gold_loss":0,"cards_obtained":[]}],"is_beta":false,"boss_relics":[{"not_picked":["Busted Crown","Philosopher\u0027s Stone"],"picked":"Sozu"}],"items_purged_floors":[11,27],"is_endless":false,"potions_floor_spawned":[1,10,21,28,30],"killed_by":"Collector","ascension_level":20}