{"path_per_floor":["M","?","M","$","M","R","?","R","T","R","?","E","$","M","R","B",null,"M","?","?","$","M","E","R","M","T","R","?","$","M","M","R","B",null,"M","M","$","?","M","R","M","?","T","?","E","R","$","M","R"],"character_chosen":"DEFECT","items_purchased":["Echo Form","Loop","Blaster","Blizzard","Capacitor"],"gold_per_floor":[112,112,131,54,68,68,18,18,18,18,43,70,70,81,81,183,183,197,112,112,10,30,56,56,71,71,71,71,71,82,92,92,193,193,208,225,82,0,11,11,28,28,28,28,59,59,9,28,28,28],"floor_reached":50,"campfire_rested":4,"playtime":2383,"current_hp_per_floor":[75,75,72,72,72,72,72,72,72,72,47,43,43,30,30,18,75,69,69,55,55,49,25,49,16,16,40,40,40,22,4,20,12,56,32,29,29,29,30,47,16,31,31,31,52,52,52,62,62,0],"items_purged":["Genetic Algorithm"],"gold":28,"score":589,"play_id":"45391e68-6ce0-4813-a46f-e7ecd835a901","local_time":"20180427195915","is_prod":false,"is_daily":false,"chose_seed":false,"is_ascension_mode":true,"campfire_upgraded":6,"timestamp":1524884355,"path_taken":["M","?","M","$","?","R","?","R","T","R","?","E","$","?","R","BOSS","M","?","?","$","?","E","R","M","T","R","?","$","M","M","R","BOSS","M","M","$","?","M","R","M","?","T","?","E","R","$","M","R","BOSS"],"build_version":"2018-04-26v2","seed_source_timestamp":180677972546632,"purchased_purges":1,"victory":false,"master_deck":["Zap+1","Dualcast","Static Discharge+1","Capacitor+1","Cold Snap","Echo Form+1","Sweeping Beam+1","Creative AI+1","Coolheaded+1","Loop+1","Blaster","White Noise","Storm","Static Discharge+1","Bite+1","Bite","Bite","Bite","Bite","Allocate+1","Leap","Seek","Beam Cell","Self Repair","Beam Cell","Ball Lightning+1","Blizzard","Force Field","Writhe","Capacitor","Blaster"],"max_hp_per_floor":[75,75,75,75,75,75,75,75,75,75,75,75,75,75,75,75,75,75,75,80,80,80,80,80,80,80,80,56,56,56,56,56,56,56,56,58,58,58,58,58,60,60,60,60,62,62,62,62,62,62],"relics":["Cracked Core","Gremlin Horn","Odd Mushroom","Bag of Preparation","Sozu","Singing Bowl","Orichalcum","Bottled Tornado","Pandora\u0027s Box","Red Mask","Ornamental Fan","Whetstone"],"card_choices":[{"not_picked":["Turbo","Barrage"],"picked":"Static Discharge","floor":0},{"not_picked":["Go for the Eyes","Coolheaded"],"picked":"Capacitor","floor":1},{"not_picked":["Rebound","Recycle"],"picked":"Sunder","floor":11},{"not_picked":["Aggregate","Rip and Tear"],"picked":"Sweeping Beam","floor":12},{"not_picked":["Fusion","Fission"],"picked":"Creative AI","floor":16},{"not_picked":["Streamline","Hologram"],"picked":"Coolheaded","floor":18},{"not_picked":["Impulse","Beam Cell"],"picked":"White Noise","floor":22},{"not_picked":["Gash","Go for the Eyes"],"picked":"Storm","floor":23},{"not_picked":["Hologram","Cold Snap"],"picked":"Static Discharge","floor":25},{"not_picked":["Capacitor","Genetic Algorithm"],"picked":"Allocate","floor":30},{"not_picked":["Rip and Tear","Stack"],"picked":"Leap","floor":31},{"not_picked":["Prime","Creative AI"],"picked":"Seek","floor":33},{"not_picked":["Turbo","Capacitor"],"picked":"Ball Lightning","floor":35},{"not_picked":["Coolheaded","Rebound"],"picked":"Force Field","floor":39},{"not_picked":["Turbo","Capacitor"],"picked":"Blaster","floor":48}],"player_experience":529081,"potions_floor_usage":[11,12,23,23],"damage_taken":[{"damage":0,"enemies":"2 Louse","floor":1,"turns":3},{"damage":3,"enemies":"Cultist","floor":3,"turns":4},{"damage":0,"enemies":"Small Slimes","floor":5,"turns":4},{"damage":25,"enemies":"The Mushroom Lair","floor":11,"turns":3},{"damage":4,"enemies":"Gremlin Nob","floor":12,"turns":4},{"damage":13,"enemies":"Gremlin Gang","floor":14,"turns":3},{"damage":12,"enemies":"Hexaghost","floor":16,"turns":6},{"damage":6,"enemies":"3 Byrds","floor":18,"turns":2},{"damage":13,"enemies":"Chosen","floor":22,"turns":6},{"damage":33,"enemies":"Slavers","floor":23,"turns":4},{"damage":33,"enemies":"Sentry and Sphere","floor":25,"turns":4},{"damage":26,"enemies":"Slaver and Parasite","floor":30,"turns":4},{"damage":28,"enemies":"Snake Plant","floor":31,"turns":3},{"damage":25,"enemies":"Champ","floor":33,"turns":8},{"damage":40,"enemies":"3 Darklings","floor":35,"turns":6},{"damage":18,"enemies":"3 Shapes","floor":36,"turns":5},{"damage":5,"enemies":"Sphere and 2 Shapes","floor":39,"turns":3},{"damage":46,"enemies":"Spire Growth","floor":41,"turns":5},{"damage":0,"enemies":"Giant Head","floor":45,"turns":7},{"damage":8,"enemies":"Flame Bruiser 2 Orb","floor":48,"turns":4},{"damage":77,"enemies":"Donu and Deca","floor":50,"turns":5}],"event_choices":[{"event_name":"Match and Keep!","player_choice":"1 cards matched","floor":2,"damage_taken":0},{"event_name":"The Cleric","player_choice":"Card Removal","floor":7,"damage_taken":0},{"event_name":"Mushrooms","player_choice":"Fought Mushrooms","floor":11,"damage_taken":0},{"event_name":"Addict","player_choice":"Obtained Relic","floor":19,"damage_taken":0},{"event_name":"Forgotten Altar","player_choice":"Shed Blood","floor":20,"damage_taken":0},{"event_name":"Vampires","player_choice":"Became a vampire","floor":28,"damage_taken":0},{"event_name":"Tomb of Lord Red Mask","player_choice":"Paid","floor":38,"damage_taken":0},{"event_name":"Winding Halls","player_choice":"Writhe","floor":42,"damage_taken":0}],"boss_relics":[{"not_picked":["Lizard Tail","Tiny House"],"picked":"Sozu"},{"not_picked":["White Beast Statue","Velvet Choker"],"picked":"Pandora\u0027s Box"}],"potions_floor_spawned":[3,5,11,16,22,23,30,31,35,36,39],"seed_played":"-6533721766323866441","killed_by":"Donu and Deca","ascension_level":2,"is_trial":false}