{"gold_per_floor":[117,117,130,144,68,68,102,102,102,132,151,186,35,50,50,124,124,144,164,64,164,184,184,184,210,210,210,210,210,230,230,230,307,307,324,126,126,177,177,248,260,260,260,274,274,303,303,321,321,321,321,321,13,44,44],"floor_reached":56,"playtime":3078,"items_purged":["Strike_G","Strike_G"],"score":1957,"play_id":"e52d970c-8614-485c-91e0-f86c77fc71ba","local_time":"20190323144505","is_ascension_mode":true,"campfire_choices":[{"data":"Neutralize","floor":6.0,"key":"SMITH"},{"data":"A Thousand Cuts","floor":8.0,"key":"SMITH"},{"data":"Deadly Poison","floor":15,"key":"SMITH"},{"floor":23,"key":"REST"},{"data":"Glass Knife","floor":24,"key":"SMITH"},{"data":"Infinite Blades","floor":29,"key":"SMITH"},{"floor":32,"key":"REST"},{"floor":42,"key":"REST"},{"floor":45,"key":"RECALL"},{"data":"After Image","floor":47,"key":"SMITH"},{"floor":49,"key":"DIG"},{"floor":52,"key":"DIG"}],"neow_cost":"NONE","seed_source_timestamp":874343448496117,"circlet_count":0,"master_deck":["AscendersBane","Defend_G","Defend_G","Defend_G","Defend_G","Defend_G","Strike_G","Strike_G","Survivor","Neutralize+1","PiercingWail","Dodge and Roll","Dagger Throw","Deadly Poison+1","Adrenaline","A Thousand Cuts+1","Leg Sweep","Well Laid Plans","Glass Knife+1","Crippling Poison","Cloak And Dagger","After Image+1","Infinite Blades+1","Dodge and Roll+1","Corpse Explosion","Prepared+1","Dark Shackles","Dark Shackles","Blade Dance+1","Burst","PiercingWail","Apotheosis","Footwork+1"],"special_seed":0,"relics":["Ring of the Serpent","Bag of Marbles","Ice Cream","WingedGreaves","Dodecahedron","Du-Vu Doll","Sozu","Shovel","Kunai","Dead Branch","The Courier","Bottled Lightning","Incense Burner","Mummified Hand","Happy Flower","Gambling Chip","Pear","Toolbox","Nunchaku"],"potions_floor_usage":[16,31],"damage_taken":[{"damage":0.0,"enemies":"Small Slimes","floor":1.0,"turns":3.0},{"damage":0.0,"enemies":"Cultist","floor":3.0,"turns":4.0},{"damage":0.0,"enemies":"2 Louse","floor":4.0,"turns":2.0},{"damage":22.0,"enemies":"Gremlin Nob","floor":7.0,"turns":4.0},{"damage":15,"enemies":"3 Sentries","floor":10,"turns":6},{"damage":0,"enemies":"2 Fungi Beasts","floor":11,"turns":3},{"damage":2,"enemies":"Lagavulin","floor":12,"turns":7},{"damage":0,"enemies":"Looter","floor":14,"turns":4},{"damage":5,"enemies":"Hexaghost","floor":16,"turns":10},{"damage":0,"enemies":"3 Byrds","floor":18,"turns":4},{"damage":3,"enemies":"2 Thieves","floor":19,"turns":4},{"damage":8,"enemies":"Colosseum Slavers","floor":21,"turns":4},{"damage":22,"enemies":"Colosseum Nobs","floor":21,"turns":6},{"damage":0,"enemies":"Snake Plant","floor":22,"turns":5},{"damage":11,"enemies":"Book of Stabbing","floor":25,"turns":6},{"damage":5,"enemies":"Snecko","floor":30,"turns":4},{"damage":0,"enemies":"Masked Bandits","floor":31,"turns":1},{"damage":3,"enemies":"Automaton","floor":33,"turns":9},{"damage":3,"enemies":"Orb Walker","floor":35,"turns":4},{"damage":25,"enemies":"2 Orb Walkers","floor":38,"turns":4},{"damage":0,"enemies":"3 Darklings","floor":41,"turns":3},{"damage":0,"enemies":"Transient","floor":44,"turns":5},{"damage":0,"enemies":"Giant Head","floor":46,"turns":7},{"damage":0,"enemies":"Maw","floor":48,"turns":5},{"damage":1,"enemies":"Time Eater","floor":50,"turns":13},{"damage":0,"enemies":"Shield and Spear","floor":54,"turns":5},{"damage":1,"enemies":"The Heart","floor":55,"turns":10}],"seed_played":"-6462466665975736160","potions_obtained":[{"floor":3.0,"key":"FearPotion"},{"floor":11,"key":"SteroidPotion"},{"floor":12,"key":"AttackPotion"},{"floor":16,"key":"SmokeBomb"}],"is_trial":false,"path_per_floor":["M","?","M","M","$","R","E","R","T","E","M","E","$","M","R","B",null,"M","M","$","?","M","R","R","E","T","?","?","R","M","?","R","B",null,"M","$","?","?","?","T","M","R","T","M","R","E","R","M","R","B",null,"R","$","E","B",null],"character_chosen":"THE_SILENT","items_purchased":["Adrenaline","Well Laid Plans","Bottled Lightning","Apotheosis","Toolbox"],"campfire_rested":3,"item_purchase_floors":[5,13,36,53,53],"current_hp_per_floor":[59,59,59,59,59,59,37,37,37,22,22,20,20,20,20,15,53,53,50,50,20,20,39,39,28,28,28,28,28,23,23,42,39,59,56,56,46,21,21,21,21,40,40,40,40,40,40,40,40,39,59,69,69,69,68],"gold":44,"neow_bonus":"RANDOM_COMMON_RELIC","is_prod":false,"is_daily":false,"chose_seed":false,"campfire_upgraded":6,"win_rate":0,"timestamp":1553366705,"path_taken":["M","?","?","M","$","R","E","R","T","E","M","E","$","?","R","BOSS","M","M","$","?","M","R","R","E","T","?","?","R","M","?","R","BOSS","M","$","?","?","?","?","M","R","T","M","R","E","R","?","R","BOSS","R","$","E","BOSS"],"build_version":"2019-03-15","purchased_purges":2,"victory":true,"max_hp_per_floor":[66,66,66,66,66,66,66,66,66,66,66,66,66,66,66,66,66,66,66,66,66,66,66,66,66,66,66,66,66,66,66,66,66,66,66,66,66,66,66,66,66,66,66,66,66,66,66,66,66,66,66,76,76,76,76],"card_choices":[{"not_picked":["Cloak And Dagger","Slice"],"picked":"PiercingWail","floor":1.0},{"not_picked":["Eviscerate","Deadly Poison"],"picked":"Dagger Throw","floor":3.0},{"not_picked":["Outmaneuver","Bane"],"picked":"Deadly Poison","floor":4.0},{"not_picked":["Reflex","Outmaneuver"],"picked":"A Thousand Cuts","floor":7.0},{"not_picked":["Deadly Poison","Unload","Skewer"],"picked":"SKIP","floor":10},{"not_picked":["Escape Plan","Sucker Punch","Prepared"],"picked":"SKIP","floor":11},{"not_picked":["Dodge and Roll","Deflect"],"picked":"Leg Sweep","floor":12},{"not_picked":["Blade Dance","Tactician","Prepared"],"picked":"SKIP","floor":14},{"not_picked":["Tools of the Trade","Wraith Form v2"],"picked":"Glass Knife","floor":16},{"not_picked":["Expertise","Dodge and Roll","Quick Slash"],"picked":"SKIP","floor":18},{"not_picked":["Heel Hook","Setup"],"picked":"Crippling Poison","floor":19},{"not_picked":["Masterful Stab","Eviscerate"],"picked":"Cloak And Dagger","floor":22},{"not_picked":["Acrobatics","Sucker Punch"],"picked":"After Image","floor":25},{"not_picked":["Sucker Punch","Slice+1"],"picked":"Dodge and Roll+1","floor":30},{"not_picked":["Venomology","Glass Knife"],"picked":"Corpse Explosion","floor":33},{"not_picked":["Infinite Blades","Backstab+1"],"picked":"Prepared+1","floor":35},{"not_picked":["Jack Of All Trades","Enlightenment"],"picked":"Dark Shackles","floor":37},{"not_picked":["Flash of Steel","Metamorphosis"],"picked":"Dark Shackles","floor":37},{"not_picked":["Sucker Punch","Poisoned Stab"],"picked":"Blade Dance+1","floor":41},{"not_picked":["Noxious Fumes","A Thousand Cuts","Dodge and Roll+1"],"picked":"SKIP","floor":44},{"not_picked":["Sucker Punch+1","Crippling Poison"],"picked":"Burst","floor":46},{"not_picked":["Dodge and Roll","Bane"],"picked":"PiercingWail","floor":48},{"not_picked":["Deflect+1","Cloak And Dagger"],"picked":"Footwork+1","floor":54}],"player_experience":2270137,"relics_obtained":[{"floor":7.0,"key":"Ice Cream"},{"floor":9.0,"key":"WingedGreaves"},{"floor":10,"key":"Dodecahedron"},{"floor":12,"key":"Du-Vu Doll"},{"floor":21,"key":"Shovel"},{"floor":21,"key":"Kunai"},{"floor":25,"key":"Dead Branch"},{"floor":26,"key":"The Courier"},{"floor":38,"key":"Incense Burner"},{"floor":40,"key":"Mummified Hand"},{"floor":46,"key":"Happy Flower"},{"floor":49,"key":"Gambling Chip"},{"floor":52,"key":"Pear"},{"floor":54,"key":"Nunchaku"}],"event_choices":[{"damage_healed":0.0,"max_hp_gain":0.0,"max_hp_loss":0.0,"gold_gain":0.0,"cards_transformed":["Strike_G"],"event_name":"Transmorgrifier","player_choice":"Transformed","floor":2.0,"gold_loss":0.0,"damage_taken":0.0,"cards_obtained":["Dodge and Roll"]},{"damage_healed":0,"gold_gain":0,"player_choice":"Fight","damage_taken":0,"max_hp_gain":0,"max_hp_loss":0,"event_name":"Colosseum","floor":21,"gold_loss":0},{"damage_healed":0,"gold_gain":0,"player_choice":"Fought Nobs","damage_taken":0,"max_hp_gain":0,"max_hp_loss":0,"event_name":"Colosseum","floor":21,"gold_loss":0},{"damage_healed":0,"gold_gain":0,"player_choice":"Ignored","damage_taken":0,"max_hp_gain":0,"max_hp_loss":0,"event_name":"Vampires","floor":27,"gold_loss":0},{"damage_healed":0,"gold_gain":0,"player_choice":"Read","damage_taken":0,"max_hp_gain":0,"max_hp_loss":0,"event_name":"The Library","floor":28,"gold_loss":0,"cards_obtained":["Infinite Blades"]},{"damage_healed":0,"gold_gain":0,"player_choice":"Fought Bandits","damage_taken":0,"max_hp_gain":0,"max_hp_loss":0,"event_name":"Masked Bandits","floor":31,"gold_loss":0},{"damage_healed":0,"gold_gain":0,"player_choice":"Memory 3","damage_taken":10,"max_hp_gain":0,"max_hp_loss":0,"event_name":"SensoryStone","floor":37,"gold_loss":0},{"damage_healed":0,"gold_gain":0,"player_choice":"Fight","damage_taken":0,"max_hp_gain":0,"max_hp_loss":0,"event_name":"Mysterious Sphere","floor":38,"gold_loss":0},{"damage_healed":0,"gold_gain":0,"player_choice":"Ignored","damage_taken":0,"max_hp_gain":0,"max_hp_loss":0,"event_name":"Tomb of Lord Red Mask","floor":39,"gold_loss":0}],"is_beta":true,"boss_relics":[{"not_picked":["Pandora\u0027s Box","Velvet Choker"],"picked":"Sozu"},{"not_picked":["HoveringKite","Runic Pyramid"],"picked":"Ring of the Serpent"}],"items_purged_floors":[13,20],"is_endless":false,"potions_floor_spawned":[3,11,12,14,16,18,19,31,38,48],"ascension_level":15}