{"gold_per_floor":[110,110,125,139,151,184,184,209,256,282,282,282,298,333,333,404,404,420,435,435],"floor_reached":20,"playtime":1208,"items_purged":[],"score":408,"play_id":"44edee5a-1abf-433f-bd7e-97e93ccbb52f","local_time":"20190506073146","is_ascension_mode":true,"campfire_choices":[{"floor":7.0,"key":"REST"},{"floor":12.0,"key":"REST"},{"data":"Dagger Spray","floor":15.0,"key":"SMITH"}],"neow_cost":"NONE","seed_source_timestamp":1171325186220282,"circlet_count":0,"master_deck":["AscendersBane","Defend_G+1","Defend_G","Defend_G","Defend_G+1","Defend_G","Strike_G","Strike_G","Strike_G","Strike_G","Strike_G","Survivor","Neutralize+1","Backflip","Dagger Throw","Predator","Terror","Dash","Escape Plan","Dagger Spray+1","Choke","A Thousand Cuts","Dodge and Roll+1"],"special_seed":0,"relics":["Philosopher\u0027s Stone","Boot","Shuriken","War Paint","Blood Vial","Gremlin Horn","Singing Bowl","Runic Dome"],"potions_floor_usage":[20,20],"damage_taken":[{"damage":8.0,"enemies":"Cultist","floor":1.0,"turns":6.0},{"damage":4.0,"enemies":"Jaw Worm","floor":3.0,"turns":5.0},{"damage":0.0,"enemies":"2 Louse","floor":4.0,"turns":3.0},{"damage":9.0,"enemies":"Exordium Thugs","floor":5.0,"turns":7.0},{"damage":11.0,"enemies":"3 Sentries","floor":6.0,"turns":8.0},{"damage":26.0,"enemies":"Gremlin Nob","floor":8.0,"turns":4.0},{"damage":15.0,"enemies":"3 Sentries","floor":10.0,"turns":6.0},{"damage":0.0,"enemies":"Gremlin Gang","floor":13.0,"turns":4.0},{"damage":5.0,"enemies":"Lagavulin","floor":14.0,"turns":4.0},{"damage":3.0,"enemies":"Slime Boss","floor":16.0,"turns":5.0},{"damage":11.0,"enemies":"3 Byrds","floor":18.0,"turns":3.0},{"damage":27.0,"enemies":"Chosen","floor":19.0,"turns":4.0},{"damage":3,"enemies":"Colosseum Slavers","floor":20,"turns":3},{"damage":38,"enemies":"Colosseum Nobs","floor":20,"turns":3}],"seed_played":"-5199387716260741122","potions_obtained":[{"floor":5.0,"key":"Energy Potion"},{"floor":6.0,"key":"AttackPotion"},{"floor":8.0,"key":"EssenceOfSteel"},{"floor":10.0,"key":"Weak Potion"},{"floor":18.0,"key":"SteroidPotion"},{"floor":19.0,"key":"Poison Potion"}],"is_trial":false,"path_per_floor":["M","?","M","M","M","E","R","E","T","E","T","R","M","E","R","B",null,"M","M","?"],"character_chosen":"THE_SILENT","items_purchased":[],"campfire_rested":2,"item_purchase_floors":[],"current_hp_per_floor":[51,51,47,47,38,27,46,20,20,5,5,24,26,23,23,22,55,46,23,0],"gold":435,"neow_bonus":"BOSS_RELIC","is_prod":false,"is_daily":false,"chose_seed":false,"campfire_upgraded":1,"win_rate":0,"timestamp":1557142306,"path_taken":["M","?","M","M","?","E","R","E","T","E","?","R","M","E","R","BOSS","M","?","?"],"build_version":"2019-01-23","purchased_purges":0,"victory":false,"max_hp_per_floor":[66,66,66,66,66,66,66,66,66,66,66,66,66,66,66,66,66,66,68,68],"card_choices":[{"not_picked":["Prepared","Deflect"],"picked":"Backflip","floor":1.0},{"not_picked":["Flying Knee","Setup"],"picked":"Dagger Throw","floor":3.0},{"not_picked":["Poisoned Stab","Quick Slash"],"picked":"Predator","floor":4.0},{"not_picked":["Prepared","Flying Knee"],"picked":"Terror","floor":5.0},{"not_picked":["Leg Sweep","Grand Finale"],"picked":"Dash","floor":6.0},{"not_picked":["Setup","Deflect","Concentrate"],"picked":"SKIP","floor":8.0},{"not_picked":["Deflect","Infinite Blades"],"picked":"Escape Plan","floor":10.0},{"not_picked":["Backflip","Concentrate"],"picked":"Dagger Spray","floor":13.0},{"not_picked":["Heel Hook","Bane"],"picked":"Choke","floor":14.0},{"not_picked":["Tools of the Trade","Bullet Time"],"picked":"A Thousand Cuts","floor":16.0},{"not_picked":["Dash","Skewer"],"picked":"Dodge and Roll+1","floor":18.0},{"not_picked":["Infinite Blades","Blade Dance","Quick Slash"],"picked":"Singing Bowl","floor":19.0}],"player_experience":2388245,"relics_obtained":[{"floor":6.0,"key":"Boot"},{"floor":8.0,"key":"Shuriken"},{"floor":9.0,"key":"War Paint"},{"floor":10.0,"key":"Blood Vial"},{"floor":11.0,"key":"Gremlin Horn"},{"floor":14.0,"key":"Singing Bowl"}],"event_choices":[{"damage_healed":0.0,"max_hp_gain":0.0,"max_hp_loss":0.0,"gold_gain":0.0,"event_name":"Accursed Blacksmith","player_choice":"Forge","floor":2.0,"gold_loss":0.0,"damage_taken":0.0,"cards_upgraded":["Neutralize"]},{"damage_healed":0,"gold_gain":0,"player_choice":"Fight","damage_taken":0,"max_hp_gain":0,"max_hp_loss":0,"event_name":"Colosseum","floor":20,"gold_loss":0},{"damage_healed":0,"gold_gain":0,"player_choice":"Fought Nobs","damage_taken":0,"max_hp_gain":0,"max_hp_loss":0,"event_name":"Colosseum","floor":20,"gold_loss":0}],"is_beta":false,"boss_relics":[{"not_picked":["HoveringKite","Orrery"],"picked":"Runic Dome"}],"items_purged_floors":[],"is_endless":false,"potions_floor_spawned":[5,6,8,10,18,19,20],"killed_by":"Colosseum Nobs","ascension_level":20}