{"gold_per_floor":[110,122,28,47,12,12,47,47,47,97,97,47,47,47,47,124,124,136,147,158,172,172,172,198,217,217,217,236,236],"floor_reached":29,"playtime":848,"items_purged":["Strike_B","Strike_B"],"score":462,"play_id":"bf4789de-9474-4ecd-9f73-f98ebbf19dae","local_time":"20180928201742","is_ascension_mode":true,"campfire_choices":[{"data":"Zap","floor":6,"key":"SMITH"},{"data":"Redo","floor":8,"key":"SMITH"},{"data":"Dualcast","floor":11,"key":"SMITH"},{"data":"Thunder Strike","floor":15,"key":"SMITH"},{"floor":23,"key":"REST"},{"floor":27,"key":"REST"}],"neow_cost":"NONE","seed_source_timestamp":127242478062234,"circlet_count":0,"master_deck":["Defend_B","Defend_B","Defend_B","Defend_B","Zap+1","Dualcast+1","AscendersBane","Cold Snap","Redo+1","Cold Snap","Thunder Strike+1","Fission","Leap","Go for the Eyes","Go for the Eyes","Defragment"],"relics":["Cracked Core","Smiling Mask","Centennial Puzzle","Gremlin Horn","Velvet Choker","Boot","Meat on the Bone"],"potions_floor_usage":[18,19,24,28],"damage_taken":[{"damage":0,"enemies":"2 Louse","floor":1,"turns":2},{"damage":10,"enemies":"Small Slimes","floor":2,"turns":2},{"damage":0,"enemies":"Jaw Worm","floor":4,"turns":4},{"damage":18,"enemies":"3 Sentries","floor":7,"turns":13},{"damage":40,"enemies":"Slime Boss","floor":16,"turns":11},{"damage":4,"enemies":"Shell Parasite","floor":18,"turns":4},{"damage":18,"enemies":"3 Byrds","floor":19,"turns":5},{"damage":8,"enemies":"Sentry and Sphere","floor":20,"turns":3},{"damage":19,"enemies":"Snake Plant","floor":21,"turns":6},{"damage":18,"enemies":"Slavers","floor":24,"turns":2},{"damage":18,"enemies":"Snecko","floor":25,"turns":7},{"damage":25,"enemies":"Shelled Parasite and Fungi","floor":28,"turns":7},{"damage":39,"enemies":"Cultist and Chosen","floor":29,"turns":4}],"seed_played":"2167829363177411957","potions_obtained":[{"floor":4,"key":"SpeedPotion"},{"floor":16,"key":"FairyPotion"},{"floor":18,"key":"Regen Potion"},{"floor":21,"key":"PowerPotion"},{"floor":24,"key":"Explosive Potion"}],"is_trial":false,"path_per_floor":["M","M","$","M","?","R","E","R","T","?","R","$","?","?","R","B",null,"M","M","M","M","?","R","E","M","T","R","M"],"character_chosen":"DEFECT","items_purchased":["Melter"],"campfire_rested":2,"item_purchase_floors":[3],"current_hp_per_floor":[64,54,54,54,71,71,53,53,53,53,53,53,46,46,46,6,55,51,47,39,20,20,41,23,5,5,26,13,0],"gold":236,"neow_bonus":"RANDOM_COMMON_RELIC","is_prod":false,"is_daily":false,"chose_seed":false,"campfire_upgraded":4,"win_rate":0,"timestamp":1538191062,"path_taken":["M","M","$","M","?","R","E","R","T","?","R","$","?","?","R","BOSS","M","M","M","M","?","R","E","?","T","R","?","M"],"build_version":"2018-09-27","purchased_purges":2,"victory":false,"max_hp_per_floor":[71,71,71,71,71,71,71,71,71,71,71,71,71,71,71,71,71,71,71,71,71,71,71,71,71,71,71,71,71],"card_choices":[{"not_picked":["Fusion","Hologram"],"picked":"Cold Snap","floor":1},{"not_picked":["Steam Power","Beam Cell"],"picked":"Redo","floor":2},{"not_picked":["Static Discharge","Hologram"],"picked":"Cold Snap","floor":4},{"not_picked":["Fusion","Recycle","Barrage"],"picked":"SKIP","floor":7},{"not_picked":["Machine Learning","Meteor Strike"],"picked":"Fission","floor":16},{"not_picked":["Beam Cell","Force Field","Compile Driver"],"picked":"SKIP","floor":18},{"not_picked":["Gash","Chill"],"picked":"Leap","floor":19},{"not_picked":["Aggregate","Reprogram"],"picked":"Go for the Eyes","floor":20},{"not_picked":["Turbo","Steam"],"picked":"Go for the Eyes","floor":21},{"not_picked":["Hologram","Blizzard"],"picked":"Defragment","floor":24},{"not_picked":["Force Field","Hyperbeam","Streamline"],"picked":"SKIP","floor":25},{"not_picked":["Undo","Rebound","Compile Driver"],"picked":"SKIP","floor":28}],"player_experience":934796,"relics_obtained":[{"floor":7,"key":"Centennial Puzzle"},{"floor":9,"key":"Gremlin Horn"},{"floor":24,"key":"Boot"},{"floor":26,"key":"Meat on the Bone"}],"event_choices":[{"event_name":"The Cleric","player_choice":"Healed","floor":5,"damage_taken":0},{"event_name":"Golden Shrine","player_choice":"Pray","floor":10,"damage_taken":0},{"event_name":"Golden Wing","player_choice":"Card Removal","floor":13,"damage_taken":0},{"event_name":"Living Wall","player_choice":"Change","floor":14,"damage_taken":0},{"event_name":"Purifier","player_choice":"One Purge","floor":22,"damage_taken":0}],"is_beta":true,"boss_relics":[{"not_picked":["Orrery","Pandora\u0027s Box"],"picked":"Velvet Choker"}],"items_purged_floors":[3,12],"is_endless":false,"potions_floor_spawned":[4,16,18,21,24],"killed_by":"Cultist and Chosen","ascension_level":18}