{"gold_per_floor":[115,127,142,107,107,136,146,146,201,201,228,228],"floor_reached":12,"playtime":529,"items_purged":[],"score":154,"play_id":"cfb240ff-3cb1-4634-9acc-54013d667688","local_time":"20190325052559","is_ascension_mode":true,"campfire_choices":[{"floor":8,"key":"REST"},{"data":"Zap","floor":10,"key":"SMITH"}],"neow_cost":"PERCENT_DAMAGE","seed_source_timestamp":705182441290356,"circlet_count":0,"master_deck":["AscendersBane","Strike_B+1","Strike_B","Strike_B","Strike_B","Defend_B","Defend_B+1","Defend_B","Defend_B","Zap+1","Dualcast","Barrage","Ball Lightning","Cold Snap","Biased Cognition","Hologram","Capacitor"],"relics":["Cracked Core","Singing Bowl","Bag of Preparation","Bronze Scales"],"potions_floor_usage":[6,7,11],"damage_taken":[{"damage":8,"enemies":"2 Louse","floor":1,"turns":4},{"damage":1,"enemies":"Small Slimes","floor":2,"turns":3},{"damage":7,"enemies":"Jaw Worm","floor":3,"turns":3},{"damage":28,"enemies":"Lagavulin","floor":6,"turns":6},{"damage":4,"enemies":"Large Slime","floor":7,"turns":4},{"damage":18,"enemies":"Gremlin Nob","floor":11,"turns":4},{"damage":15,"enemies":"Lots of Slimes","floor":12,"turns":2}],"seed_played":"843955937106106196","potions_obtained":[{"floor":2,"key":"Block Potion"},{"floor":3,"key":"FearPotion"},{"floor":7,"key":"Weak Potion"}],"is_trial":false,"path_per_floor":["M","M","M","?","?","E","M","R","T","R","E","M"],"character_chosen":"DEFECT","items_purchased":[],"campfire_rested":1,"item_purchase_floors":[],"current_hp_per_floor":[52,51,44,65,39,11,7,32,32,32,14,0],"gold":228,"neow_bonus":"TWENTY_PERCENT_HP_BONUS","is_prod":false,"is_daily":false,"chose_seed":false,"campfire_upgraded":1,"win_rate":0,"timestamp":1553505959,"path_taken":["M","M","M","?","?","E","M","R","T","R","E","M"],"build_version":"2019-01-23","purchased_purges":0,"victory":false,"max_hp_per_floor":[85,85,85,85,85,85,85,85,85,85,85,85],"card_choices":[{"not_picked":["Steam","Chaos"],"picked":"Barrage","floor":1},{"not_picked":["Skim","Streamline"],"picked":"Ball Lightning","floor":2},{"not_picked":["Leap","Ball Lightning"],"picked":"Cold Snap","floor":3},{"not_picked":["Blizzard","Double Energy"],"picked":"Biased Cognition","floor":6},{"not_picked":["Redo","Stack"],"picked":"Hologram","floor":7},{"not_picked":["Cold Snap","Biased Cognition"],"picked":"Capacitor","floor":11}],"player_experience":1398613,"relics_obtained":[{"floor":6,"key":"Singing Bowl"},{"floor":9,"key":"Bag of Preparation"},{"floor":11,"key":"Bronze Scales"}],"event_choices":[{"damage_healed":21,"gold_gain":0,"player_choice":"Healed","damage_taken":0,"max_hp_gain":0,"max_hp_loss":0,"event_name":"The Cleric","floor":4,"gold_loss":35},{"damage_healed":0,"gold_gain":0,"player_choice":"Entered Light","damage_taken":26,"max_hp_gain":0,"max_hp_loss":0,"event_name":"Shining Light","floor":5,"gold_loss":0,"cards_upgraded":["Strike_B","Defend_B"]}],"is_beta":false,"boss_relics":[],"items_purged_floors":[],"is_endless":false,"potions_floor_spawned":[2,3,7],"killed_by":"Lots of Slimes","ascension_level":15}