{"gold_per_floor":[119,119,44,44,64,64,64,15,15,15,15,45,45,60,60,133,133,118,133,133,150,160,160,160,160],"floor_reached":25,"playtime":581,"items_purged":["Strike_R"],"score":348,"play_id":"2a8d5171-af79-46f7-8c53-8124a8889118","local_time":"20180803110427","is_ascension_mode":true,"campfire_choices":[{"data":"Evolve","floor":6,"key":"SMITH"},{"data":"Clothesline","floor":11,"key":"SMITH"},{"data":"True Grit","floor":13,"key":"SMITH"},{"data":"True Grit","floor":15,"key":"SMITH"},{"floor":23,"key":"REST"}],"neow_cost":"NONE","seed_source_timestamp":93507172220641,"circlet_count":0,"master_deck":["Strike_R+1","Strike_R+1","Strike_R+1","Strike_R+1","Defend_R+1","Defend_R+1","Defend_R+1","Defend_R+1","Bash+1","AscendersBane","Evolve+1","Clothesline+1","True Grit+1","Wild Strike","True Grit+1","Barricade","Reckless Charge","Metallicize"],"relics":["Burning Blood","Magic Flower","Bottled Tornado","Bird Faced Urn","Busted Crown","Nilry\u0027s Codex"],"potions_floor_usage":[12,16,25],"damage_taken":[{"damage":2,"enemies":"2 Louse","floor":1,"turns":3},{"damage":13,"enemies":"Small Slimes","floor":5,"turns":5},{"damage":44,"enemies":"Lagavulin","floor":12,"turns":7},{"damage":0,"enemies":"Cultist","floor":14,"turns":4},{"damage":34,"enemies":"Slime Boss","floor":16,"turns":14},{"damage":27,"enemies":"2 Thieves","floor":18,"turns":4},{"damage":7,"enemies":"Chosen","floor":19,"turns":4},{"damage":58,"enemies":"3 Cultists","floor":21,"turns":7},{"damage":15,"enemies":"Cultist and Chosen","floor":22,"turns":7},{"damage":22,"enemies":"Gremlin Leader","floor":25,"turns":2}],"seed_played":"-7950264208427161520","potions_obtained":[{"floor":1,"key":"SteroidPotion"},{"floor":14,"key":"BloodPotion"},{"floor":18,"key":"LiquidBronze"}],"is_trial":false,"path_per_floor":["M","?","$","?","M","R","?","$","T","T","R","E","R","M","R","B",null,"M","M","?","M","M","R","?"],"character_chosen":"IRONCLAD","items_purchased":["True Grit"],"campfire_rested":1,"item_purchase_floors":[8],"current_hp_per_floor":[72,77,77,77,70,70,70,70,70,70,70,35,35,47,47,37,69,54,59,59,16,16,40,19,0],"gold":160,"neow_bonus":"UPGRADE_CARD","is_prod":false,"is_daily":false,"chose_seed":false,"campfire_upgraded":4,"win_rate":0,"timestamp":1533319467,"path_taken":["M","?","$","?","?","R","?","?","T","?","R","E","R","M","R","BOSS","M","?","?","M","M","R","?","E"],"build_version":"2018-08-01","purchased_purges":1,"victory":false,"max_hp_per_floor":[75,80,80,80,80,80,80,80,80,80,80,80,80,80,80,80,80,80,80,80,80,80,80,80,80],"card_choices":[{"not_picked":["Second Wind","Clash"],"picked":"Evolve","floor":1},{"not_picked":["Headbutt","Anger"],"picked":"Clothesline","floor":5},{"not_picked":["Spot Weakness","Infernal Blade"],"picked":"Wild Strike","floor":12},{"not_picked":["Brutality","Pommel Strike"],"picked":"True Grit","floor":14},{"not_picked":["Dark Embrace","Double Tap"],"picked":"Barricade","floor":16},{"not_picked":[],"picked":"Reckless Charge","floor":18},{"not_picked":["Twin Strike"],"picked":"SKIP","floor":19},{"not_picked":[],"picked":"Metallicize","floor":21},{"not_picked":["Pummel"],"picked":"SKIP","floor":22}],"player_experience":834731,"relics_obtained":[{"floor":9,"key":"Magic Flower"},{"floor":10,"key":"Bottled Tornado"},{"floor":12,"key":"Bird Faced Urn"},{"floor":24,"key":"Nilry\u0027s Codex"}],"event_choices":[{"event_name":"Big Fish","player_choice":"Donut","floor":2,"damage_taken":0},{"event_name":"NoteForYourself","player_choice":"Took Card","floor":4,"damage_taken":0},{"event_name":"Dead Adventurer","player_choice":"Searched \u00270\u0027 times","floor":7,"damage_taken":0},{"event_name":"Back to Basics","player_choice":"Simplicity","floor":20,"damage_taken":0},{"event_name":"Cursed Tome","player_choice":"Obtained Book","floor":24,"damage_taken":0}],"is_beta":true,"boss_relics":[{"not_picked":["Lizard Tail","Orrery"],"picked":"Busted Crown"}],"items_purged_floors":[3],"is_endless":false,"potions_floor_spawned":[1,14,18],"killed_by":"Gremlin Leader","ascension_level":15}