{"path_per_floor":["M","?","M","?","M","E","R","M","T","M","M","M","R","M","R","B",null,"M","?","?","M","$","?","$","E","T","R","M","R","M","M","R","B",null,"M","?","?","M","?","R","M","M","T","$","M","E","R","M","R"],"character_chosen":"IRONCLAD","items_purchased":["Letter Opener","Blood Vial","Bandage Up","Inflame","Regen Potion"],"gold_per_floor":[110,110,128,303,317,343,343,361,414,424,441,455,455,472,472,571,571,589,589,514,528,40,40,40,67,67,67,86,86,106,119,119,224,224,236,236,236,251,251,251,266,285,339,21,37,70,70,87,87],"floor_reached":50,"campfire_rested":1,"playtime":1796,"current_hp_per_floor":[79,79,80,80,80,80,80,80,80,80,80,80,80,74,74,45,80,80,80,80,78,78,78,78,49,49,49,57,57,56,43,43,17,80,77,77,77,62,52,52,51,48,48,48,44,23,23,25,49],"items_purged":["Doubt","Madness"],"gold":87,"score":523,"play_id":"8bb234c4-408c-4b33-bff2-1d5d72f74af8","local_time":"20180312211328","is_prod":false,"is_daily":false,"is_ascension_mode":false,"campfire_upgraded":8,"timestamp":1520903608,"path_taken":["M","?","?","?","M","E","R","M","T","M","?","?","R","M","R","BOSS","M","?","?","?","?","?","?","E","T","R","M","R","?","M","R","BOSS","M","?","?","M","?","R","M","?","T","$","M","E","R","M","R","BOSS"],"build_version":"2018-03-09","purchased_purges":2,"victory":false,"master_deck":["Strike_R","Strike_R","Strike_R","Strike_R","Strike_R","Defend_R","Defend_R","Bash+1","Perfected Strike+1","Twin Strike+1","Perfected Strike+1","Flex+1","Offering","Pommel Strike+1","Bloodletting","Demon Form+1","Fire Breathing+1","Sword Boomerang+1","Pommel Strike+1","Cleave+1","Dual Wield+1","Madness+1","True Grit+1","Feed","Bandage Up","Inflame","Heavy Blade+1","Berserk","Wild Strike+1"],"max_hp_per_floor":[80,80,80,80,80,80,80,80,80,80,80,80,80,80,80,80,80,80,80,80,80,80,80,80,80,80,80,80,80,80,80,80,80,80,80,80,80,80,80,80,80,80,80,80,80,80,80,80,80],"relics":["Black Blood","Orichalcum","Ancient Tea Set","Velvet Choker","Letter Opener","Blood Vial","Darkstone Periapt","Bag of Marbles","Tiny Chest","Pen Nib"],"card_choices":[{"not_picked":["Armaments","Ghostly Armor"],"picked":"Perfected Strike"},{"not_picked":["Dropkick","Sword Boomerang"],"picked":"Twin Strike"},{"not_picked":["Headbutt","Twin Strike"],"picked":"Perfected Strike"},{"not_picked":["Sentinel","Shrug It Off"],"picked":"Flex"},{"not_picked":["Clothesline","Combust"],"picked":"Offering"},{"not_picked":["Blood for Blood","Pummel"],"picked":"Pommel Strike"},{"not_picked":["Warcry","Cleave"],"picked":"Bloodletting"},{"not_picked":["Juggernaut","Exhume"],"picked":"Demon Form"},{"not_picked":["Blood for Blood","Pommel Strike"],"picked":"Fire Breathing"},{"not_picked":["Flame Barrier","Second Wind"],"picked":"Sword Boomerang"},{"not_picked":["Anger","Body Slam"],"picked":"Pommel Strike"},{"not_picked":["Clash","Sword Boomerang"],"picked":"Cleave"},{"not_picked":["Havoc","Clothesline"],"picked":"Dual Wield"},{"not_picked":["Flame Barrier","Sever Soul"],"picked":"True Grit"},{"not_picked":["Body Slam","Headbutt"],"picked":"Feed"},{"not_picked":["Headbutt","Warcry"],"picked":"Heavy Blade"},{"not_picked":["Havoc","Sword Boomerang"],"picked":"Berserk"},{"not_picked":["Headbutt","Flex"],"picked":"Wild Strike"}],"player_experience":479986,"potions_floor_usage":[6,6,8,11,16,31,33,35,38,41,45,45,46,50],"damage_taken":[{"damage":7,"enemies":"Small Slimes","floor":1,"turns":4},{"damage":0,"enemies":"2 Louse","floor":3,"turns":2},{"damage":1,"enemies":"Jaw Worm","floor":5,"turns":3},{"damage":6,"enemies":"3 Sentries","floor":6,"turns":7},{"damage":2,"enemies":"Exordium Thugs","floor":8,"turns":3},{"damage":6,"enemies":"3 Louse","floor":10,"turns":3},{"damage":0,"enemies":"Blue Slaver","floor":11,"turns":2},{"damage":4,"enemies":"Exordium Thugs","floor":12,"turns":3},{"damage":12,"enemies":"Gremlin Gang","floor":14,"turns":3},{"damage":35,"enemies":"The Guardian","floor":16,"turns":4},{"damage":4,"enemies":"Chosen","floor":18,"turns":3},{"damage":8,"enemies":"2 Thieves","floor":21,"turns":3},{"damage":37,"enemies":"Gremlin Leader","floor":25,"turns":5},{"damage":0,"enemies":"Snake Plant","floor":28,"turns":1},{"damage":9,"enemies":"3 Cultists","floor":30,"turns":4},{"damage":21,"enemies":"Slaver and Parasite","floor":31,"turns":3},{"damage":34,"enemies":"Collector","floor":33,"turns":6},{"damage":13,"enemies":"3 Darklings","floor":35,"turns":4},{"damage":36,"enemies":"3 Shapes","floor":38,"turns":4},{"damage":13,"enemies":"3 Darklings","floor":41,"turns":3},{"damage":15,"enemies":"Sphere and 2 Shapes","floor":42,"turns":4},{"damage":25,"enemies":"4 Shapes","floor":45,"turns":3},{"damage":37,"enemies":"Giant Head","floor":46,"turns":6},{"damage":14,"enemies":"Maw","floor":48,"turns":5},{"damage":62,"enemies":"Time Eater","floor":50,"turns":6}],"event_choices":[{"event_name":"Living Wall","player_choice":"Grow","floor":2,"damage_taken":0},{"event_name":"Liars Game","player_choice":"agreed","floor":4,"damage_taken":0},{"event_name":"Vampires","player_choice":"Ignored","floor":19,"damage_taken":0},{"event_name":"Beggar","player_choice":"Gave Gold","floor":20,"damage_taken":0},{"event_name":"Drug Dealer","player_choice":"Ignored","floor":23,"damage_taken":0},{"event_name":"The Lab","player_choice":"Got Potions","floor":37,"damage_taken":0},{"event_name":"Winding Halls","player_choice":"Embrace Madness","floor":39,"damage_taken":0}],"boss_relics":[{"not_picked":["Eternal Feather","Tiny House"],"picked":"Velvet Choker"},{"not_picked":["Question Card","Runic Cube"],"picked":"Black Blood"}],"potions_floor_spawned":[3,6,10,11,21,30,33,38,42,46],"seed_played":"-255141902685664978","killed_by":"Time Eater","ascension_level":0,"is_trial":false}