{"gold_per_floor":[159,16,91,0,11,11,22,53,76,26,26,55,67,85,85,161,161,173,190,140,140,140,140,157,157,157,168,168],"floor_reached":28,"playtime":1082,"items_purged":["Strike_B","Strike_B"],"score":399,"play_id":"66af68c6-59bf-413f-8b1c-30e3c72722c3","local_time":"20190331224911","is_ascension_mode":true,"campfire_choices":[{"data":"Zap","floor":6,"key":"SMITH"},{"floor":11,"key":"REST"},{"data":"Sunder","floor":15,"key":"SMITH"},{"data":"Defragment","floor":23,"key":"SMITH"},{"floor":25,"key":"REST"}],"neow_cost":"NONE","seed_source_timestamp":1596670171579853,"circlet_count":0,"master_deck":["AscendersBane","Strike_B","Strike_B","Defend_B","Defend_B","Defend_B+1","Defend_B","Zap+1","Dualcast","Hologram","Defragment+1","Gash+1","Conserve Battery","Sunder+1","Coolheaded","Rip and Tear","Cold Snap+1","Coolheaded","Core Surge","Capacitor"],"special_seed":0,"relics":["Tiny House","Anchor","Oddly Smooth Stone","Smiling Mask","Orichalcum","Sozu","Whetstone"],"potions_floor_usage":[12,16],"damage_taken":[{"damage":5,"enemies":"Small Slimes","floor":1,"turns":4},{"damage":0,"enemies":"2 Louse","floor":5,"turns":3},{"damage":0,"enemies":"Jaw Worm","floor":7,"turns":4},{"damage":30,"enemies":"3 Sentries","floor":8,"turns":10},{"damage":16,"enemies":"Gremlin Nob","floor":12,"turns":3},{"damage":6,"enemies":"Looter","floor":13,"turns":3},{"damage":0,"enemies":"Large Slime","floor":14,"turns":5},{"damage":10,"enemies":"Slime Boss","floor":16,"turns":9},{"damage":0,"enemies":"Chosen","floor":18,"turns":5},{"damage":0,"enemies":"3 Byrds","floor":19,"turns":5},{"damage":0,"enemies":"3 Cultists","floor":24,"turns":8},{"damage":7,"enemies":"Cultist and Chosen","floor":27,"turns":6},{"damage":59,"enemies":"Gremlin Leader","floor":28,"turns":9}],"seed_played":"642566901130628627","potions_obtained":[{"floor":0,"key":"SkillPotion"},{"floor":1,"key":"AttackPotion"},{"floor":12,"key":"SteroidPotion"}],"is_trial":false,"path_per_floor":["M","$","?","$","M","R","M","E","T","$","R","E","M","M","R","B",null,"M","M","$","?","?","R","M","R","T","M","E"],"character_chosen":"DEFECT","items_purchased":["Anchor","Defragment","Gash"],"campfire_rested":2,"item_purchase_floors":[2,4,4],"current_hp_per_floor":[64,64,53,53,53,53,53,23,23,23,45,29,23,23,23,13,60,60,60,60,38,38,38,38,62,62,55,0],"gold":168,"neow_bonus":"BOSS_RELIC","is_prod":false,"is_daily":false,"chose_seed":false,"campfire_upgraded":3,"win_rate":0,"timestamp":1554086951,"path_taken":["M","$","?","$","M","R","M","E","T","$","R","E","M","M","R","BOSS","M","M","$","?","?","R","M","R","T","M","E"],"build_version":"2019-03-15","purchased_purges":2,"victory":false,"max_hp_per_floor":[76,76,76,76,76,76,76,76,76,76,76,76,76,76,76,76,76,76,76,76,81,81,81,81,81,81,81,81],"card_choices":[{"not_picked":["Steam Power","Reprogram"],"picked":"Hologram","floor":0},{"not_picked":["Aggregate","Hologram","Reprogram"],"picked":"SKIP","floor":1},{"not_picked":["Fusion","Undo"],"picked":"Conserve Battery","floor":5},{"not_picked":["Turbo","Leap"],"picked":"Sunder","floor":7},{"not_picked":["Steam","Sweeping Beam"],"picked":"Coolheaded","floor":8},{"not_picked":["Multi-Cast","Redo"],"picked":"Rip and Tear","floor":12},{"not_picked":["Darkness","Compile Driver"],"picked":"Cold Snap","floor":13},{"not_picked":["Go for the Eyes","BootSequence"],"picked":"Coolheaded","floor":14},{"not_picked":["Fission","Buffer"],"picked":"Core Surge","floor":16},{"not_picked":["Hologram","Heatsinks","Coolheaded"],"picked":"SKIP","floor":18},{"not_picked":["Ball Lightning","Turbo","Heatsinks"],"picked":"SKIP","floor":19},{"not_picked":["Turbo","Go for the Eyes","Hologram"],"picked":"SKIP","floor":24},{"not_picked":["Conserve Battery","Streamline","Redo"],"picked":"SKIP","floor":27}],"player_experience":2331793,"relics_obtained":[{"floor":8,"key":"Oddly Smooth Stone"},{"floor":9,"key":"Smiling Mask"},{"floor":12,"key":"Orichalcum"},{"floor":26,"key":"Whetstone"}],"event_choices":[{"damage_healed":0,"gold_gain":75,"player_choice":"Gather Gold","damage_taken":11,"max_hp_gain":0,"max_hp_loss":0,"event_name":"World of Goop","floor":3,"gold_loss":0},{"damage_healed":0,"gold_gain":0,"player_choice":"Shed Blood","damage_taken":27,"max_hp_gain":5,"max_hp_loss":0,"event_name":"Forgotten Altar","floor":21,"gold_loss":0},{"damage_healed":0,"gold_gain":0,"player_choice":"Read","damage_taken":0,"max_hp_gain":0,"max_hp_loss":0,"event_name":"The Library","floor":22,"gold_loss":0,"cards_obtained":["Capacitor"]}],"is_beta":true,"boss_relics":[{"not_picked":["Snecko Eye","Empty Cage"],"picked":"Sozu"}],"items_purged_floors":[10,20],"is_endless":false,"potions_floor_spawned":[1,12,13,18],"killed_by":"Gremlin Leader","ascension_level":15}