{"gold_per_floor":[215,215,215,225,239,269,269,282,282,282,282,332,355,399,399,497,497,516,516,541,10,33,73,73,86,138,177,177,26,64,103,103,194,194,214,214,1213,1228,859,903,903,923,946,344,344,344,677,1032,1032,1032,1032],"floor_reached":51,"playtime":5750,"items_purged":["Normality","Normality"],"score":1568,"play_id":"ca2f7021-0de8-468b-b141-39ba69d205d8","local_time":"20190429201647","is_ascension_mode":true,"campfire_choices":[{"floor":7,"key":"REST"},{"data":"Zap","floor":11,"key":"SMITH"},{"data":"FTL","floor":15,"key":"SMITH"},{"data":"Dark Shackles","floor":24,"key":"SMITH"},{"floor":28,"key":"REST"},{"data":"Coolheaded","floor":32,"key":"SMITH"},{"floor":41,"key":"RECALL"},{"floor":46,"key":"REST"},{"floor":49,"key":"REST"}],"neow_cost":"NONE","seed_source_timestamp":607797784597564,"circlet_count":0,"master_deck":["AscendersBane","Strike_B","Strike_B","Strike_B","Strike_B","Defend_B","Defend_B","Defend_B","Defend_B","Zap+1","Dualcast","Ball Lightning","Ball Lightning","FTL+1","Glacier","BootSequence","Glacier","Compile Driver","Dark Shackles+1","Blizzard+1","Coolheaded+1","Rainbow","Cold Snap+1","Panacea","Secret Technique","Coolheaded","Capacitor","Apotheosis"],"relics":["Cracked Core","Du-Vu Doll","The Courier","Pocketwatch","Calipers","Busted Crown","MealTicket","WingedGreaves","Pen Nib","DataDisk","Bird Faced Urn","Blood Vial","Lantern","Bronze Scales","Fusion Hammer","Oddly Smooth Stone","Omamori","Membership Card","Potion Belt","Vajra","Ancient Tea Set","Old Coin"],"potions_floor_usage":[16,18,20,23,27,30,35,40,40,40,40,48,48,51],"damage_taken":[{"damage":7,"enemies":"Small Slimes","floor":1,"turns":3},{"damage":7,"enemies":"Jaw Worm","floor":4,"turns":3},{"damage":5,"enemies":"2 Louse","floor":5,"turns":2},{"damage":25,"enemies":"Lagavulin","floor":6,"turns":5},{"damage":6,"enemies":"Exordium Thugs","floor":8,"turns":3},{"damage":0,"enemies":"Large Slime","floor":13,"turns":3},{"damage":1,"enemies":"3 Sentries","floor":14,"turns":7},{"damage":0,"enemies":"The Guardian","floor":16,"turns":11},{"damage":2,"enemies":"3 Byrds","floor":18,"turns":5},{"damage":0,"enemies":"Spheric Guardian","floor":20,"turns":4},{"damage":11,"enemies":"Shelled Parasite and Fungi","floor":22,"turns":7},{"damage":25,"enemies":"Gremlin Leader","floor":23,"turns":8},{"damage":2,"enemies":"Centurion and Healer","floor":25,"turns":7},{"damage":2,"enemies":"Book of Stabbing","floor":27,"turns":6},{"damage":2,"enemies":"Slavers","floor":30,"turns":5},{"damage":13,"enemies":"Book of Stabbing","floor":31,"turns":6},{"damage":50,"enemies":"Collector","floor":33,"turns":13},{"damage":0,"enemies":"3 Shapes","floor":35,"turns":1},{"damage":21,"enemies":"3 Darklings","floor":38,"turns":5},{"damage":23,"enemies":"Reptomancer","floor":40,"turns":7},{"damage":0,"enemies":"Writhing Mass","floor":42,"turns":11},{"damage":44,"enemies":"2 Orb Walkers","floor":48,"turns":5},{"damage":46,"enemies":"Time Eater","floor":50,"turns":18},{"damage":22,"enemies":"Donu and Deca","floor":51,"turns":5}],"seed_played":"-7512239396173293167","potions_obtained":[{"floor":5,"key":"GamblersBrew"},{"floor":8,"key":"GamblersBrew"},{"floor":16,"key":"FocusPotion"},{"floor":18,"key":"PowerPotion"},{"floor":22,"key":"GamblersBrew"},{"floor":25,"key":"SteroidPotion"},{"floor":30,"key":"FearPotion"},{"floor":31,"key":"AttackPotion"},{"floor":35,"key":"EntropicBrew"},{"floor":42,"key":"SmokeBomb"}],"is_trial":false,"path_per_floor":["M","?","?","M","M","E","R","M","T","?","R","?","M","E","R","B",null,"M","?","M","$","M","E","R","M","T","E","R","$","E","E","R","B",null,"M","?","?","M","$","E","R","M","T","$","?","R","?","?","R","B","B"],"character_chosen":"DEFECT","items_purchased":["MealTicket","Dark Shackles","WingedGreaves","Coolheaded","Blood Vial","Oddly Smooth Stone","Secret Technique","Membership Card","Potion Belt","AttackPotion","Weak Potion","FearPotion","Capacitor","Apotheosis","Vajra","Ancient Tea Set"],"campfire_rested":4,"item_purchase_floors":[21,21,21,29,29,39,39,44,44,44,44,44,44,44,44,44],"current_hp_per_floor":[57,62,51,44,39,14,36,30,30,30,30,30,30,29,29,29,59,57,79,79,79,68,43,43,41,41,39,62,77,77,66,66,18,64,66,66,66,47,62,41,41,43,43,58,74,79,79,37,60,18,0],"gold":1032,"neow_bonus":"HUNDRED_GOLD","is_prod":false,"is_daily":false,"chose_seed":false,"campfire_upgraded":4,"win_rate":0,"timestamp":1556583407,"path_taken":["M","?","?","M","M","E","R","M","T","?","R","?","?","E","R","BOSS","M","?","M","$","?","E","R","?","T","E","R","$","E","E","R","BOSS","M","?","?","M","$","E","R","M","T","$","?","R","?","?","R","BOSS","BOSS"],"build_version":"2019-01-23","purchased_purges":2,"victory":false,"max_hp_per_floor":[71,76,76,76,76,76,76,76,76,69,69,69,69,69,69,69,69,69,79,79,79,79,79,79,79,79,79,79,79,79,79,79,79,79,79,79,79,79,79,79,79,79,79,79,79,79,79,79,79,79,79],"card_choices":[{"not_picked":["Gash","Chaos"],"picked":"Ball Lightning","floor":1},{"not_picked":["Coolheaded","Genetic Algorithm"],"picked":"Ball Lightning","floor":4},{"not_picked":["Sweeping Beam","Stack"],"picked":"FTL","floor":5},{"not_picked":["Compile Driver","Beam Cell"],"picked":"Glacier","floor":6},{"not_picked":["Chaos","Darkness"],"picked":"BootSequence","floor":8},{"not_picked":["Beam Cell","Cold Snap"],"picked":"Glacier","floor":13},{"not_picked":["Rebound","Gash","Turbo"],"picked":"SKIP","floor":14},{"not_picked":["Amplify","Buffer"],"picked":"Creative AI","floor":16},{"not_picked":["Beam Cell"],"picked":"SKIP","floor":18},{"not_picked":[],"picked":"Compile Driver","floor":20},{"not_picked":[],"picked":"Blizzard+1","floor":22},{"not_picked":["Go for the Eyes"],"picked":"SKIP","floor":23},{"not_picked":["Redo"],"picked":"SKIP","floor":25},{"not_picked":["Gash"],"picked":"SKIP","floor":27},{"not_picked":["Gash"],"picked":"SKIP","floor":30},{"not_picked":["Fusion"],"picked":"SKIP","floor":31},{"not_picked":[],"picked":"Rainbow","floor":33},{"not_picked":[],"picked":"Cold Snap+1","floor":35},{"not_picked":[],"picked":"Panacea","floor":36},{"not_picked":["Rip and Tear+1"],"picked":"SKIP","floor":38},{"not_picked":["Cold Snap"],"picked":"SKIP","floor":40},{"not_picked":[],"picked":"Coolheaded","floor":42}],"player_experience":2104457,"relics_obtained":[{"floor":6,"key":"The Courier"},{"floor":9,"key":"Pocketwatch"},{"floor":14,"key":"Calipers"},{"floor":23,"key":"Pen Nib"},{"floor":26,"key":"DataDisk"},{"floor":27,"key":"Bird Faced Urn"},{"floor":30,"key":"Lantern"},{"floor":31,"key":"Bronze Scales"},{"floor":40,"key":"Omamori"},{"floor":48,"key":"Old Coin"}],"event_choices":[{"damage_healed":0,"gold_gain":0,"player_choice":"Donut","damage_taken":0,"max_hp_gain":5,"max_hp_loss":0,"event_name":"Big Fish","floor":2,"gold_loss":0},{"damage_healed":0,"gold_gain":0,"player_choice":"Success","damage_taken":11,"relics_obtained":["Du-Vu Doll"],"max_hp_gain":0,"max_hp_loss":0,"event_name":"Scrap Ooze","floor":3,"gold_loss":0},{"damage_healed":0,"gold_gain":0,"player_choice":"Lose Max HP","damage_taken":0,"relics_obtained":["Golden Idol"],"max_hp_gain":0,"max_hp_loss":7,"event_name":"Golden Idol","floor":10,"gold_loss":0},{"damage_healed":0,"gold_gain":50,"player_choice":"Pray","damage_taken":0,"max_hp_gain":0,"max_hp_loss":0,"event_name":"Golden Shrine","floor":12,"gold_loss":0},{"cards_removed":["Creative AI"],"damage_healed":12,"gold_gain":0,"player_choice":"Offered Rare","damage_taken":0,"max_hp_gain":10,"max_hp_loss":0,"event_name":"Bonfire Elementals","floor":19,"gold_loss":0},{"damage_healed":0,"gold_gain":0,"player_choice":"Memory 1","damage_taken":0,"max_hp_gain":0,"max_hp_loss":0,"event_name":"SensoryStone","floor":36,"gold_loss":0},{"damage_healed":0,"gold_gain":999,"player_choice":"Gold","damage_taken":0,"max_hp_gain":0,"max_hp_loss":0,"event_name":"MindBloom","floor":37,"gold_loss":0,"cards_obtained":["Normality","Normality"]},{"damage_healed":16,"gold_gain":0,"player_choice":"Writhe","damage_taken":0,"max_hp_gain":0,"max_hp_loss":0,"event_name":"Winding Halls","floor":45,"gold_loss":0,"cards_obtained":["Writhe"]},{"damage_healed":0,"gold_gain":333,"player_choice":"Gave Idol","damage_taken":0,"max_hp_gain":0,"max_hp_loss":0,"event_name":"The Moai Head","floor":47,"relics_lost":["Golden Idol"],"gold_loss":0},{"damage_healed":0,"gold_gain":0,"player_choice":"Fight","damage_taken":0,"max_hp_gain":0,"max_hp_loss":0,"event_name":"Mysterious Sphere","floor":48,"gold_loss":0}],"is_beta":false,"boss_relics":[{"not_picked":["FrozenCore","Tiny House"],"picked":"Busted Crown"},{"not_picked":["Snecko Eye","Cursed Key"],"picked":"Fusion Hammer"}],"items_purged_floors":[39,44],"is_endless":false,"potions_floor_spawned":[5,8,13,16,18,22,25,30,31,35,38,42],"killed_by":"Donu and Deca","ascension_level":20}