{"path_per_floor":["M","?","?","$","M","R","M","?","T","?","R","M","?","M","R","B",null,"M","$","?","?","?","R"],"character_chosen":"IRONCLAD","items_purchased":[],"gold_per_floor":[16,16,16,16,32,32,45,45,45,19,19,32,62,80,80,179,179,104,104,104,104,104,104],"floor_reached":24,"campfire_rested":0,"playtime":1304,"current_hp_per_floor":[68,68,68,68,73,73,72,72,72,72,72,74,74,77,77,79,80,67,67,67,67,67,67],"items_purged":[],"gold":104,"score":237,"play_id":"12b7026c-7cbf-44c8-b7cb-2cf33d0514a4","is_prod":false,"is_daily":false,"is_ascension_mode":true,"campfire_upgraded":4,"path_taken":["M","?","?","?","?","R","M","?","T","?","R","?","?","M","R","BOSS","M","$","?","?","?","R","E"],"build_version":"2018-02-15-PROD1","purchased_purges":1,"victory":false,"master_deck":["Strike_R+1","Strike_R+1","Strike_R+1","Defend_R+1","Defend_R+1","Defend_R+1","Defend_R+1","Bash+1","Warcry","Shrug It Off","Body Slam+1","True Grit+1","Sentinel+1","Juggernaut+1"],"max_hp_per_floor":[80,80,80,80,80,80,80,80,80,80,80,80,80,80,80,80,80,80,80,80,80,80,80],"relics":["Burning Blood","Du-Vu Doll","Sundial","Vajra","Ectoplasm"],"card_choices":[{"not_picked":["Searing Blow","Clash"],"picked":"Warcry"},{"not_picked":["Spot Weakness","Cleave"],"picked":"Body Slam"},{"not_picked":["Clothesline","Entrench"],"picked":"True Grit"},{"not_picked":["Cleave","Body Slam"],"picked":"Sentinel"},{"not_picked":["Feed","Immolate"],"picked":"Juggernaut"}],"player_experience":382627,"potions_floor_usage":[16,16,24],"damage_taken":[{"damage":10,"enemies":"Small Slimes","floor":1,"turns":3},{"damage":1,"enemies":"Cultist","floor":5,"turns":4},{"damage":7,"enemies":"Jaw Worm","floor":7,"turns":3},{"damage":4,"enemies":"Blue Slaver","floor":12,"turns":3},{"damage":3,"enemies":"2 Fungi Beasts","floor":14,"turns":3},{"damage":4,"enemies":"Slime Boss","floor":16,"turns":9},{"damage":19,"enemies":"2 Thieves","floor":18,"turns":4},{"damage":85,"enemies":"Gremlin Leader","floor":24,"turns":8}],"event_choices":[{"event_name":"Transmorgrifier","player_choice":"Transform","floor":2,"damage_taken":0},{"event_name":"Accursed Blacksmith","player_choice":"Forge","floor":3,"damage_taken":0},{"event_name":"Fountain of Cleansing","player_choice":"Removed Curse","floor":8,"damage_taken":0},{"event_name":"World of Goop","player_choice":"Left","floor":10,"damage_taken":0},{"event_name":"Dead Adventurer","player_choice":"Searched \u00272\u0027 times","floor":13,"damage_taken":0},{"event_name":"Back to Basics","player_choice":"Simplicity","floor":20,"damage_taken":0},{"event_name":"Transmorgrifier","player_choice":"Skipped","floor":21,"damage_taken":0},{"event_name":"Wheel of Change","player_choice":"Card Removal","floor":22,"damage_taken":0}],"boss_relics":[{"not_picked":["Orrery","Astrolabe"],"picked":"Ectoplasm"}],"potions_floor_spawned":[7,12,18],"seed_played":"8030487295622680257","killed_by":"Gremlin Leader","ascension_level":6,"is_trial":false}