{"gold_per_floor":[119,69,84,4,4,4,4,4,4,30,30,53,53,64,64,64],"floor_reached":16,"playtime":765,"items_purged":[],"score":96,"play_id":"84caa3eb-6731-4563-a1bd-42686c39b223","local_time":"20190305003701","is_ascension_mode":false,"campfire_choices":[{"data":"Footwork","floor":6,"key":"SMITH"},{"data":"Terror","floor":8,"key":"SMITH"},{"data":"Malaise","floor":11,"key":"SMITH"},{"floor":13,"key":"REST"},{"floor":15,"key":"REST"}],"neow_cost":"NONE","seed_source_timestamp":285896663294337,"circlet_count":0,"master_deck":["Defend_G","Defend_G","Defend_G","Defend_G","Strike_G","Strike_G","Strike_G","Strike_G","Strike_G","Survivor","Neutralize","Malaise+1","Terror+1","Distraction+1","Footwork+1","Backflip","Footwork","Underhanded Strike"],"relics":["Ring of the Snake","Kunai","Strawberry","Odd Mushroom"],"potions_floor_usage":[16],"damage_taken":[{"damage":4,"enemies":"Jaw Worm","floor":1,"turns":7},{"damage":9,"enemies":"2 Louse","floor":3,"turns":3},{"damage":23,"enemies":"Gremlin Nob","floor":10,"turns":6},{"damage":18,"enemies":"The Mushroom Lair","floor":12,"turns":6},{"damage":0,"enemies":"Small Slimes","floor":14,"turns":3},{"damage":79,"enemies":"Slime Boss","floor":16,"turns":14}],"seed_played":"5449038907342098784","potions_obtained":[{"floor":1,"key":"GamblersBrew"}],"is_trial":false,"path_per_floor":["M","?","M","$","?","R","$","R","T","E","R","?","R","M","R","B"],"character_chosen":"THE_SILENT","items_purchased":["Footwork"],"campfire_rested":2,"item_purchase_floors":[4],"current_hp_per_floor":[66,66,57,57,57,57,57,57,57,41,41,23,46,46,69,0],"gold":64,"neow_bonus":"ONE_RANDOM_RARE_CARD","is_prod":false,"is_daily":false,"chose_seed":false,"campfire_upgraded":3,"win_rate":0,"timestamp":1551764221,"path_taken":["M","?","M","$","?","R","?","R","T","E","R","?","R","M","R","BOSS"],"build_version":"2019-01-23","purchased_purges":0,"victory":false,"max_hp_per_floor":[70,70,70,70,70,70,70,70,70,77,77,77,77,77,77,77],"card_choices":[{"not_picked":["Dagger Throw","Sucker Punch"],"picked":"Terror","floor":1},{"not_picked":["Setup","Underhanded Strike"],"picked":"Distraction","floor":3},{"not_picked":["Reflex","Tools of the Trade"],"picked":"Backflip","floor":10},{"not_picked":["Flying Knee","Bane"],"picked":"Footwork","floor":12},{"not_picked":["Tactician","Setup"],"picked":"Underhanded Strike","floor":14}],"player_experience":631515,"relics_obtained":[{"floor":9,"key":"Kunai"},{"floor":10,"key":"Strawberry"},{"floor":12,"key":"Odd Mushroom"}],"event_choices":[{"cards_removed":["Defend_G"],"damage_healed":0,"gold_gain":0,"player_choice":"Card Removal","damage_taken":0,"max_hp_gain":0,"max_hp_loss":0,"event_name":"The Cleric","floor":2,"gold_loss":50},{"damage_healed":0,"gold_gain":0,"player_choice":"Grow","damage_taken":0,"max_hp_gain":0,"max_hp_loss":0,"event_name":"Living Wall","floor":5,"gold_loss":0,"cards_upgraded":["Distraction"]},{"damage_healed":0,"gold_gain":0,"player_choice":"Fought Mushrooms","damage_taken":0,"max_hp_gain":0,"max_hp_loss":0,"event_name":"Mushrooms","floor":12,"gold_loss":0}],"is_beta":false,"boss_relics":[],"items_purged_floors":[],"is_endless":false,"potions_floor_spawned":[1],"killed_by":"Slime Boss","ascension_level":0}