{"gold_per_floor":[115,115,115,134,154,154,181,10,33,33,59,59,69,98,98,98],"floor_reached":16,"playtime":576,"items_purged":[],"score":236,"play_id":"8fe20e9e-6778-4a26-845f-eab18a00e463","local_time":"20190330195417","is_ascension_mode":true,"campfire_choices":[{"data":"Go for the Eyes","floor":6,"key":"SMITH"},{"data":"Hologram","floor":10,"key":"SMITH"},{"data":"Zap","floor":12,"key":"SMITH"},{"data":"Seek","floor":15,"key":"SMITH"}],"neow_cost":"CURSE","seed_source_timestamp":1189283234713020,"circlet_count":0,"master_deck":["AscendersBane","Strike_B","Strike_B","Strike_B","Strike_B","Defend_B","Defend_B","Defend_B","Defend_B","Zap+1","Dualcast","Go for the Eyes+1","Ball Lightning","Gash","Hologram+1","Sweeping Beam","Auto Shields","Seek+1"],"relics":["Cracked Core","Du-Vu Doll","Blood Vial","Orichalcum","Art of War","Strawberry"],"potions_floor_usage":[7,7,16],"damage_taken":[{"damage":0,"enemies":"2 Louse","floor":1,"turns":2},{"damage":2,"enemies":"Jaw Worm","floor":4,"turns":3},{"damage":0,"enemies":"Cultist","floor":5,"turns":3},{"damage":4,"enemies":"Gremlin Nob","floor":7,"turns":3},{"damage":14,"enemies":"Lagavulin","floor":11,"turns":6},{"damage":11,"enemies":"3 Louse","floor":13,"turns":2},{"damage":22,"enemies":"3 Sentries","floor":14,"turns":6},{"damage":28,"enemies":"Slime Boss","floor":16,"turns":5}],"seed_played":"-7112550266138318768","potions_obtained":[{"floor":4,"key":"FearPotion"},{"floor":5,"key":"Strength Potion"},{"floor":14,"key":"Poison Potion"}],"is_trial":false,"path_per_floor":["M","?","?","M","M","R","E","$","T","R","E","R","M","E","R","B"],"character_chosen":"DEFECT","items_purchased":["Orichalcum"],"campfire_rested":0,"item_purchase_floors":[8],"current_hp_per_floor":[64,69,62,60,60,60,56,56,56,56,44,44,35,22,22,0],"gold":98,"neow_bonus":"ONE_RARE_RELIC","is_prod":false,"is_daily":false,"chose_seed":false,"campfire_upgraded":4,"win_rate":0,"timestamp":1553990057,"path_taken":["M","?","?","M","?","R","E","?","T","R","E","R","M","E","R","BOSS"],"build_version":"2019-01-23","purchased_purges":0,"victory":false,"max_hp_per_floor":[71,76,73,73,73,73,73,73,73,73,73,73,73,80,80,80],"card_choices":[{"not_picked":["Static Discharge","Chaos"],"picked":"Go for the Eyes","floor":1},{"not_picked":["Sweeping Beam","Redo"],"picked":"Ball Lightning","floor":4},{"not_picked":["Tempest","Turbo"],"picked":"Gash","floor":5},{"not_picked":["Undo","Blizzard"],"picked":"Hologram","floor":7},{"not_picked":["Turbo","Rebound"],"picked":"Sweeping Beam","floor":11},{"not_picked":["Hyperbeam","Rebound"],"picked":"Auto Shields","floor":13},{"not_picked":["Melter","White Noise"],"picked":"Seek","floor":14}],"player_experience":1501363,"relics_obtained":[{"floor":7,"key":"Blood Vial"},{"floor":11,"key":"Art of War"},{"floor":14,"key":"Strawberry"}],"event_choices":[{"damage_healed":0,"gold_gain":0,"player_choice":"Donut","damage_taken":0,"max_hp_gain":5,"max_hp_loss":0,"event_name":"Big Fish","floor":2,"gold_loss":0},{"cards_removed":["Parasite"],"damage_healed":0,"gold_gain":0,"player_choice":"Card Removal","damage_taken":7,"max_hp_gain":0,"max_hp_loss":0,"event_name":"Golden Wing","floor":3,"gold_loss":0}],"is_beta":false,"boss_relics":[],"items_purged_floors":[],"is_endless":false,"potions_floor_spawned":[4,5,14],"killed_by":"Slime Boss","ascension_level":20}