{"gold_per_floor":[362,374,374,374,0,0,16,35,105,105,120,120,145,165,165,240,240,253,23,40,66,84,84,116,86,86,86,121,135,135,150,150,223,223,238,250,250,472,488,488,118,133,159,175,175],"floor_reached":45,"playtime":2028,"items_purged":["Strike_R","Strike_R"],"score":1035,"play_id":"070021d1-40ea-47ee-a224-59175a0f4086","local_time":"20190407135645","is_ascension_mode":true,"campfire_choices":[{"data":"Combust","floor":6,"key":"SMITH"},{"data":"Flame Barrier","floor":10,"key":"SMITH"},{"data":"Bash","floor":12,"key":"SMITH"},{"data":"Whirlwind","floor":15,"key":"SMITH"},{"floor":23,"key":"REST"},{"floor":27,"key":"REST"},{"data":"Disarm","floor":30,"key":"SMITH"},{"data":"Limit Break","floor":32,"key":"SMITH"},{"floor":40,"key":"REST"}],"neow_cost":"CURSE","seed_source_timestamp":530323896910998,"circlet_count":0,"master_deck":["AscendersBane","Strike_R+1","Strike_R","Strike_R","Defend_R","Defend_R","Defend_R+1","Defend_R","Bash+1","Battle Trance","Headbutt","Combust+1","Flame Barrier+1","Inflame+1","Whirlwind+1","Sword Boomerang","Limit Break+1","Combust+1","Rupture+1","Disarm+1","Combust+1","Clothesline","Corruption+1","Feed","Clumsy","Shrug It Off","Dark Embrace+1","Corruption+1","Shame"],"relics":["Burning Blood","Mercury Hourglass","Frozen Egg 2","Happy Flower","Odd Mushroom","Cursed Key","Red Mask","Bag of Marbles","Paper Frog","Strawberry","Busted Crown","Kunai"],"potions_floor_usage":[13,16,21,21,28,31,33,33,42,44,45],"damage_taken":[{"damage":6,"enemies":"Cultist","floor":1,"turns":3},{"damage":15,"enemies":"Small Slimes","floor":2,"turns":4},{"damage":3,"enemies":"2 Louse","floor":7,"turns":3},{"damage":16,"enemies":"Large Slime","floor":8,"turns":4},{"damage":2,"enemies":"2 Fungi Beasts","floor":11,"turns":4},{"damage":13,"enemies":"3 Sentries","floor":13,"turns":5},{"damage":15,"enemies":"The Mushroom Lair","floor":14,"turns":3},{"damage":3,"enemies":"Slime Boss","floor":16,"turns":5},{"damage":0,"enemies":"Chosen","floor":18,"turns":3},{"damage":24,"enemies":"2 Thieves","floor":20,"turns":3},{"damage":4,"enemies":"Masked Bandits","floor":21,"turns":3},{"damage":38,"enemies":"Snake Plant","floor":22,"turns":4},{"damage":19,"enemies":"Gremlin Leader","floor":24,"turns":4},{"damage":36,"enemies":"Book of Stabbing","floor":28,"turns":5},{"damage":0,"enemies":"Cultist and Chosen","floor":29,"turns":3},{"damage":0,"enemies":"Snecko","floor":31,"turns":3},{"damage":23,"enemies":"Champ","floor":33,"turns":7},{"damage":22,"enemies":"3 Darklings","floor":35,"turns":4},{"damage":17,"enemies":"Orb Walker","floor":36,"turns":4},{"damage":19,"enemies":"Maw","floor":39,"turns":6},{"damage":12,"enemies":"Writhing Mass","floor":42,"turns":5},{"damage":28,"enemies":"Spire Growth","floor":44,"turns":3},{"damage":63,"enemies":"Nemesis","floor":45,"turns":5}],"seed_played":"4132092981983846130","potions_obtained":[{"floor":2,"key":"Energy Potion"},{"floor":8,"key":"Weak Potion"},{"floor":11,"key":"Block Potion"},{"floor":14,"key":"Poison Potion"},{"floor":16,"key":"Strength Potion"},{"floor":18,"key":"Fire Potion"},{"floor":25,"key":"PowerPotion"},{"floor":25,"key":"Ancient Potion"},{"floor":28,"key":"PowerPotion"},{"floor":29,"key":"SkillPotion"},{"floor":31,"key":"Weak Potion"},{"floor":33,"key":"Explosive Potion"},{"floor":39,"key":"Strength Potion"},{"floor":44,"key":"PowerPotion"}],"is_trial":false,"path_per_floor":["M","M","?","?","$","R","M","M","T","R","M","R","E","?","R","B",null,"M","$","M","?","M","R","E","?","T","R","E","M","R","M","R","B",null,"M","M","?","?","M","R","$","M","T","M","E"],"character_chosen":"IRONCLAD","items_purchased":["Mercury Hourglass","Combust","Rupture+1","Disarm","Kunai"],"campfire_rested":3,"item_purchase_floors":[5,5,19,19,41],"current_hp_per_floor":[68,59,52,29,29,29,32,22,22,22,26,26,19,10,10,13,60,66,66,48,50,18,40,27,27,27,49,26,32,32,38,38,24,70,54,46,46,46,33,59,59,53,53,31,0],"gold":175,"neow_bonus":"TWO_FIFTY_GOLD","is_prod":false,"is_daily":false,"chose_seed":false,"campfire_upgraded":6,"win_rate":0,"timestamp":1554659805,"path_taken":["M","?","?","?","$","R","M","M","T","R","M","R","E","?","R","BOSS","M","$","M","?","M","R","E","?","T","R","E","?","R","M","R","BOSS","M","M","?","?","M","R","?","M","T","?","E"],"build_version":"2019-01-23","purchased_purges":2,"victory":false,"max_hp_per_floor":[75,75,75,75,75,75,75,75,75,75,75,75,75,75,75,75,75,75,75,75,75,75,75,75,75,75,75,82,82,82,82,82,85,85,85,88,88,88,88,88,88,88,88,88,88],"card_choices":[{"not_picked":["Power Through","Second Wind"],"picked":"Battle Trance","floor":1},{"not_picked":["Iron Wave","Warcry"],"picked":"Headbutt","floor":2},{"not_picked":["Havoc","Warcry"],"picked":"Flame Barrier","floor":7},{"not_picked":["Headbutt","Burning Pact","Fire Breathing"],"picked":"SKIP","floor":8},{"not_picked":["Cleave","Flex"],"picked":"Inflame+1","floor":11},{"not_picked":["Cleave","Warcry"],"picked":"Whirlwind","floor":13},{"not_picked":["Wild Strike","Armaments"],"picked":"Sword Boomerang","floor":14},{"not_picked":["Berserk+1","Feed"],"picked":"Limit Break","floor":16},{"not_picked":["Anger","True Grit"],"picked":"Combust+1","floor":18},{"not_picked":["Rage","Rampage"],"picked":"Combust+1","floor":20},{"not_picked":["Dropkick","Heavy Blade"],"picked":"Clothesline","floor":21},{"not_picked":["Wild Strike","Sentinel+1"],"picked":"Corruption+1","floor":22},{"not_picked":["Clothesline","Flex+1"],"picked":"Feed","floor":24},{"not_picked":["Warcry","Sword Boomerang","Battle Trance"],"picked":"SKIP","floor":28},{"not_picked":["Clash","Clothesline","Pommel Strike"],"picked":"SKIP","floor":29},{"not_picked":["Clash","Wild Strike"],"picked":"Shrug It Off","floor":31},{"not_picked":["Exhume","Double Tap"],"picked":"Dark Embrace+1","floor":33},{"not_picked":["Whirlwind"],"picked":"SKIP","floor":35},{"not_picked":[],"picked":"Corruption+1","floor":36},{"not_picked":["Anger"],"picked":"SKIP","floor":39},{"not_picked":["Dual Wield"],"picked":"SKIP","floor":42},{"not_picked":["Thunderclap"],"picked":"SKIP","floor":44}],"player_experience":1697306,"relics_obtained":[{"floor":9,"key":"Frozen Egg 2"},{"floor":13,"key":"Happy Flower"},{"floor":14,"key":"Odd Mushroom"},{"floor":21,"key":"Red Mask"},{"floor":24,"key":"Bag of Marbles"},{"floor":26,"key":"Paper Frog"},{"floor":28,"key":"Strawberry"}],"event_choices":[{"cards_removed":["Doubt"],"damage_healed":0,"gold_gain":0,"player_choice":"Card Removal","damage_taken":7,"max_hp_gain":0,"max_hp_loss":0,"event_name":"Golden Wing","floor":3,"gold_loss":0},{"damage_healed":0,"gold_gain":0,"player_choice":"Entered Light","damage_taken":23,"max_hp_gain":0,"max_hp_loss":0,"event_name":"Shining Light","floor":4,"gold_loss":0,"cards_upgraded":["Defend_R","Strike_R"]},{"damage_healed":0,"gold_gain":0,"player_choice":"Fought Mushrooms","damage_taken":0,"max_hp_gain":0,"max_hp_loss":0,"event_name":"Mushrooms","floor":14,"gold_loss":0},{"damage_healed":0,"gold_gain":0,"player_choice":"Fought Bandits","damage_taken":0,"max_hp_gain":0,"max_hp_loss":0,"event_name":"Masked Bandits","floor":21,"gold_loss":0},{"damage_healed":0,"gold_gain":0,"player_choice":"Bought 2 Potions","damage_taken":0,"max_hp_gain":0,"max_hp_loss":0,"event_name":"The Woman in Blue","floor":25,"gold_loss":0},{"damage_healed":0,"gold_gain":0,"player_choice":"Ignored","damage_taken":0,"max_hp_gain":0,"max_hp_loss":0,"event_name":"Mysterious Sphere","floor":37,"gold_loss":0},{"damage_healed":0,"gold_gain":222,"player_choice":"Wore Mask","damage_taken":0,"max_hp_gain":0,"max_hp_loss":0,"event_name":"Tomb of Lord Red Mask","floor":38,"gold_loss":0}],"is_beta":false,"boss_relics":[{"not_picked":["Lizard Tail","Tiny House"],"picked":"Cursed Key"},{"not_picked":["Sozu","Empty Cage"],"picked":"Busted Crown"}],"items_purged_floors":[19,41],"is_endless":false,"potions_floor_spawned":[2,8,11,14,16,18,28,29,31,33,39,44],"killed_by":"Nemesis","ascension_level":20}