{"gold_per_floor":[111,111,126,139,139,139,158,192,204,216,228,260,272,303,315,404,416,438,0,20,20,33,33,65,12,12,62,62,20,33,58,58,58],"floor_reached":33,"playtime":966,"items_purged":[],"score":570,"play_id":"69b5356a-ca58-4ccf-a2da-a3eeee0b55b0","local_time":"20190413204536","is_ascension_mode":true,"campfire_choices":[{"data":"Perfected Strike","floor":6,"key":"SMITH"},{"data":"Bash","floor":10,"key":"SMITH"},{"data":"Wild Strike","floor":13,"key":"SMITH"},{"data":"Clothesline","floor":15,"key":"SMITH"},{"floor":23,"key":"REST"},{"floor":28,"key":"REST"},{"floor":32,"key":"REST"}],"neow_cost":"TEN_PERCENT_HP_LOSS","seed_source_timestamp":180734285434006,"circlet_count":0,"master_deck":["AscendersBane","Strike_R","Strike_R","Strike_R","Strike_R","Strike_R","Defend_R","Defend_R","Bash+1","Twin Strike","Twin Strike","Perfected Strike+1","Wild Strike+1","Offering","Shrug It Off","Clothesline+1","Brutality","Feel No Pain+1","Evolve","True Grit+1","Shrug It Off","Rupture","Perfected Strike","Inflame"],"relics":["Burning Blood","Ice Cream","MawBank","Red Skull","FaceOfCleric","Runic Dome","Matryoshka","Bag of Marbles","Bottled Lightning","Juzu Bracelet","Darkstone Periapt","Toxic Egg 2"],"potions_floor_usage":[7,16,18,24,31,31,33],"damage_taken":[{"damage":2,"enemies":"2 Louse","floor":1,"turns":4},{"damage":7,"enemies":"Jaw Worm","floor":3,"turns":3},{"damage":1,"enemies":"Cultist","floor":4,"turns":3},{"damage":0,"enemies":"2 Fungi Beasts","floor":7,"turns":2},{"damage":8,"enemies":"Gremlin Nob","floor":8,"turns":3},{"damage":22,"enemies":"Lots of Slimes","floor":12,"turns":4},{"damage":11,"enemies":"Exordium Thugs","floor":14,"turns":3},{"damage":36,"enemies":"Hexaghost","floor":16,"turns":5},{"damage":6,"enemies":"Chosen","floor":18,"turns":2},{"damage":26,"enemies":"2 Thieves","floor":20,"turns":4},{"damage":26,"enemies":"Centurion and Healer","floor":22,"turns":4},{"damage":47,"enemies":"Book of Stabbing","floor":24,"turns":4},{"damage":6,"enemies":"Shelled Parasite and Fungi","floor":30,"turns":1},{"damage":23,"enemies":"Gremlin Leader","floor":31,"turns":5},{"damage":63,"enemies":"Champ","floor":33,"turns":7}],"seed_played":"4110321362860648199","potions_obtained":[{"floor":3,"key":"SkillPotion"},{"floor":4,"key":"PowerPotion"},{"floor":14,"key":"FearPotion"},{"floor":20,"key":"Poison Potion"},{"floor":24,"key":"Poison Potion"},{"floor":31,"key":"PowerPotion"}],"is_trial":false,"path_per_floor":["M","?","M","M","?","R","M","E","T","R","?","M","R","M","R","B",null,"M","$","M","?","M","R","E","$","T","?","R","$","M","E","R","B"],"character_chosen":"IRONCLAD","items_purchased":["Matryoshka","Bag of Marbles","Poison Potion","Rupture"],"campfire_rested":3,"item_purchase_floors":[19,19,25,29],"current_hp_per_floor":[68,73,72,73,73,73,73,71,71,71,71,56,56,52,52,23,63,64,64,45,45,26,49,9,9,9,9,33,33,34,18,42,0],"gold":58,"neow_bonus":"ONE_RARE_RELIC","is_prod":false,"is_daily":false,"chose_seed":false,"campfire_upgraded":4,"win_rate":0,"timestamp":1555202736,"path_taken":["M","?","M","M","?","R","?","E","T","R","?","M","R","M","R","BOSS","M","?","?","?","M","R","E","?","T","?","R","$","M","E","R","BOSS"],"build_version":"2019-01-23","purchased_purges":0,"victory":false,"max_hp_per_floor":[68,73,73,73,73,73,73,73,73,73,73,74,74,75,75,76,76,77,77,78,78,79,79,80,80,80,80,80,80,81,82,82,82],"card_choices":[{"not_picked":["Intimidate","Thunderclap"],"picked":"Twin Strike","floor":1},{"not_picked":["Havoc","Heavy Blade"],"picked":"Twin Strike","floor":3},{"not_picked":["Spot Weakness","Thunderclap"],"picked":"Perfected Strike","floor":4},{"not_picked":["True Grit","Searing Blow"],"picked":"Wild Strike","floor":7},{"not_picked":["Iron Wave","Uppercut"],"picked":"Offering","floor":8},{"not_picked":["Sword Boomerang","Flex"],"picked":"Shrug It Off","floor":12},{"not_picked":["Armaments","Burning Pact"],"picked":"Clothesline","floor":14},{"not_picked":["Impervious","Juggernaut"],"picked":"Brutality","floor":16},{"not_picked":["Flex","Anger","Infernal Blade"],"picked":"SKIP","floor":18},{"not_picked":["Shrug It Off+1","Intimidate"],"picked":"Feel No Pain+1","floor":20},{"not_picked":["Clothesline","Seeing Red"],"picked":"True Grit+1","floor":22},{"not_picked":["Clash","Sentinel"],"picked":"Shrug It Off","floor":24},{"not_picked":["Wild Strike","Heavy Blade"],"picked":"Perfected Strike","floor":30},{"not_picked":["Rampage+1","Heavy Blade"],"picked":"Inflame","floor":31}],"player_experience":1840288,"relics_obtained":[{"floor":8,"key":"MawBank"},{"floor":9,"key":"Red Skull"},{"floor":24,"key":"Bottled Lightning"},{"floor":26,"key":"Juzu Bracelet"},{"floor":26,"key":"Darkstone Periapt"},{"floor":31,"key":"Toxic Egg 2"}],"event_choices":[{"damage_healed":0,"gold_gain":0,"player_choice":"Donut","damage_taken":0,"max_hp_gain":5,"max_hp_loss":0,"event_name":"Big Fish","floor":2,"gold_loss":0},{"cards_removed":["Defend_R"],"damage_healed":0,"gold_gain":0,"player_choice":"Offered Basic","damage_taken":0,"max_hp_gain":0,"max_hp_loss":0,"event_name":"Bonfire Elementals","floor":5,"gold_loss":0},{"damage_healed":0,"gold_gain":0,"player_choice":"Trade","damage_taken":0,"relics_obtained":["FaceOfCleric"],"max_hp_gain":0,"max_hp_loss":0,"event_name":"FaceTrader","floor":11,"gold_loss":0},{"damage_healed":0,"gold_gain":0,"cards_transformed":["Defend_R"],"player_choice":"Transformed","damage_taken":0,"max_hp_gain":0,"max_hp_loss":0,"event_name":"Transmorgrifier","floor":21,"gold_loss":0,"cards_obtained":["Evolve"]},{"damage_healed":0,"gold_gain":50,"player_choice":"Stole From Cult","damage_taken":0,"max_hp_gain":0,"max_hp_loss":0,"event_name":"Nest","floor":27,"gold_loss":0}],"is_beta":false,"boss_relics":[{"not_picked":["Lizard Tail","Velvet Choker"],"picked":"Runic Dome"}],"items_purged_floors":[],"is_endless":false,"potions_floor_spawned":[3,4,14,20,24,31],"killed_by":"Champ","ascension_level":20}