{"gold_per_floor":[117,117,80,90,101,136,136,150,150,150,181,181,131,131,131,231,231,247,247,62,82,7,7,19,53,126,159,169,169,187,201,201,201],"floor_reached":33,"playtime":3643,"items_purged":["Pain"],"score":339,"play_id":"4905a9e6-f2d4-4571-be7e-c23a39df2131","local_time":"20190419145328","is_ascension_mode":true,"campfire_choices":[{"data":"Uppercut","floor":7,"key":"SMITH"},{"data":"Infernal Blade","floor":10,"key":"SMITH"},{"data":"True Grit","floor":12,"key":"SMITH"},{"floor":15,"key":"RECALL"},{"data":"Magnetism","floor":23,"key":"SMITH"},{"floor":32,"key":"REST"}],"neow_cost":"NONE","seed_source_timestamp":677938888018665,"circlet_count":0,"master_deck":["Strike_R","Strike_R","Strike_R","Strike_R","Defend_R","Defend_R","Defend_R","Defend_R","Bash","Finesse","True Grit+1","Uppercut+1","Carnage","Headbutt","Infernal Blade+1","Warcry","Shrug It Off+1","Offering+1","Armaments+1","Ghostly Armor+1","Ghostly Armor+1","Cleave","Headbutt","Power Through+1","Magnetism+1","Burning Pact+1","Flame Barrier+1","Feed","True Grit+1","Battle Trance+1","Inflame+1","Flame Barrier+1"],"relics":["Burning Blood","Champion Belt","Matryoshka","Pantograph","Letter Opener","Toxic Egg 2","Orrery","WarpedTongs","Blue Candle","Kunai","Dream Catcher"],"potions_floor_usage":[31],"damage_taken":[{"damage":0,"enemies":"Jaw Worm","floor":1,"turns":4},{"damage":0,"enemies":"Cultist","floor":4,"turns":3},{"damage":1,"enemies":"2 Louse","floor":5,"turns":3},{"damage":31,"enemies":"Lagavulin","floor":6,"turns":8},{"damage":10,"enemies":"Red Slaver","floor":8,"turns":4},{"damage":16,"enemies":"3 Sentries","floor":11,"turns":7},{"damage":32,"enemies":"The Guardian","floor":16,"turns":14},{"damage":10,"enemies":"Spheric Guardian","floor":18,"turns":5},{"damage":8,"enemies":"3 Byrds","floor":21,"turns":4},{"damage":7,"enemies":"Snake Plant","floor":24,"turns":4},{"damage":29,"enemies":"Slavers","floor":25,"turns":6},{"damage":9,"enemies":"Book of Stabbing","floor":27,"turns":7},{"damage":17,"enemies":"3 Cultists","floor":28,"turns":6},{"damage":21,"enemies":"Cultist and Chosen","floor":30,"turns":8},{"damage":22,"enemies":"Snecko","floor":31,"turns":7},{"damage":61,"enemies":"Automaton","floor":33,"turns":10}],"seed_played":"-8171060179369235528","potions_obtained":[{"floor":1,"key":"Dexterity Potion"},{"floor":18,"key":"SteroidPotion"},{"floor":28,"key":"PowerPotion"},{"floor":31,"key":"Ancient Potion"}],"is_trial":false,"path_per_floor":["M","?","$","M","M","E","R","M","T","R","E","R","?","$","R","B",null,"M","?","$","M","$","R","M","E","T","E","M","?","M","M","R","B"],"character_chosen":"IRONCLAD","items_purchased":["Uppercut","Magnetism"],"campfire_rested":1,"item_purchase_floors":[3,20],"current_hp_per_floor":[80,80,80,80,80,55,55,51,51,51,41,41,41,41,41,40,80,76,76,76,74,74,74,73,50,50,47,40,40,25,9,34,0],"gold":201,"neow_bonus":"RANDOM_COLORLESS","is_prod":false,"is_daily":false,"chose_seed":false,"campfire_upgraded":4,"win_rate":0,"timestamp":1555682008,"path_taken":["M","?","?","M","?","E","R","M","T","R","E","R","?","$","R","BOSS","M","?","$","?","?","R","M","E","T","E","M","?","M","M","R","BOSS"],"build_version":"2019-01-23","purchased_purges":1,"victory":false,"max_hp_per_floor":[80,80,80,80,80,80,80,80,80,80,80,80,80,80,80,80,80,80,80,80,80,80,80,80,80,80,80,84,84,84,84,84,84],"card_choices":[{"not_picked":["Havoc","Heavy Blade"],"picked":"True Grit","floor":1},{"not_picked":["Pummel","Whirlwind"],"picked":"Carnage","floor":4},{"not_picked":["Clash","Anger"],"picked":"Headbutt","floor":5},{"not_picked":["Clash","Twin Strike"],"picked":"Infernal Blade","floor":6},{"not_picked":["Sword Boomerang","Clash"],"picked":"Warcry","floor":8},{"not_picked":["Twin Strike","Double Tap"],"picked":"Shrug It Off","floor":11},{"not_picked":["Fiend Fire","Limit Break+1"],"picked":"Offering+1","floor":16},{"not_picked":["Cleave","Whirlwind"],"picked":"Armaments+1","floor":17},{"not_picked":["Flex+1","Armaments+1"],"picked":"Ghostly Armor+1","floor":17},{"not_picked":["Iron Wave","Uppercut"],"picked":"Ghostly Armor+1","floor":17},{"not_picked":["Wild Strike","Pommel Strike"],"picked":"Cleave","floor":17},{"not_picked":["Anger","Clothesline"],"picked":"Headbutt","floor":17},{"not_picked":["Wild Strike","Perfected Strike"],"picked":"Power Through+1","floor":18},{"not_picked":["Brutality","Headbutt","Rupture"],"picked":"SKIP","floor":21},{"not_picked":["Seeing Red+1","Dropkick"],"picked":"Burning Pact+1","floor":24},{"not_picked":["Evolve+1","Searing Blow"],"picked":"Flame Barrier+1","floor":25},{"not_picked":["Rampage","Combust+1"],"picked":"Feed","floor":27},{"not_picked":["Armaments+1","Sword Boomerang"],"picked":"True Grit+1","floor":28},{"not_picked":["Pommel Strike","Headbutt+1"],"picked":"Battle Trance+1","floor":30},{"not_picked":["Wild Strike","Armaments+1"],"picked":"Inflame+1","floor":31},{"not_picked":["Warcry+1","Disarm+1"],"picked":"Flame Barrier+1","floor":32}],"player_experience":154783,"relics_obtained":[{"floor":6,"key":"Matryoshka"},{"floor":9,"key":"Pantograph"},{"floor":9,"key":"Letter Opener"},{"floor":11,"key":"Toxic Egg 2"},{"floor":25,"key":"Blue Candle"},{"floor":26,"key":"Kunai"},{"floor":27,"key":"Dream Catcher"}],"event_choices":[{"damage_healed":0,"gold_gain":0,"player_choice":"Gave Potion","damage_taken":0,"relics_obtained":["Champion Belt"],"max_hp_gain":0,"max_hp_loss":0,"event_name":"WeMeetAgain","floor":2,"gold_loss":0},{"cards_removed":["Strike_R"],"damage_healed":0,"gold_gain":0,"player_choice":"Card Removal","damage_taken":0,"max_hp_gain":0,"max_hp_loss":0,"event_name":"The Cleric","floor":13,"gold_loss":50},{"damage_healed":0,"gold_gain":0,"player_choice":"Rummage","damage_taken":0,"relics_obtained":["WarpedTongs"],"max_hp_gain":0,"max_hp_loss":0,"event_name":"Accursed Blacksmith","floor":19,"gold_loss":0,"cards_obtained":["Pain"]},{"damage_healed":0,"gold_gain":0,"player_choice":"Ignored","damage_taken":0,"max_hp_gain":0,"max_hp_loss":0,"event_name":"Ghosts","floor":29,"gold_loss":0}],"is_beta":false,"boss_relics":[{"not_picked":["Calling Bell","Lizard Tail"],"picked":"Orrery"}],"items_purged_floors":[22],"is_endless":false,"potions_floor_spawned":[1,18,28,31],"killed_by":"Automaton","ascension_level":3}