{"gold_per_floor":[112,112,64,64,75,75,0,26,52,80,80,7,26,37,37,112,112,128,142,21,21],"floor_reached":21,"playtime":542,"items_purged":["Writhe"],"score":371,"play_id":"ad0b1b08-65f3-4c24-8c78-f0f032be8336","local_time":"20190316213430","is_ascension_mode":true,"campfire_choices":[{"data":"Carnage","floor":6,"key":"SMITH"},{"data":"Bash","floor":11,"key":"SMITH"},{"data":"Limit Break","floor":15,"key":"SMITH"}],"neow_cost":"NONE","seed_source_timestamp":296633871348011,"circlet_count":0,"master_deck":["AscendersBane","Strike_R","Strike_R","Strike_R","Defend_R","Defend_R","Defend_R","Defend_R","Bash+1","Carnage+1","Shrug It Off","Headbutt","Limit Break+1","Inflame","Shrug It Off","Feed","Doubt","Clumsy","Sword Boomerang","Battle Trance"],"relics":["Burning Blood","Art of War","Orichalcum","Smiling Mask","Lantern","Calling Bell","Omamori","Gremlin Horn","Incense Burner"],"potions_floor_usage":[16,19],"damage_taken":[{"damage":6,"enemies":"Cultist","floor":1,"turns":4},{"damage":1,"enemies":"2 Louse","floor":5,"turns":3},{"damage":32,"enemies":"3 Sentries","floor":8,"turns":7},{"damage":10,"enemies":"Gremlin Nob","floor":10,"turns":3},{"damage":6,"enemies":"Jaw Worm","floor":13,"turns":2},{"damage":0,"enemies":"2 Fungi Beasts","floor":14,"turns":4},{"damage":7,"enemies":"The Guardian","floor":16,"turns":9},{"damage":31,"enemies":"Spheric Guardian","floor":18,"turns":7},{"damage":31,"enemies":"Chosen","floor":19,"turns":6},{"damage":22,"enemies":"Shelled Parasite and Fungi","floor":21,"turns":4}],"seed_played":"-4377397125725407140","potions_obtained":[{"floor":8,"key":"AttackPotion"},{"floor":10,"key":"Ancient Potion"}],"is_trial":false,"path_per_floor":["M","?","$","?","M","R","?","E","T","E","R","$","M","M","R","B",null,"M","M","$","M"],"character_chosen":"IRONCLAD","items_purchased":["Shrug It Off","Inflame","Battle Trance"],"campfire_rested":0,"item_purchase_floors":[3,12,20],"current_hp_per_floor":[75,75,75,70,75,75,75,49,49,45,45,45,45,51,51,50,74,49,24,24,2],"gold":21,"neow_bonus":"TEN_PERCENT_HP_BONUS","is_prod":false,"is_daily":false,"chose_seed":false,"campfire_upgraded":3,"win_rate":0,"timestamp":1552786470,"path_taken":["M","?","$","?","M","R","?","E","T","E","R","$","?","M","R","BOSS","M","M","$","M"],"build_version":"2019-03-15","purchased_purges":1,"victory":false,"max_hp_per_floor":[82,82,82,82,82,82,82,82,82,82,82,82,82,82,82,82,82,82,82,82,82],"card_choices":[{"not_picked":["Heavy Blade","Power Through"],"picked":"Carnage","floor":1},{"not_picked":["Iron Wave","Burning Pact"],"picked":"Headbutt","floor":5},{"not_picked":["Burning Pact","Corruption","Sword Boomerang"],"picked":"SKIP","floor":8},{"not_picked":["Uppercut","Intimidate"],"picked":"Limit Break","floor":10},{"not_picked":["Perfected Strike","Ghostly Armor"],"picked":"Shrug It Off","floor":13},{"not_picked":["Dropkick","Armaments","Clothesline"],"picked":"SKIP","floor":14},{"not_picked":["Immolate","Barricade"],"picked":"Feed","floor":16},{"not_picked":["Heavy Blade","Cleave"],"picked":"Sword Boomerang","floor":18},{"not_picked":["Flex","Rage","Searing Blow"],"picked":"SKIP","floor":19}],"player_experience":2206300,"relics_obtained":[{"floor":8,"key":"Orichalcum"},{"floor":9,"key":"Smiling Mask"},{"floor":10,"key":"Lantern"},{"floor":17,"key":"Omamori"},{"floor":17,"key":"Gremlin Horn"},{"floor":17,"key":"Incense Burner"}],"event_choices":[{"cards_removed":["Strike_R"],"damage_healed":0,"gold_gain":0,"player_choice":"Forget","damage_taken":0,"max_hp_gain":0,"max_hp_loss":0,"event_name":"Living Wall","floor":2,"gold_loss":0},{"damage_healed":0,"gold_gain":0,"player_choice":"Success","damage_taken":5,"relics_obtained":["Art of War"],"max_hp_gain":0,"max_hp_loss":0,"event_name":"Scrap Ooze","floor":4,"gold_loss":0},{"cards_removed":["Strike_R"],"damage_healed":0,"gold_gain":0,"player_choice":"Card Removal","damage_taken":0,"max_hp_gain":0,"max_hp_loss":0,"event_name":"The Cleric","floor":7,"gold_loss":75}],"is_beta":true,"boss_relics":[{"not_picked":["Busted Crown","Orrery"],"picked":"Calling Bell"}],"items_purged_floors":[20],"is_endless":false,"potions_floor_spawned":[8,10,13,14],"killed_by":"Shelled Parasite and Fungi","ascension_level":15}