{"gold_per_floor":[113,125,137,187,147,147,165,165,211,211,229,247,264,276,276,352,352,367,367,367],"floor_reached":20,"playtime":713,"items_purged":[],"score":336,"play_id":"0930ef28-5c56-44b0-8e63-37425cd5eadb","local_time":"20190225183235","is_ascension_mode":true,"campfire_choices":[{"data":"Bullet Time","floor":6,"key":"SMITH"},{"floor":8,"key":"REST"},{"data":"Neutralize","floor":10,"key":"SMITH"},{"floor":15,"key":"REST"}],"neow_cost":"PERCENT_DAMAGE","seed_source_timestamp":88019724511128,"circlet_count":0,"master_deck":["AscendersBane","Defend_G","Defend_G","Defend_G","Defend_G","Defend_G","Strike_G","Strike_G","Strike_G","Strike_G","Strike_G","Survivor","Neutralize+1","Bullet Time+1","Infinite Blades","Quick Slash","Well Laid Plans","Deadly Poison","Poisoned Stab","Infinite Blades","Infinite Blades","Blur","Noxious Fumes","Die Die Die","Cloak And Dagger"],"relics":["Ring of the Snake","Potion Belt","Runic Pyramid"],"potions_floor_usage":[7,13,16,16],"damage_taken":[{"damage":1,"enemies":"Cultist","floor":1,"turns":4},{"damage":11,"enemies":"Small Slimes","floor":2,"turns":4},{"damage":11,"enemies":"Jaw Worm","floor":3,"turns":5},{"damage":0,"enemies":"Looter","floor":5,"turns":4},{"damage":4,"enemies":"2 Fungi Beasts","floor":7,"turns":4},{"damage":14,"enemies":"Red Slaver","floor":11,"turns":4},{"damage":11,"enemies":"Blue Slaver","floor":12,"turns":4},{"damage":8,"enemies":"Large Slime","floor":13,"turns":4},{"damage":2,"enemies":"Lots of Slimes","floor":14,"turns":5},{"damage":3,"enemies":"Hexaghost","floor":16,"turns":8},{"damage":32,"enemies":"2 Thieves","floor":18,"turns":5},{"damage":23,"enemies":"Shell Parasite","floor":20,"turns":2}],"seed_played":"4396465249256221099","potions_obtained":[{"floor":1,"key":"PowerPotion"},{"floor":2,"key":"Block Potion"},{"floor":11,"key":"SkillPotion"},{"floor":14,"key":"LiquidBronze"}],"is_trial":false,"path_per_floor":["M","M","M","?","M","R","M","R","T","R","M","M","M","M","R","B",null,"M","?","M"],"character_chosen":"THE_SILENT","items_purchased":[],"campfire_rested":2,"item_purchase_floors":[],"current_hp_per_floor":[43,32,21,21,21,21,17,36,36,36,22,11,3,1,20,17,54,22,22,0],"gold":367,"neow_bonus":"THREE_RARE_CARDS","is_prod":false,"is_daily":false,"chose_seed":false,"campfire_upgraded":2,"win_rate":0,"timestamp":1551144755,"path_taken":["M","M","?","?","M","R","?","R","T","R","M","M","M","M","R","BOSS","M","?","M"],"build_version":"2019-02-06","purchased_purges":0,"victory":false,"max_hp_per_floor":[66,66,66,66,66,66,66,66,66,66,66,66,66,66,66,66,66,66,66,66],"card_choices":[{"not_picked":["Doppelganger","Venomology"],"picked":"Bullet Time","floor":0},{"not_picked":["Escape Plan","Sucker Punch"],"picked":"Infinite Blades","floor":1},{"not_picked":["Bane","Deflect"],"picked":"Quick Slash","floor":2},{"not_picked":["Bane","Sucker Punch"],"picked":"Well Laid Plans","floor":3},{"not_picked":["Distraction","Acrobatics"],"picked":"Deadly Poison","floor":5},{"not_picked":["Blade Dance","Backflip"],"picked":"Poisoned Stab","floor":7},{"not_picked":["Endless Agony","Deadly Poison"],"picked":"Infinite Blades","floor":11},{"not_picked":["Acrobatics","Underhanded Strike"],"picked":"Infinite Blades","floor":12},{"not_picked":["Infinite Blades","Choke"],"picked":"Blur","floor":13},{"not_picked":["Dagger Throw","Masterful Stab"],"picked":"Noxious Fumes","floor":14},{"not_picked":["Storm of Steel","Unload"],"picked":"Die Die Die","floor":16},{"not_picked":["Quick Slash","All Out Attack+1","Deadly Poison"],"picked":"SKIP","floor":18}],"player_experience":1130085,"relics_obtained":[{"floor":9,"key":"Potion Belt"}],"event_choices":[{"damage_healed":0,"gold_gain":50,"player_choice":"Pray","damage_taken":0,"max_hp_gain":0,"max_hp_loss":0,"event_name":"Golden Shrine","floor":4,"gold_loss":0},{"damage_healed":0,"gold_gain":0,"player_choice":"Read","damage_taken":0,"max_hp_gain":0,"max_hp_loss":0,"event_name":"The Library","floor":19,"gold_loss":0,"cards_obtained":["Cloak And Dagger"]}],"is_beta":true,"boss_relics":[{"not_picked":["HoveringKite","Velvet Choker"],"picked":"Runic Pyramid"}],"items_purged_floors":[],"is_endless":false,"potions_floor_spawned":[1,2,3,11,14],"killed_by":"Shell Parasite","ascension_level":20}