{"gold_per_floor":[116,116,41,52,52,52,67,67,67,93,93,111,186,198,198,198],"floor_reached":16,"playtime":610,"items_purged":[],"score":200,"play_id":"0d73adf7-ec84-46a4-9c85-77d0901804fe","local_time":"20190423222936","is_ascension_mode":true,"campfire_choices":[{"data":"Riddle With Holes","floor":6,"key":"SMITH"},{"data":"Cloak And Dagger","floor":8,"key":"SMITH"},{"floor":11,"key":"REST"},{"data":"A Thousand Cuts","floor":15,"key":"SMITH"}],"neow_cost":"NONE","seed_source_timestamp":102524809176251,"circlet_count":0,"master_deck":["AscendersBane","Defend_G","Defend_G","Defend_G","Defend_G","Defend_G","Strike_G","Strike_G","Strike_G","Strike_G","Survivor","Neutralize+1","Riddle With Holes+1","PiercingWail","Cloak And Dagger+1","Predator","Leg Sweep","A Thousand Cuts+1"],"relics":["Ring of the Snake","Kunai"],"potions_floor_usage":[14],"damage_taken":[{"damage":0,"enemies":"2 Louse","floor":1,"turns":4},{"damage":0,"enemies":"Jaw Worm","floor":4,"turns":4},{"damage":4,"enemies":"Small Slimes","floor":7,"turns":5},{"damage":46,"enemies":"Lagavulin","floor":10,"turns":8},{"damage":9,"enemies":"Blue Slaver","floor":12,"turns":4},{"damage":1,"enemies":"Large Slime","floor":14,"turns":4},{"damage":18,"enemies":"Hexaghost","floor":16,"turns":14}],"seed_played":"2197853202206616152","potions_obtained":[{"floor":12,"key":"Energy Potion"}],"is_trial":false,"path_per_floor":["M","?","?","M","$","R","M","R","T","E","R","M","?","M","R","B"],"character_chosen":"THE_SILENT","items_purchased":[],"campfire_rested":1,"item_purchase_floors":[],"current_hp_per_floor":[65,65,65,65,65,65,61,61,61,15,36,27,16,15,15,0],"gold":198,"neow_bonus":"TEN_PERCENT_HP_BONUS","is_prod":false,"is_daily":false,"chose_seed":false,"campfire_upgraded":3,"win_rate":0,"timestamp":1556072976,"path_taken":["M","?","?","M","?","R","M","R","T","E","R","M","?","?","R","BOSS"],"build_version":"2019-01-23","purchased_purges":0,"victory":false,"max_hp_per_floor":[72,72,72,72,72,72,72,72,72,72,72,72,72,72,72,72],"card_choices":[{"not_picked":["Outmaneuver","Blade Dance"],"picked":"Riddle With Holes","floor":1},{"not_picked":["Reflex","Flying Knee"],"picked":"PiercingWail","floor":4},{"not_picked":["Flying Knee","Tactician"],"picked":"Cloak And Dagger","floor":7},{"not_picked":["All Out Attack","Underhanded Strike"],"picked":"Predator","floor":10},{"not_picked":["Reflex","All Out Attack"],"picked":"Leg Sweep","floor":12},{"not_picked":["Predator","Terror"],"picked":"A Thousand Cuts","floor":14}],"player_experience":1896698,"relics_obtained":[{"floor":10,"key":"Kunai"}],"event_choices":[{"damage_healed":0,"gold_gain":0,"player_choice":"Grow","damage_taken":0,"max_hp_gain":0,"max_hp_loss":0,"event_name":"Living Wall","floor":2,"gold_loss":0,"cards_upgraded":["Neutralize"]},{"cards_removed":["Strike_G"],"damage_healed":0,"gold_gain":0,"player_choice":"Card Removal","damage_taken":0,"max_hp_gain":0,"max_hp_loss":0,"event_name":"The Cleric","floor":3,"gold_loss":75},{"damage_healed":0,"gold_gain":75,"player_choice":"Gather Gold","damage_taken":11,"max_hp_gain":0,"max_hp_loss":0,"event_name":"World of Goop","floor":13,"gold_loss":0}],"is_beta":false,"boss_relics":[],"items_purged_floors":[],"is_endless":false,"potions_floor_spawned":[12],"killed_by":"Hexaghost","ascension_level":20}