{"gold_per_floor":[369,50,68,68,68,68,68,68,68,93,112,128,128,141,141,212,212,223,36,36,55,55,55,90,90,140,165,215,215,229,246,246,319,319,334,55,72,84,98,98,98],"floor_reached":41,"playtime":1620,"items_purged":["Strike_G","Strike_G"],"score":901,"play_id":"43243169-87fb-4ab7-a3ec-b853124c00b9","local_time":"20180817102635","is_ascension_mode":true,"campfire_choices":[{"data":"Neutralize","floor":6.0,"key":"SMITH"},{"data":"Glass Knife","floor":8.0,"key":"SMITH"},{"data":"Footwork","floor":13.0,"key":"SMITH"},{"data":"Cloak And Dagger","floor":15.0,"key":"SMITH"},{"floor":23.0,"key":"REST"},{"floor":25.0,"key":"REST"},{"data":"Ghostly","floor":32.0,"key":"SMITH"},{"floor":40.0,"key":"REST"}],"neow_cost":"TEN_PERCENT_HP_LOSS","seed_source_timestamp":173904286052116,"circlet_count":0,"master_deck":["Defend_G+1","Defend_G+1","Defend_G+1","Defend_G+1","Defend_G+1","Strike_G+1","Survivor","Neutralize+1","AscendersBane","Poisoned Stab","Glass Knife+1","Infinite Blades","Cloak And Dagger+1","Dodge and Roll","Well Laid Plans","Footwork+1","After Image","Noxious Fumes","Dagger Throw+1","PiercingWail","Ghostly","Ghostly+1","Ghostly","Ghostly","Ghostly","Leg Sweep","Adrenaline","Deflect","Malaise","Crippling Poison"],"special_seed":0,"relics":["Ring of the Snake","Unceasing Top","Nunchaku","Girya","Busted Crown","Shuriken","Snake Skull","Lantern","Empty Cage"],"potions_floor_usage":[],"damage_taken":[{"damage":1.0,"enemies":"Cultist","floor":1.0,"turns":5.0},{"damage":4.0,"enemies":"Small Slimes","floor":3.0,"turns":4.0},{"damage":6.0,"enemies":"Gremlin Nob","floor":10.0,"turns":3.0},{"damage":0.0,"enemies":"Jaw Worm","floor":11.0,"turns":3.0},{"damage":1.0,"enemies":"Blue Slaver","floor":12.0,"turns":3.0},{"damage":1.0,"enemies":"Large Slime","floor":14.0,"turns":4.0},{"damage":30.0,"enemies":"Slime Boss","floor":16.0,"turns":15.0},{"damage":21.0,"enemies":"2 Thieves","floor":18.0,"turns":5.0},{"damage":0.0,"enemies":"Spheric Guardian","floor":21.0,"turns":4.0},{"damage":23.0,"enemies":"Slavers","floor":24.0,"turns":9.0},{"damage":2.0,"enemies":"Centurion and Healer","floor":30.0,"turns":6.0},{"damage":7.0,"enemies":"3 Cultists","floor":31.0,"turns":7.0},{"damage":0.0,"enemies":"Champ","floor":33.0,"turns":14.0},{"damage":1.0,"enemies":"3 Darklings","floor":35.0,"turns":6.0},{"damage":7.0,"enemies":"Flame Bruiser 1 Orb","floor":37.0,"turns":8.0},{"damage":4.0,"enemies":"Jaw Worm Horde","floor":38.0,"turns":6.0},{"damage":9.0,"enemies":"3 Darklings","floor":39.0,"turns":7.0},{"damage":28,"enemies":"Giant Head","floor":41,"turns":11}],"seed_played":"-3912910763064222828","potions_obtained":[{"floor":1.0,"key":"AttackPotion"},{"floor":10.0,"key":"GamblersBrew"},{"floor":11.0,"key":"EssenceOfSteel"},{"floor":12.0,"key":"Dexterity Potion"},{"floor":16.0,"key":"AttackPotion"},{"floor":18.0,"key":"EssenceOfSteel"},{"floor":30.0,"key":"Energy Potion"},{"floor":31.0,"key":"EntropicBrew"},{"floor":37.0,"key":"GhostInAJar"},{"floor":38.0,"key":"FairyPotion"}],"is_trial":false,"path_per_floor":["M","$","M","?","?","R","T","R","T","E","M","M","R","M","R","B",null,"M","$","?","M","$","R","E","R","T","T","?","?","M","M","R","B",null,"M","$","M","M","M","R"],"character_chosen":"THE_SILENT","items_purchased":["Glass Knife","Infinite Blades","Noxious Fumes","Malaise","Crippling Poison"],"campfire_rested":3,"item_purchase_floors":[2,2,19,36,36],"current_hp_per_floor":[58,58,54,54,54,54,54,54,54,48,48,47,47,46,46,16,49,28,28,28,28,28,46,23,41,41,41,41,30,28,21,21,21,28,27,27,20,16,7,16,0],"gold":98,"neow_bonus":"TWO_FIFTY_GOLD","is_prod":false,"is_daily":false,"chose_seed":false,"campfire_upgraded":5,"win_rate":0,"timestamp":1534526795,"path_taken":["M","?","M","?","?","R","?","R","T","E","M","?","R","M","R","BOSS","M","$","?","M","?","R","E","R","T","?","?","?","?","M","R","BOSS","M","$","M","M","M","R","E"],"build_version":"2018-08-16","purchased_purges":2,"victory":false,"max_hp_per_floor":[60,60,60,60,60,60,60,60,60,60,60,60,60,60,60,60,60,60,60,60,60,60,60,60,60,60,60,60,30,30,30,30,30,30,30,30,30,30,30,30,30],"card_choices":[{"not_picked":["Setup","Deadly Poison"],"picked":"Poisoned Stab","floor":1.0},{"not_picked":["Deflect","Dagger Spray"],"picked":"Cloak And Dagger","floor":3.0},{"not_picked":["Flying Knee","Concentrate"],"picked":"Dodge and Roll","floor":10.0},{"not_picked":["All Out Attack","Deflect"],"picked":"Well Laid Plans","floor":11.0},{"not_picked":["Backflip","Blur"],"picked":"Footwork","floor":12.0},{"not_picked":["Heel Hook","Deflect","Poisoned Stab"],"picked":"SKIP","floor":14.0},{"not_picked":["Storm of Steel","Wraith Form v2"],"picked":"After Image","floor":16.0},{"not_picked":["Poisoned Stab"],"picked":"SKIP","floor":18.0},{"not_picked":[],"picked":"Dagger Throw+1","floor":21.0},{"not_picked":[],"picked":"PiercingWail","floor":24.0},{"not_picked":[],"picked":"Leg Sweep","floor":30.0},{"not_picked":["Reflex"],"picked":"SKIP","floor":31.0},{"not_picked":[],"picked":"Adrenaline","floor":33.0},{"not_picked":[],"picked":"Deflect","floor":35.0},{"not_picked":["Riddle With Holes"],"picked":"SKIP","floor":37.0},{"not_picked":["Blade Dance"],"picked":"SKIP","floor":38.0},{"not_picked":["Bane"],"picked":"SKIP","floor":39.0}],"player_experience":890489,"relics_obtained":[{"floor":7.0,"key":"Unceasing Top"},{"floor":9.0,"key":"Nunchaku"},{"floor":10.0,"key":"Girya"},{"floor":24.0,"key":"Shuriken"},{"floor":26.0,"key":"Snake Skull"},{"floor":27.0,"key":"Lantern"}],"event_choices":[{"event_name":"Shining Light","player_choice":"Ignored","floor":4.0,"damage_taken":0.0},{"event_name":"Liars Game","player_choice":"disagreed","floor":5.0,"damage_taken":0.0},{"event_name":"Back to Basics","player_choice":"Simplicity","floor":20.0,"damage_taken":0.0},{"event_name":"Nest","player_choice":"Stole From Cult","floor":28.0,"damage_taken":0.0},{"event_name":"Ghosts","player_choice":"Became a Ghost","floor":29.0,"damage_taken":0.0}],"is_beta":true,"boss_relics":[{"not_picked":["Astrolabe","Philosopher\u0027s Stone"],"picked":"Busted Crown"},{"not_picked":["Calling Bell","White Beast Statue"],"picked":"Empty Cage"}],"items_purged_floors":[2,19],"is_endless":false,"potions_floor_spawned":[1,10,11,12,16,18,30,31,37,38],"killed_by":"Giant Head","ascension_level":18}