{"gold_per_floor":[110,385,40,53,53,83,83,112,136,86,113,138,150,150,150,226,226,243,158,258,6,16,41,41,41,41,41,56,56,86,98,98,170,170,184,1183,1183,527,527,527,561,561,561,161,161,0,10,38,38,38,38,38,38,13,45,45],"floor_reached":56,"playtime":3683,"items_purged":["Regret","Writhe","Armaments+1"],"score":2131,"play_id":"6b60f927-76af-47cc-8712-c58e98c66e75","local_time":"20190504122503","is_ascension_mode":true,"campfire_choices":[{"data":"Uppercut","floor":7.0,"key":"SMITH"},{"data":"Bash","floor":15.0,"key":"SMITH"},{"floor":24.0,"key":"REST"},{"data":"Feel No Pain","floor":29.0,"key":"SMITH"},{"floor":32.0,"key":"RECALL"},{"data":"Pommel Strike","floor":40,"key":"SMITH"},{"data":"Wild Strike","floor":42,"key":"SMITH"},{"data":"Feel No Pain","floor":45,"key":"SMITH"},{"data":"Corruption","floor":49,"key":"SMITH"},{"data":"Reaper","floor":53,"key":"SMITH"}],"neow_cost":"NONE","seed_source_timestamp":1013541882177068,"circlet_count":0,"master_deck":["AscendersBane","Strike_R+1","Strike_R+1","Strike_R+1","Strike_R+1","Defend_R+1","Defend_R+1","Defend_R+1","Defend_R+1","Bash+1","Uppercut+1","Seeing Red+1","Perfected Strike+1","Battle Trance+1","Double Tap+1","Wild Strike+1","Warcry+1","Feel No Pain+1","Exhume+1","Power Through+1","Dark Shackles+1","Impervious+1","Entrench+1","True Grit+1","Corruption+1","Reaper+1","Burning Pact+1","True Grit+1","Shrug It Off+1","Pommel Strike+1","Whirlwind+1","Feel No Pain+1","Dark Shackles+1","Spot Weakness+1","Shrug It Off+1"],"special_seed":0,"relics":["Burning Blood","NeowsBlessing","Toxic Egg 2","Smiling Mask","Pen Nib","Odd Mushroom","Bottled Lightning","Sozu","Paper Frog","Mango","Pear","Omamori","Kunai","Mercury Hourglass","Juzu Bracelet","Philosopher\u0027s Stone","ClockworkSouvenir","Gremlin Horn","Happy Flower","Darkstone Periapt","Vajra","Red Mask","Pantograph","Bottled Flame"],"potions_floor_usage":[],"damage_taken":[{"damage":0.0,"enemies":"Small Slimes","floor":1.0,"turns":1.0},{"damage":0.0,"enemies":"Cultist","floor":4.0,"turns":1.0},{"damage":0.0,"enemies":"Gremlin Nob","floor":6.0,"turns":1.0},{"damage":25.0,"enemies":"3 Sentries","floor":8.0,"turns":9.0},{"damage":18.0,"enemies":"The Mushroom Lair","floor":11.0,"turns":4.0},{"damage":11.0,"enemies":"Lagavulin","floor":12.0,"turns":5.0},{"damage":0.0,"enemies":"Jaw Worm","floor":13.0,"turns":1.0},{"damage":0.0,"enemies":"Slime Boss","floor":16.0,"turns":4.0},{"damage":14.0,"enemies":"Shell Parasite","floor":18.0,"turns":5.0},{"damage":8.0,"enemies":"Colosseum Slavers","floor":20.0,"turns":3.0},{"damage":3.0,"enemies":"Colosseum Nobs","floor":20.0,"turns":3.0},{"damage":0.0,"enemies":"Chosen","floor":22.0,"turns":2.0},{"damage":67.0,"enemies":"Book of Stabbing","floor":23.0,"turns":7.0},{"damage":0.0,"enemies":"Sentry and Sphere","floor":28.0,"turns":1.0},{"damage":12.0,"enemies":"Gremlin Leader","floor":30.0,"turns":3.0},{"damage":0.0,"enemies":"Centurion and Healer","floor":31.0,"turns":7.0},{"damage":25.0,"enemies":"Champ","floor":33.0,"turns":17.0},{"damage":0,"enemies":"3 Darklings","floor":35,"turns":7},{"damage":2,"enemies":"Giant Head","floor":41,"turns":7},{"damage":0,"enemies":"3 Shapes","floor":47,"turns":3},{"damage":23,"enemies":"Reptomancer","floor":48,"turns":6},{"damage":24,"enemies":"Donu and Deca","floor":50,"turns":8},{"damage":15,"enemies":"Awakened One","floor":51,"turns":10},{"damage":17,"enemies":"Shield and Spear","floor":55,"turns":8},{"damage":100,"enemies":"The Heart","floor":56,"turns":5}],"seed_played":"7161825609252948645","potions_obtained":[{"floor":6.0,"key":"PowerPotion"},{"floor":11.0,"key":"BloodPotion"}],"is_trial":false,"path_per_floor":["M","?","$","M","?","E","R","E","T","$","?","E","M","?","R","B",null,"M","?","?","$","M","E","R","?","T","T","M","R","E","M","R","B",null,"M","?","?","$","?","R","E","R","T","$","R","?","M","E","R","B","B",null,"R","$","E","B"],"character_chosen":"IRONCLAD","items_purchased":["Toxic Egg 2","Armaments+1","Dark Shackles+1","Impervious+1","ClockworkSouvenir","True Grit+1","Shrug It Off+1","Gremlin Horn","Pommel Strike","Vajra","Feel No Pain","Dark Shackles+1","Shrug It Off+1"],"campfire_rested":1,"item_purchase_floors":[3,10,21,21,38,38,38,38,38,44,44,44,54],"current_hp_per_floor":[74,74,74,75,75,75,75,56,56,56,44,46,52,52,52,58,71,63,63,88,88,94,33,62,62,62,62,68,68,62,68,68,49,87,99,99,99,99,99,99,99,99,99,99,99,99,99,82,82,99,91,97,97,97,87,0],"gold":45,"neow_bonus":"THREE_ENEMY_KILL","is_prod":false,"is_daily":false,"chose_seed":false,"campfire_upgraded":8,"win_rate":0,"timestamp":1556987103,"path_taken":["M","?","$","?","?","E","R","E","T","?","?","E","M","?","R","BOSS","M","?","?","$","M","E","R","?","T","?","M","R","E","M","R","BOSS","M","?","?","$","?","R","E","R","T","$","R","?","M","E","R","BOSS","BOSS","R","$","E","BOSS"],"build_version":"2019-01-23","purchased_purges":3,"victory":false,"max_hp_per_floor":[75,75,75,75,75,75,75,75,75,75,75,75,75,75,75,75,75,75,75,99,99,99,99,99,99,99,99,99,99,99,99,99,99,99,99,99,99,99,99,99,99,99,99,99,99,99,99,99,99,99,99,99,99,99,99,99],"card_choices":[{"not_picked":["Anger","Flame Barrier"],"picked":"Uppercut","floor":1.0},{"not_picked":["Reckless Charge","Rage+1"],"picked":"Seeing Red+1","floor":4.0},{"not_picked":["Thunderclap","Clothesline"],"picked":"Battle Trance+1","floor":6.0},{"not_picked":["Second Wind+1","Perfected Strike"],"picked":"Double Tap+1","floor":8.0},{"not_picked":["Thunderclap","Ghostly Armor+1"],"picked":"Wild Strike","floor":11.0},{"not_picked":["Pummel","Corruption"],"picked":"Warcry+1","floor":12.0},{"not_picked":["Heavy Blade","Impervious+1"],"picked":"Feel No Pain","floor":13.0},{"not_picked":["Fiend Fire","Dark Embrace"],"picked":"Exhume+1","floor":16.0},{"not_picked":["Armaments+1","Searing Blow"],"picked":"Wild Strike+1","floor":18.0},{"not_picked":["Perfected Strike","Anger"],"picked":"Power Through+1","floor":20.0},{"not_picked":["Ghostly Armor+1","Wild Strike"],"picked":"Entrench+1","floor":22.0},{"not_picked":["Rage+1","Armaments+1"],"picked":"True Grit+1","floor":23.0},{"not_picked":["Perfected Strike","Combust"],"picked":"Corruption","floor":28.0},{"not_picked":["Armaments+1","Heavy Blade","Perfected Strike"],"picked":"SKIP","floor":30.0},{"not_picked":["Iron Wave","Anger","Wild Strike"],"picked":"SKIP","floor":31.0},{"not_picked":["Berserk","Brutality"],"picked":"Reaper","floor":33.0},{"not_picked":["Headbutt+1","Iron Wave+1"],"picked":"Burning Pact+1","floor":35},{"not_picked":["Rampage+1","Perfected Strike"],"picked":"Whirlwind+1","floor":41},{"not_picked":["Body Slam","Shrug It Off+1"],"picked":"Spot Weakness+1","floor":47},{"not_picked":["Ghostly Armor+1","Bloodletting+1","Clash"],"picked":"SKIP","floor":48},{"not_picked":["Combust+1","Cleave","Wild Strike"],"picked":"SKIP","floor":55}],"player_experience":2340402,"relics_obtained":[{"floor":6.0,"key":"Smiling Mask"},{"floor":8.0,"key":"Pen Nib"},{"floor":11.0,"key":"Odd Mushroom"},{"floor":12.0,"key":"Bottled Lightning"},{"floor":20.0,"key":"Mango"},{"floor":20.0,"key":"Pear"},{"floor":23.0,"key":"Omamori"},{"floor":26.0,"key":"Kunai"},{"floor":27.0,"key":"Mercury Hourglass"},{"floor":30.0,"key":"Juzu Bracelet"},{"floor":41,"key":"Happy Flower"},{"floor":43,"key":"Darkstone Periapt"},{"floor":48,"key":"Pantograph"},{"floor":55,"key":"Bottled Flame"}],"event_choices":[{"damage_healed":0.0,"max_hp_gain":0.0,"max_hp_loss":0.0,"gold_gain":275.0,"event_name":"Golden Shrine","player_choice":"Desecrate","floor":2.0,"gold_loss":0.0,"damage_taken":0.0,"cards_obtained":["Regret"]},{"damage_healed":0.0,"max_hp_gain":0.0,"max_hp_loss":0.0,"gold_gain":0.0,"cards_transformed":["Strike_R"],"event_name":"Transmorgrifier","player_choice":"Transformed","floor":5.0,"gold_loss":0.0,"damage_taken":0.0,"cards_obtained":["Perfected Strike"]},{"damage_healed":0.0,"max_hp_gain":0.0,"max_hp_loss":0.0,"gold_gain":0.0,"event_name":"Mushrooms","player_choice":"Fought Mushrooms","floor":11.0,"gold_loss":0.0,"damage_taken":0.0},{"damage_healed":0.0,"max_hp_gain":0.0,"max_hp_loss":0.0,"gold_gain":0.0,"event_name":"Living Wall","player_choice":"Grow","floor":14.0,"gold_loss":0.0,"damage_taken":0.0,"cards_upgraded":["Perfected Strike"]},{"damage_healed":0.0,"max_hp_gain":0.0,"max_hp_loss":0.0,"gold_gain":0.0,"event_name":"Addict","player_choice":"Obtained Relic","floor":19.0,"gold_loss":85.0,"damage_taken":0.0,"relics_obtained":["Paper Frog"]},{"damage_healed":0.0,"max_hp_gain":0.0,"max_hp_loss":0.0,"gold_gain":0.0,"event_name":"Colosseum","player_choice":"Fight","floor":20.0,"gold_loss":0.0,"damage_taken":0.0},{"damage_healed":0.0,"max_hp_gain":0.0,"max_hp_loss":0.0,"gold_gain":0.0,"event_name":"Colosseum","player_choice":"Fought Nobs","floor":20.0,"gold_loss":0.0,"damage_taken":0.0},{"damage_healed":0.0,"max_hp_gain":0.0,"max_hp_loss":0.0,"gold_gain":0.0,"event_name":"Back to Basics","player_choice":"Simplicity","floor":25.0,"gold_loss":0.0,"damage_taken":0.0,"cards_upgraded":["Strike_R","Strike_R","Strike_R","Strike_R","Defend_R","Defend_R","Defend_R","Defend_R"]},{"damage_healed":0,"gold_gain":999,"player_choice":"Gold","damage_taken":0,"max_hp_gain":0,"max_hp_loss":0,"event_name":"MindBloom","floor":36,"gold_loss":0,"cards_obtained":["Normality","Normality"]},{"damage_healed":20,"gold_gain":0,"player_choice":"Writhe","damage_taken":0,"max_hp_gain":0,"max_hp_loss":0,"event_name":"Winding Halls","floor":37,"gold_loss":0,"cards_obtained":["Writhe"]},{"cards_removed":["Wild Strike"],"damage_healed":0,"gold_gain":0,"player_choice":"Removed Attack","damage_taken":0,"max_hp_gain":0,"max_hp_loss":0,"event_name":"Falling","floor":39,"gold_loss":0},{"damage_healed":0,"gold_gain":0,"player_choice":"Paid","damage_taken":0,"relics_obtained":["Red Mask"],"max_hp_gain":0,"max_hp_loss":0,"event_name":"Tomb of Lord Red Mask","floor":46,"gold_loss":161}],"is_beta":false,"boss_relics":[{"not_picked":["Black Star","Busted Crown"],"picked":"Sozu"},{"not_picked":["Coffee Dripper","Black Blood"],"picked":"Philosopher\u0027s Stone"}],"items_purged_floors":[3,38,44],"is_endless":false,"potions_floor_spawned":[6,11,20,20,31],"killed_by":"The Heart","ascension_level":20}