{"gold_per_floor":[112,112,62,62,22,48,64,64,64,90,101,128,160,18,18,113,113,130,148,165,264,15,15],"floor_reached":23,"playtime":894,"items_purged":[],"score":363,"play_id":"1e0c36c2-ae96-46de-ab84-5bf037a4c984","local_time":"20190318023354","is_ascension_mode":true,"campfire_choices":[{"data":"Zap","floor":8,"key":"SMITH"},{"data":"Chaos","floor":15,"key":"SMITH"}],"neow_cost":"NONE","seed_source_timestamp":89604512237791,"circlet_count":0,"master_deck":["AscendersBane","Defend_B","Defend_B","Defend_B","Defend_B","Zap+1","Dualcast","Compile Driver","Darkness","Darkness","BootSequence","Rainbow","Chaos+1","Rebound","Barrage","Hyperbeam","Rainbow","Ball Lightning","Cold Snap+1","Ball Lightning+1"],"relics":["Cracked Core","NeowsBlessing","Unceasing Top","Gremlin Horn","Meat on the Bone","MawBank","Empty Cage","Letter Opener"],"potions_floor_usage":[10],"damage_taken":[{"damage":0,"enemies":"Jaw Worm","floor":1,"turns":1},{"damage":0,"enemies":"Lagavulin","floor":6,"turns":1},{"damage":0,"enemies":"Small Slimes","floor":7,"turns":1},{"damage":15,"enemies":"3 Sentries","floor":10,"turns":5},{"damage":0,"enemies":"Cultist","floor":11,"turns":3},{"damage":10,"enemies":"Lagavulin","floor":12,"turns":6},{"damage":9,"enemies":"2 Fungi Beasts","floor":13,"turns":3},{"damage":23,"enemies":"Slime Boss","floor":16,"turns":6},{"damage":0,"enemies":"3 Byrds","floor":18,"turns":3},{"damage":17,"enemies":"2 Thieves","floor":19,"turns":3},{"damage":32,"enemies":"Centurion and Healer","floor":20,"turns":6},{"damage":37,"enemies":"Book of Stabbing","floor":23,"turns":3}],"seed_played":"-4209430221928941937","potions_obtained":[{"floor":6,"key":"Explosive Potion"},{"floor":11,"key":"SteroidPotion"},{"floor":12,"key":"Fire Potion"}],"is_trial":false,"path_per_floor":["M","?","?","?","$","E","M","R","T","E","M","E","M","$","R","B",null,"M","M","M","?","$","E"],"character_chosen":"DEFECT","items_purchased":["Darkness","Hyperbeam","Letter Opener"],"campfire_rested":0,"item_purchase_floors":[5,14,22],"current_hp_per_floor":[68,61,61,66,66,66,66,66,66,51,51,41,44,44,44,33,68,68,51,31,31,31,0],"gold":15,"neow_bonus":"THREE_ENEMY_KILL","is_prod":false,"is_daily":false,"chose_seed":false,"campfire_upgraded":2,"win_rate":0,"timestamp":1552890834,"path_taken":["M","?","?","?","$","E","M","R","T","E","M","E","M","?","R","BOSS","M","M","?","?","$","E"],"build_version":"2019-01-23","purchased_purges":0,"victory":false,"max_hp_per_floor":[75,75,75,80,80,80,80,80,80,80,80,80,80,80,80,80,80,80,80,80,80,80,80],"card_choices":[{"not_picked":["Rebound","Steam"],"picked":"Compile Driver","floor":1},{"not_picked":["Beam Cell","Streamline"],"picked":"Darkness","floor":6},{"not_picked":["Sunder","Lockon"],"picked":"BootSequence","floor":7},{"not_picked":["Compile Driver","Steam"],"picked":"Rainbow","floor":10},{"not_picked":["Barrage","Fusion"],"picked":"Chaos","floor":11},{"not_picked":["Turbo","Beam Cell"],"picked":"Rebound","floor":12},{"not_picked":["Beam Cell","Go for the Eyes"],"picked":"Barrage","floor":13},{"not_picked":["Meteor Strike","Biased Cognition"],"picked":"Rainbow","floor":16},{"not_picked":["Doom and Gloom","Coolheaded"],"picked":"Ball Lightning","floor":18},{"not_picked":["Conserve Battery","Leap"],"picked":"Cold Snap+1","floor":19},{"not_picked":["Coolheaded+1","Conserve Battery"],"picked":"Ball Lightning+1","floor":20}],"player_experience":1204028,"relics_obtained":[{"floor":6,"key":"Unceasing Top"},{"floor":9,"key":"Gremlin Horn"},{"floor":10,"key":"Meat on the Bone"},{"floor":12,"key":"MawBank"}],"event_choices":[{"cards_removed":["Strike_B"],"damage_healed":0,"gold_gain":0,"player_choice":"Card Removal","damage_taken":7,"max_hp_gain":0,"max_hp_loss":0,"event_name":"Golden Wing","floor":2,"gold_loss":0},{"cards_removed":["Strike_B"],"damage_healed":0,"gold_gain":0,"player_choice":"Card Removal","damage_taken":0,"max_hp_gain":0,"max_hp_loss":0,"event_name":"The Cleric","floor":3,"gold_loss":50},{"damage_healed":0,"gold_gain":0,"player_choice":"Donut","damage_taken":0,"max_hp_gain":5,"max_hp_loss":0,"event_name":"Big Fish","floor":4,"gold_loss":0},{"damage_healed":0,"gold_gain":99,"player_choice":"Stole From Cult","damage_taken":0,"max_hp_gain":0,"max_hp_loss":0,"event_name":"Nest","floor":21,"gold_loss":0}],"is_beta":false,"boss_relics":[{"not_picked":["Busted Crown","Philosopher\u0027s Stone"],"picked":"Empty Cage"}],"items_purged_floors":[],"is_endless":false,"potions_floor_spawned":[6,11,12,20],"killed_by":"Book of Stabbing","ascension_level":11}