{"gold_per_floor":[109,129,1,16,31,31,64,64,141,169,182,208,48,48,48,48],"floor_reached":16,"playtime":676,"items_purged":["Normality"],"score":240,"play_id":"10447c6d-883d-40f8-b24d-8c97079fe4c4","local_time":"20190430020454","is_ascension_mode":true,"campfire_choices":[{"data":"Perfected Strike","floor":6,"key":"SMITH"},{"data":"Bash","floor":8,"key":"SMITH"},{"data":"Twin Strike","floor":15,"key":"SMITH"}],"neow_cost":"CURSE","seed_source_timestamp":633802576520223,"circlet_count":0,"master_deck":["AscendersBane","Strike_R","Strike_R","Strike_R","Strike_R","Strike_R","Defend_R","Defend_R","Defend_R","Defend_R","Bash+1","Seeing Red","Pommel Strike","Pommel Strike","Metallicize","True Grit","Perfected Strike+1","Twin Strike+1","Disarm"],"relics":["Burning Blood","Prayer Wheel","Incense Burner","Letter Opener","Potion Belt","Bottled Tornado","Bronze Scales"],"potions_floor_usage":[5,7],"damage_taken":[{"damage":11,"enemies":"Cultist","floor":1,"turns":4},{"damage":4,"enemies":"2 Louse","floor":2,"turns":3},{"damage":2,"enemies":"Jaw Worm","floor":4,"turns":3},{"damage":7,"enemies":"Large Slime","floor":5,"turns":5},{"damage":7,"enemies":"3 Sentries","floor":7,"turns":9},{"damage":29,"enemies":"Lagavulin","floor":10,"turns":5},{"damage":6,"enemies":"3 Louse","floor":11,"turns":4},{"damage":31,"enemies":"3 Sentries","floor":12,"turns":7},{"damage":36,"enemies":"Slime Boss","floor":16,"turns":3}],"seed_played":"4366564495283279911","potions_obtained":[{"floor":2,"key":"Swift Potion"},{"floor":5,"key":"Weak Potion"},{"floor":10,"key":"LiquidBronze"}],"is_trial":false,"path_per_floor":["M","M","$","M","M","R","E","R","T","E","M","E","$","?","R","B"],"character_chosen":"IRONCLAD","items_purchased":["Fire Potion","Bronze Scales"],"campfire_rested":0,"item_purchase_floors":[3,13],"current_hp_per_floor":[63,65,65,69,68,68,67,67,67,44,44,19,19,8,8,0],"gold":48,"neow_bonus":"ONE_RARE_RELIC","is_prod":false,"is_daily":false,"chose_seed":false,"campfire_upgraded":3,"win_rate":0,"timestamp":1556604294,"path_taken":["M","M","$","M","?","R","E","R","T","E","M","E","$","?","R","BOSS"],"build_version":"2019-01-23","purchased_purges":1,"victory":false,"max_hp_per_floor":[75,75,75,75,75,75,75,75,75,75,75,75,75,75,75,75],"card_choices":[{"not_picked":["Cleave","Flex"],"picked":"Seeing Red","floor":1},{"not_picked":["Headbutt","Flex"],"picked":"Pommel Strike","floor":1},{"not_picked":["Flex","Warcry"],"picked":"Pommel Strike","floor":2},{"not_picked":["Havoc","Body Slam"],"picked":"Metallicize","floor":2},{"not_picked":["Shockwave","Cleave"],"picked":"True Grit","floor":4},{"not_picked":["Headbutt","Sever Soul","Hemokinesis"],"picked":"SKIP","floor":4},{"not_picked":["Fire Breathing","Clothesline"],"picked":"Perfected Strike","floor":5},{"not_picked":["Shockwave","Iron Wave","Rampage"],"picked":"SKIP","floor":5},{"not_picked":["Rampage","Entrench","Searing Blow"],"picked":"SKIP","floor":7},{"not_picked":["Anger","Havoc","Thunderclap"],"picked":"SKIP","floor":10},{"not_picked":["Metallicize","Sword Boomerang"],"picked":"Twin Strike","floor":11},{"not_picked":["Headbutt","Reckless Charge"],"picked":"Disarm","floor":11},{"not_picked":["True Grit","Havoc","Brutality"],"picked":"SKIP","floor":12}],"player_experience":2129390,"relics_obtained":[{"floor":7,"key":"Incense Burner"},{"floor":9,"key":"Letter Opener"},{"floor":10,"key":"Potion Belt"},{"floor":12,"key":"Bottled Tornado"}],"event_choices":[{"damage_healed":0,"gold_gain":0,"player_choice":"Damaged","damage_taken":11,"max_hp_gain":0,"max_hp_loss":0,"event_name":"Wheel of Change","floor":14,"gold_loss":0}],"is_beta":false,"boss_relics":[],"items_purged_floors":[3],"is_endless":false,"potions_floor_spawned":[2,5,10],"killed_by":"Slime Boss","ascension_level":20}