{"gold_per_floor":[115,130,130,130,130,130,147,147,147,123,138,138,148,165,165,265,265,283,198,246,259,273,273,273],"floor_reached":24,"playtime":1176,"items_purged":[],"score":273,"play_id":"4627c885-0674-49dc-9809-e95992c02956","local_time":"20190507182203","is_ascension_mode":true,"campfire_choices":[{"data":"Genetic Algorithm","floor":6,"key":"SMITH"},{"data":"Creative AI","floor":8,"key":"SMITH"},{"data":"Zap","floor":12,"key":"SMITH"},{"floor":15,"key":"REST"},{"data":"Recycle","floor":23,"key":"SMITH"}],"neow_cost":"NONE","seed_source_timestamp":255302113524488,"circlet_count":0,"master_deck":["Strike_B","Strike_B","Defend_B+1","Defend_B","Defend_B+1","Defend_B+1","Zap+1","Dualcast","Chill+1","Ball Lightning","Genetic Algorithm+1","Creative AI+1","FTL","Recycle+1","Self Repair","Electrodynamics","Sunder"],"relics":["Cracked Core","Singing Bowl","Nuclear Battery","Question Card","War Paint"],"potions_floor_usage":[1,16,22,24],"damage_taken":[{"damage":0,"enemies":"2 Louse","floor":1,"turns":1},{"damage":10,"enemies":"Jaw Worm","floor":2,"turns":3},{"damage":0,"enemies":"Cultist","floor":7,"turns":4},{"damage":0,"enemies":"Looter","floor":11,"turns":3},{"damage":1,"enemies":"Large Slime","floor":13,"turns":4},{"damage":2,"enemies":"Exordium Thugs","floor":14,"turns":4},{"damage":28,"enemies":"Hexaghost","floor":16,"turns":8},{"damage":28,"enemies":"Shell Parasite","floor":18,"turns":8},{"damage":10,"enemies":"2 Thieves","floor":21,"turns":2},{"damage":8,"enemies":"Centurion and Healer","floor":22,"turns":8},{"damage":46,"enemies":"Slavers","floor":24,"turns":4}],"seed_played":"-4648345815992832286","potions_obtained":[{"floor":0,"key":"Explosive Potion"},{"floor":0,"key":"SteroidPotion"},{"floor":0,"key":"Block Potion"},{"floor":13,"key":"Ancient Potion"},{"floor":14,"key":"Regen Potion"},{"floor":16,"key":"Ancient Potion"},{"floor":21,"key":"FearPotion"}],"is_trial":false,"path_per_floor":["M","M","?","?","?","R","M","R","T","?","M","R","M","M","R","B",null,"M","?","T","M","M","R","E"],"character_chosen":"DEFECT","items_purchased":[],"campfire_rested":1,"item_purchase_floors":[],"current_hp_per_floor":[68,58,51,36,36,36,36,36,36,36,36,36,35,33,55,42,67,46,46,46,38,46,46,0],"gold":273,"neow_bonus":"THREE_SMALL_POTIONS","is_prod":false,"is_daily":false,"chose_seed":false,"campfire_upgraded":4,"win_rate":0,"timestamp":1557249723,"path_taken":["M","M","?","?","?","R","?","R","T","?","M","R","M","M","R","BOSS","M","?","?","M","?","R","E"],"build_version":"2019-01-23","purchased_purges":0,"victory":false,"max_hp_per_floor":[75,75,75,75,75,75,75,75,75,75,75,75,75,75,75,75,75,75,75,75,77,79,79,79],"card_choices":[{"not_picked":["Coolheaded","Rebound"],"picked":"Chill","floor":1},{"not_picked":["Redo","Aggregate"],"picked":"Ball Lightning","floor":2},{"not_picked":["Steam Power","Compile Driver"],"picked":"Creative AI","floor":7},{"not_picked":["Reprogram","Beam Cell"],"picked":"FTL","floor":11},{"not_picked":["Ball Lightning","Chaos"],"picked":"Recycle","floor":13},{"not_picked":["Sweeping Beam","Darkness"],"picked":"Self Repair","floor":14},{"not_picked":["Biased Cognition","Rainbow"],"picked":"Electrodynamics","floor":16},{"not_picked":["Sweeping Beam","Leap"],"picked":"Sunder","floor":18},{"not_picked":["Hologram","Sunder","Chill+1","Coolheaded"],"picked":"Singing Bowl","floor":21},{"not_picked":["Skim","Streamline","Leap","Gash"],"picked":"Singing Bowl","floor":22}],"player_experience":332558,"relics_obtained":[{"floor":9,"key":"Singing Bowl"},{"floor":20,"key":"War Paint"}],"event_choices":[{"cards_removed":["Strike_B"],"damage_healed":0,"gold_gain":0,"player_choice":"Card Removal","damage_taken":7,"max_hp_gain":0,"max_hp_loss":0,"event_name":"Golden Wing","floor":3,"gold_loss":0},{"damage_healed":0,"gold_gain":0,"player_choice":"Entered Light","damage_taken":15,"max_hp_gain":0,"max_hp_loss":0,"event_name":"Shining Light","floor":4,"gold_loss":0,"cards_upgraded":["Defend_B","Defend_B"]},{"damage_healed":0,"gold_gain":0,"cards_transformed":["Strike_B"],"player_choice":"Transformed","damage_taken":0,"max_hp_gain":0,"max_hp_loss":0,"event_name":"Transmorgrifier","floor":5,"gold_loss":0,"cards_obtained":["Genetic Algorithm"]},{"damage_healed":0,"gold_gain":0,"player_choice":"Left Gold","damage_taken":0,"max_hp_gain":0,"max_hp_loss":0,"event_name":"World of Goop","floor":10,"gold_loss":24},{"damage_healed":0,"gold_gain":0,"player_choice":"Obtained Relic","damage_taken":0,"relics_obtained":["Question Card"],"max_hp_gain":0,"max_hp_loss":0,"event_name":"Addict","floor":19,"gold_loss":85}],"is_beta":false,"boss_relics":[{"not_picked":["Tiny House","Runic Dome"],"picked":"Nuclear Battery"}],"items_purged_floors":[],"is_endless":false,"potions_floor_spawned":[13,14,16,21],"killed_by":"Slavers","ascension_level":9}