{"gold_per_floor":[115,115,115,131,45,45,58,83,83,83,83,102,102,145,145,234,234,249,249,262,283,302,302,333,246,246,267,267],"floor_reached":28,"playtime":861,"items_purged":[],"score":480,"play_id":"ba6a54fd-bf14-4503-922a-ef8df5e47389","local_time":"20181125210326","is_ascension_mode":true,"campfire_choices":[{"data":"Neutralize","floor":6,"key":"SMITH"},{"data":"Noxious Fumes","floor":10,"key":"SMITH"},{"data":"Cloak And Dagger","floor":13,"key":"SMITH"},{"data":"Footwork","floor":15,"key":"SMITH"},{"floor":23,"key":"REST"}],"neow_cost":"NONE","seed_source_timestamp":33648319547949,"circlet_count":0,"master_deck":["AscendersBane","Defend_G+1","Defend_G+1","Defend_G+1","Defend_G+1","Defend_G+1","Strike_G+1","Strike_G+1","Strike_G+1","Survivor","Neutralize+1","All Out Attack","Quick Slash","PiercingWail","Noxious Fumes+1","Cloak And Dagger+1","Poisoned Stab","Backstab","Footwork+1","Burst","Well Laid Plans","Crippling Poison","Footwork","Shame"],"relics":["Ring of the Snake","Golden Idol","Pantograph","Pear","Cursed Key","Centennial Puzzle","Sundial"],"potions_floor_usage":[14],"damage_taken":[{"damage":2,"enemies":"Small Slimes","floor":1,"turns":4},{"damage":0,"enemies":"Jaw Worm","floor":4,"turns":3},{"damage":1,"enemies":"2 Louse","floor":7,"turns":3},{"damage":0,"enemies":"Lots of Slimes","floor":8,"turns":3},{"damage":0,"enemies":"Large Slime","floor":12,"turns":5},{"damage":6,"enemies":"Gremlin Nob","floor":14,"turns":3},{"damage":62,"enemies":"Hexaghost","floor":16,"turns":12},{"damage":22,"enemies":"Shell Parasite","floor":18,"turns":6},{"damage":1,"enemies":"Chosen","floor":20,"turns":5},{"damage":18,"enemies":"Snecko","floor":21,"turns":7},{"damage":0,"enemies":"Centurion and Healer","floor":22,"turns":8},{"damage":13,"enemies":"Gremlin Leader","floor":24,"turns":8},{"damage":19,"enemies":"Cultist and Chosen","floor":27,"turns":8},{"damage":6,"enemies":"Snake Plant","floor":28,"turns":5}],"seed_played":"2039837796614999159","potions_obtained":[{"floor":4,"key":"Poison Potion"},{"floor":14,"key":"SpeedPotion"},{"floor":16,"key":"EssenceOfSteel"},{"floor":22,"key":"Weak Potion"}],"is_trial":false,"path_per_floor":["M","?","?","M","$","R","M","M","T","R","?","M","R","E","R","B",null,"M","?","M","M","M","R","E","$","T","M","M"],"character_chosen":"THE_SILENT","items_purchased":["Noxious Fumes","Footwork"],"campfire_rested":1,"item_purchase_floors":[5,25],"current_hp_per_floor":[57,57,50,50,50,50,49,49,49,49,49,49,49,53,53,8,55,33,33,32,14,14,35,22,22,22,3,0],"gold":267,"neow_bonus":"TRANSFORM_CARD","is_prod":false,"is_daily":false,"chose_seed":false,"campfire_upgraded":4,"win_rate":0,"timestamp":1543205006,"path_taken":["M","?","?","M","$","R","M","M","T","R","?","?","R","E","R","BOSS","M","?","M","M","M","R","E","$","T","M","M"],"build_version":"2018-11-15","purchased_purges":0,"victory":false,"max_hp_per_floor":[66,60,60,60,60,60,60,60,60,60,60,60,60,70,70,70,70,70,70,70,70,70,70,70,70,70,70,70],"card_choices":[{"not_picked":["Blade Dance","Underhanded Strike"],"picked":"Quick Slash","floor":1},{"not_picked":["Skewer","Underhanded Strike"],"picked":"PiercingWail","floor":4},{"not_picked":["Concentrate","Masterful Stab"],"picked":"Cloak And Dagger","floor":7},{"not_picked":["Underhanded Strike","Reflex"],"picked":"Poisoned Stab","floor":8},{"not_picked":["Distraction","Quick Slash","Backstab"],"picked":"SKIP","floor":12},{"not_picked":["Corpse Explosion","Dagger Throw"],"picked":"Footwork","floor":14},{"not_picked":["Bullet Time","Night Terror"],"picked":"Burst","floor":16},{"not_picked":["Dagger Throw","Concentrate","Poisoned Stab"],"picked":"SKIP","floor":18},{"not_picked":["Terror","Blade Dance"],"picked":"Well Laid Plans","floor":20},{"not_picked":["Predator","Eviscerate","Well Laid Plans"],"picked":"SKIP","floor":21},{"not_picked":["Crippling Poison","Endless Agony+1","Flying Knee"],"picked":"SKIP","floor":22},{"not_picked":["Endless Agony+1","Flying Knee"],"picked":"Crippling Poison","floor":22},{"not_picked":["Sucker Punch","PiercingWail","Bouncing Flask"],"picked":"SKIP","floor":24},{"not_picked":["Tools of the Trade","Blade Dance","Backstab"],"picked":"SKIP","floor":27}],"player_experience":971255,"relics_obtained":[{"floor":9,"key":"Pantograph"},{"floor":14,"key":"Pear"},{"floor":24,"key":"Centennial Puzzle"},{"floor":26,"key":"Sundial"}],"event_choices":[{"damage_healed":0,"gold_gain":0,"player_choice":"Lose Max HP","damage_taken":0,"relics_obtained":["Golden Idol"],"max_hp_gain":0,"max_hp_loss":6,"event_name":"Golden Idol","floor":2,"gold_loss":0},{"cards_removed":["Strike_G"],"damage_healed":0,"gold_gain":0,"player_choice":"Card Removal","damage_taken":7,"max_hp_gain":0,"max_hp_loss":0,"event_name":"Golden Wing","floor":3,"gold_loss":0},{"damage_healed":0,"gold_gain":0,"player_choice":"1 cards matched","damage_taken":0,"max_hp_gain":0,"max_hp_loss":0,"event_name":"Match and Keep!","floor":11,"gold_loss":0,"cards_obtained":["Backstab"]},{"damage_healed":0,"gold_gain":0,"player_choice":"Simplicity","damage_taken":0,"max_hp_gain":0,"max_hp_loss":0,"event_name":"Back to Basics","floor":19,"gold_loss":0,"cards_upgraded":["Defend_G","Defend_G","Defend_G","Defend_G","Defend_G","Strike_G","Strike_G","Strike_G"]}],"is_beta":true,"boss_relics":[{"not_picked":["Pandora\u0027s Box","HoveringKite"],"picked":"Cursed Key"}],"items_purged_floors":[],"is_endless":false,"potions_floor_spawned":[4,14,16,18,20,21,22],"killed_by":"Snake Plant","ascension_level":20}