{"gold_per_floor":[116,166,178,253,253,253,10,27,84,9,9,29,49,67,67,143,143,143],"floor_reached":18,"playtime":493,"items_purged":["Strike_R"],"score":266,"play_id":"f3ab27bc-2d64-4bfd-98b3-075d4509867e","local_time":"20181224213339","is_ascension_mode":true,"campfire_choices":[{"floor":6,"key":"REST"},{"data":"Defend_R","floor":11,"key":"SMITH"},{"data":"True Grit","floor":15,"key":"SMITH"}],"neow_cost":"NONE","seed_source_timestamp":125449791795670,"circlet_count":0,"master_deck":["AscendersBane","Strike_R","Strike_R","Strike_R+1","Strike_R+1","Defend_R+1","Defend_R+1","Defend_R","Defend_R","Bash+1","Flex","Pommel Strike","True Grit+1","Intimidate","Barricade"],"relics":["Burning Blood","Whetstone","Kunai","Tiny Chest","Mark of Pain"],"potions_floor_usage":[16],"damage_taken":[{"damage":7,"enemies":"Small Slimes","floor":1,"turns":3},{"damage":1,"enemies":"Cultist","floor":3,"turns":3},{"damage":2,"enemies":"Jaw Worm","floor":8,"turns":4},{"damage":5,"enemies":"2 Fungi Beasts","floor":12,"turns":3},{"damage":1,"enemies":"Red Slaver","floor":13,"turns":5},{"damage":12,"enemies":"Lots of Slimes","floor":14,"turns":4},{"damage":31,"enemies":"The Guardian","floor":16,"turns":20},{"damage":66,"enemies":"3 Byrds","floor":18,"turns":5}],"seed_played":"1995174208549691754","potions_obtained":[{"floor":1,"key":"SkillPotion"},{"floor":3,"key":"Weak Potion"},{"floor":16,"key":"AttackPotion"}],"is_trial":false,"path_per_floor":["M","?","M","?","?","R","$","M","T","$","R","M","M","M","R","B",null,"M"],"character_chosen":"IRONCLAD","items_purchased":["Kunai"],"campfire_rested":1,"item_purchase_floors":[7],"current_hp_per_floor":[67,67,72,61,38,60,60,64,64,64,64,65,70,64,64,39,66,0],"gold":143,"neow_bonus":"RANDOM_COMMON_RELIC","is_prod":false,"is_daily":false,"chose_seed":false,"campfire_upgraded":2,"win_rate":0,"timestamp":1545712419,"path_taken":["M","?","?","?","?","R","$","M","T","$","R","?","M","M","R","BOSS","M"],"build_version":"2018-12-20","purchased_purges":1,"victory":false,"max_hp_per_floor":[75,75,75,75,75,75,75,75,75,75,75,75,75,75,75,75,75,75],"card_choices":[{"not_picked":["Dropkick","Reckless Charge","Entrench"],"picked":"SKIP","floor":1},{"not_picked":["Twin Strike","Perfected Strike"],"picked":"Flex","floor":3},{"not_picked":["Sword Boomerang","Combust"],"picked":"Pommel Strike","floor":8},{"not_picked":["Twin Strike","Sword Boomerang"],"picked":"True Grit","floor":12},{"not_picked":["Wild Strike","Pommel Strike","Pummel"],"picked":"SKIP","floor":13},{"not_picked":["Thunderclap","Entrench"],"picked":"Intimidate","floor":14},{"not_picked":["Brutality","Dark Embrace"],"picked":"Barricade","floor":16}],"player_experience":992191,"relics_obtained":[{"floor":9,"key":"Tiny Chest"}],"event_choices":[{"damage_healed":0,"gold_gain":50,"player_choice":"Pray","damage_taken":0,"max_hp_gain":0,"max_hp_loss":0,"event_name":"Golden Shrine","floor":2,"gold_loss":0},{"damage_healed":0,"gold_gain":75,"player_choice":"Gather Gold","damage_taken":11,"max_hp_gain":0,"max_hp_loss":0,"event_name":"World of Goop","floor":4,"gold_loss":0},{"damage_healed":0,"gold_gain":0,"player_choice":"Entered Light","damage_taken":23,"max_hp_gain":0,"max_hp_loss":0,"event_name":"Shining Light","floor":5,"gold_loss":0,"cards_upgraded":["Defend_R","Bash"]}],"is_beta":true,"boss_relics":[{"not_picked":["Calling Bell","Coffee Dripper"],"picked":"Mark of Pain"}],"items_purged_floors":[10],"is_endless":false,"potions_floor_spawned":[1,3,16],"killed_by":"3 Byrds","ascension_level":15}