{"path_per_floor":["M","?","$","?","M","M","M","R","T","R","?","M","$","E","R","B",null,"M","$","?","?","M","R"],"character_chosen":"IRONCLAD","items_purchased":["Madness","Bludgeon"],"gold_per_floor":[114,114,39,39,62,76,97,97,123,123,73,94,0,36,36,157,157,175,95,95,95,109,109],"floor_reached":24,"campfire_rested":0,"playtime":813,"current_hp_per_floor":[73,73,73,66,65,68,74,74,74,74,74,62,62,52,52,23,66,61,61,61,56,21,21],"items_purged":["Decay"],"gold":109,"score":298,"play_id":"3703745f-ab7a-41f0-96d8-b7f0e5b4fc73","local_time":"20180311134111","is_prod":false,"is_daily":false,"is_ascension_mode":true,"campfire_upgraded":4,"timestamp":1520790071,"path_taken":["M","?","$","?","M","M","M","R","T","R","?","M","$","E","R","BOSS","M","?","?","?","M","R","E"],"build_version":"2018-03-09","purchased_purges":1,"victory":false,"master_deck":["Defend_R","Defend_R","Defend_R","Bash","Flex+1","Twin Strike","Seeing Red","Inflame+1","Cleave","Madness+1","Metallicize+1","Bludgeon+1","Bite","Bite","Bite","Bite","Bite"],"max_hp_per_floor":[80,80,80,80,80,80,80,80,80,80,80,80,80,80,80,80,80,80,80,80,56,56,56],"relics":["Burning Blood","Gambling Chip","Golden Idol","Prayer Wheel","Bronze Scales","Question Card"],"card_choices":[{"not_picked":["Warcry","Twin Strike"],"picked":"Flex"},{"not_picked":["Entrench","Exhume"],"picked":"Twin Strike"},{"not_picked":["Dual Wield","Heavy Blade"],"picked":"Seeing Red"},{"not_picked":["Thunderclap","Rampage"],"picked":"Inflame"},{"not_picked":["Feel No Pain","Anger"],"picked":"Cleave"},{"not_picked":["Sword Boomerang","Body Slam","Fire Breathing"],"picked":"Metallicize"}],"player_experience":462399,"potions_floor_usage":[7,12,16,24],"damage_taken":[{"damage":5,"enemies":"Cultist","floor":1,"turns":4},{"damage":7,"enemies":"Jaw Worm","floor":5,"turns":3},{"damage":3,"enemies":"2 Louse","floor":6,"turns":2},{"damage":0,"enemies":"Large Slime","floor":7,"turns":3},{"damage":24,"enemies":"Exordium Wildlife","floor":12,"turns":3},{"damage":16,"enemies":"Gremlin Nob","floor":14,"turns":3},{"damage":35,"enemies":"Hexaghost","floor":16,"turns":7},{"damage":11,"enemies":"3 Byrds","floor":18,"turns":4},{"damage":49,"enemies":"2 Thieves","floor":22,"turns":4},{"damage":23,"enemies":"Slavers","floor":24,"turns":1}],"event_choices":[{"event_name":"Golden Idol","player_choice":"Take Wound","floor":2,"damage_taken":0},{"event_name":"Golden Wing","player_choice":"Card Removal","floor":4,"damage_taken":0},{"event_name":"The Cleric","player_choice":"Card Removal","floor":11,"damage_taken":0},{"event_name":"Drug Dealer","player_choice":"Ignored","floor":20,"damage_taken":0},{"event_name":"Vampires","player_choice":"Became a vampire","floor":21,"damage_taken":0}],"boss_relics":[{"not_picked":["White Beast Statue","Runic Pyramid"],"picked":"Question Card"}],"potions_floor_spawned":[6,7,12,14,22],"seed_played":"6807333410847879440","killed_by":"Slavers","ascension_level":8,"is_trial":false}