{"gold_per_floor":[115,115,25,25,100,100,128,146,146,174,174,205,205,222,222,293,293,311,340,13,30,49,74,74,74,74,84,117,60,79,179,179,254,254,267,285,285,298,259,259,259],"floor_reached":41,"playtime":2635,"items_purged":[],"score":1019,"play_id":"828fd76b-903e-4d18-b661-616e0d9ad360","local_time":"20190405200000","is_ascension_mode":true,"campfire_choices":[{"data":"Defragment","floor":6.0,"key":"SMITH"},{"data":"Sunder","floor":11.0,"key":"SMITH"},{"data":"Static Discharge","floor":15.0,"key":"SMITH"},{"floor":25.0,"key":"REST"},{"data":"Cold Snap","floor":32.0,"key":"SMITH"},{"data":"Capacitor","floor":40,"key":"SMITH"}],"neow_cost":"NONE","seed_source_timestamp":0,"circlet_count":0,"master_deck":["AscendersBane","Strike_B+1","Strike_B+1","Strike_B+1","Strike_B+1","Defend_B+1","Defend_B+1","Defend_B+1","Defend_B+1","Zap+1","Dualcast","Self Repair","Defragment+1","Sunder+1","Static Discharge+1","Fission+1","Glacier+1","Cold Snap+1","Hologram+1","Undo+1","Auto Shields+1","Hologram+1","Hologram+1","BootSequence+1","Barrage+1","Capacitor+1","Blind+1","Panacea+1","Coolheaded+1","Doom and Gloom"],"special_seed":0,"relics":["FrozenCore","NeowsBlessing","Dream Catcher","Gremlin Horn","FossilizedHelix","Letter Opener","Toxic Egg 2","Velvet Choker","Red Mask","Singing Bowl","Dodecahedron","Mango","Du-Vu Doll","Darkstone Periapt"],"potions_floor_usage":[],"damage_taken":[{"damage":0.0,"enemies":"2 Louse","floor":1.0,"turns":1.0},{"damage":0.0,"enemies":"Gremlin Nob","floor":7.0,"turns":1.0},{"damage":0.0,"enemies":"Jaw Worm","floor":8.0,"turns":1.0},{"damage":30.0,"enemies":"3 Sentries","floor":10.0,"turns":6.0},{"damage":28.0,"enemies":"Gremlin Nob","floor":12.0,"turns":4.0},{"damage":0.0,"enemies":"Small Slimes","floor":14.0,"turns":3.0},{"damage":18.0,"enemies":"Hexaghost","floor":16.0,"turns":5.0},{"damage":12.0,"enemies":"2 Thieves","floor":18.0,"turns":3.0},{"damage":12.0,"enemies":"Masked Bandits","floor":19.0,"turns":3.0},{"damage":0.0,"enemies":"Spheric Guardian","floor":21.0,"turns":2.0},{"damage":10.0,"enemies":"Snecko","floor":22.0,"turns":5.0},{"damage":22.0,"enemies":"Book of Stabbing","floor":23.0,"turns":5.0},{"damage":15.0,"enemies":"Cultist and Chosen","floor":27.0,"turns":7.0},{"damage":0.0,"enemies":"Slavers","floor":28.0,"turns":5.0},{"damage":0.0,"enemies":"Shelled Parasite and Fungi","floor":30.0,"turns":7.0},{"damage":0.0,"enemies":"Colosseum Slavers","floor":31.0,"turns":4.0},{"damage":16.0,"enemies":"Colosseum Nobs","floor":31.0,"turns":6.0},{"damage":65.0,"enemies":"Champ","floor":33.0,"turns":17.0},{"damage":0,"enemies":"3 Darklings","floor":35,"turns":6},{"damage":0,"enemies":"3 Shapes","floor":36,"turns":5},{"damage":6,"enemies":"Transient","floor":38,"turns":6},{"damage":99,"enemies":"Giant Head","floor":41,"turns":11}],"seed_played":"1420275576905570971","potions_obtained":[{"floor":7.0,"key":"LiquidBronze"},{"floor":12.0,"key":"Strength Potion"},{"floor":14.0,"key":"Explosive Potion"},{"floor":16.0,"key":"LiquidBronze"},{"floor":18.0,"key":"EntropicBrew"},{"floor":19.0,"key":"Swift Potion"},{"floor":23.0,"key":"Weak Potion"},{"floor":27.0,"key":"Fire Potion"}],"is_trial":false,"path_per_floor":["M","?","$","?","?","R","E","M","T","E","R","E","T","M","R","B",null,"M","?","$","M","M","E","?","R","T","M","E","$","M","?","R","B",null,"M","M","?","M","$","R","E"],"character_chosen":"DEFECT","items_purchased":["Defragment","Singing Bowl","Hologram+1","SkillPotion","Doom and Gloom"],"campfire_rested":1,"item_purchase_floors":[3,20,20,29,39],"current_hp_per_floor":[64,64,64,69,58,58,58,65,65,35,35,14,14,21,21,10,60,55,50,50,57,54,39,39,61,61,55,76,76,85,85,85,29,81,88,95,87,88,88,88,0],"gold":259,"neow_bonus":"THREE_ENEMY_KILL","is_prod":false,"is_daily":false,"chose_seed":false,"campfire_upgraded":5,"win_rate":0,"timestamp":1554508800,"path_taken":["M","?","$","?","?","R","E","M","T","E","R","E","?","M","R","BOSS","M","?","$","M","M","E","?","R","T","M","E","$","M","?","R","BOSS","M","M","?","M","$","R","E"],"build_version":"2019-01-23","purchased_purges":0,"victory":false,"max_hp_per_floor":[71,71,71,76,76,76,76,76,76,76,76,76,76,76,76,76,76,76,76,76,76,76,76,76,76,76,78,92,92,94,96,96,98,98,98,98,100,100,100,100,100],"card_choices":[{"not_picked":["Turbo","Rebound"],"picked":"Self Repair","floor":1.0},{"not_picked":["Turbo","Go for the Eyes"],"picked":"Sunder","floor":7.0},{"not_picked":["Leap","Gash"],"picked":"Static Discharge","floor":8.0},{"not_picked":["Redo","Scrape","Fusion"],"picked":"SKIP","floor":10.0},{"not_picked":["Skim","Barrage","Beam Cell"],"picked":"SKIP","floor":12.0},{"not_picked":["Turbo+1","Stack+1","Beam Cell"],"picked":"SKIP","floor":14.0},{"not_picked":["Buffer","Multi-Cast+1"],"picked":"Fission+1","floor":16.0},{"not_picked":["Gash","Steam+1"],"picked":"Glacier+1","floor":18.0},{"not_picked":["Compile Driver","Turbo+1"],"picked":"Cold Snap","floor":19.0},{"not_picked":["Genetic Algorithm+1","Cold Snap"],"picked":"Undo+1","floor":21.0},{"not_picked":["Barrage","Cold Snap"],"picked":"Auto Shields+1","floor":22.0},{"not_picked":["Double Energy+1","Leap+1"],"picked":"Hologram+1","floor":23.0},{"not_picked":["Steam+1","Streamline"],"picked":"Hologram+1","floor":25.0},{"not_picked":["Force Field+1","Gash","Hologram+1"],"picked":"Singing Bowl","floor":27.0},{"not_picked":["Streamline","Sweeping Beam"],"picked":"BootSequence+1","floor":28.0},{"not_picked":["Double Energy+1","All For One","FTL"],"picked":"Singing Bowl","floor":30.0},{"not_picked":["Gash","Barrage","FTL"],"picked":"Singing Bowl","floor":31.0},{"not_picked":["Multi-Cast+1","Thunder Strike","Buffer"],"picked":"Singing Bowl","floor":33.0},{"not_picked":["Coolheaded+1","Conserve Battery+1"],"picked":"Barrage+1","floor":35},{"not_picked":["Steam Power+1","Rebound"],"picked":"Capacitor","floor":36},{"not_picked":["Swift Strike","Enlightenment+1"],"picked":"Blind+1","floor":37},{"not_picked":["Flash of Steel","Purity+1","Mayhem"],"picked":"Singing Bowl","floor":37},{"not_picked":["Enlightenment+1","Impatience+1"],"picked":"Panacea+1","floor":37},{"not_picked":["Gash","Lockon"],"picked":"Coolheaded+1","floor":38}],"player_experience":1630084,"relics_obtained":[{"floor":7.0,"key":"Dream Catcher"},{"floor":9.0,"key":"Gremlin Horn"},{"floor":10.0,"key":"FossilizedHelix"},{"floor":12.0,"key":"Letter Opener"},{"floor":13.0,"key":"Toxic Egg 2"},{"floor":19.0,"key":"Red Mask"},{"floor":23.0,"key":"Dodecahedron"},{"floor":28.0,"key":"Mango"},{"floor":31.0,"key":"Du-Vu Doll"},{"floor":31.0,"key":"Darkstone Periapt"}],"event_choices":[{"damage_healed":0.0,"max_hp_gain":0.0,"max_hp_loss":0.0,"gold_gain":0.0,"event_name":"Living Wall","player_choice":"Grow","floor":2.0,"gold_loss":0.0,"damage_taken":0.0,"cards_upgraded":["Zap"]},{"damage_healed":0.0,"max_hp_gain":5.0,"max_hp_loss":0.0,"gold_gain":0.0,"event_name":"Big Fish","player_choice":"Donut","floor":4.0,"gold_loss":0.0,"damage_taken":0.0},{"damage_healed":0.0,"max_hp_gain":0.0,"max_hp_loss":0.0,"gold_gain":75.0,"event_name":"World of Goop","player_choice":"Gather Gold","floor":5.0,"gold_loss":0.0,"damage_taken":11.0},{"damage_healed":0.0,"max_hp_gain":0.0,"max_hp_loss":0.0,"gold_gain":0.0,"event_name":"Masked Bandits","player_choice":"Fought Bandits","floor":19.0,"gold_loss":0.0,"damage_taken":0.0},{"damage_healed":0.0,"max_hp_gain":0.0,"max_hp_loss":0.0,"gold_gain":0.0,"event_name":"Back to Basics","player_choice":"Simplicity","floor":24.0,"gold_loss":0.0,"damage_taken":0.0,"cards_upgraded":["Strike_B","Strike_B","Strike_B","Strike_B","Defend_B","Defend_B","Defend_B","Defend_B"]},{"damage_healed":0.0,"max_hp_gain":0.0,"max_hp_loss":0.0,"gold_gain":0.0,"event_name":"Colosseum","player_choice":"Fight","floor":31.0,"gold_loss":0.0,"damage_taken":0.0},{"damage_healed":0.0,"max_hp_gain":0.0,"max_hp_loss":0.0,"gold_gain":0.0,"event_name":"Colosseum","player_choice":"Fought Nobs","floor":31.0,"gold_loss":0.0,"damage_taken":0.0},{"damage_healed":0,"gold_gain":0,"player_choice":"Memory 3","damage_taken":10,"max_hp_gain":0,"max_hp_loss":0,"event_name":"SensoryStone","floor":37,"gold_loss":0}],"is_beta":false,"boss_relics":[{"not_picked":["Orrery","White Beast Statue"],"picked":"Velvet Choker"},{"not_picked":["Busted Crown","Nuclear Battery"],"picked":"FrozenCore"}],"items_purged_floors":[],"is_endless":false,"potions_floor_spawned":[7,12,14,16,18,19,23,27,31],"killed_by":"Giant Head","ascension_level":20}