{"gold_per_floor":[11,30,30,48,48,48,67,103,155,190,190,233,233,258,258,351,351,371,371,389,389],"floor_reached":21,"playtime":1548,"items_purged":[],"score":423,"play_id":"659f8001-0976-4a1f-b442-f999be583969","local_time":"20190505205423","is_ascension_mode":true,"campfire_choices":[{"data":"Bash","floor":6.0,"key":"SMITH"},{"data":"Shrug It Off","floor":13.0,"key":"SMITH"},{"floor":15.0,"key":"REST"}],"neow_cost":"NO_GOLD","seed_source_timestamp":1839230000357402,"circlet_count":0,"master_deck":["AscendersBane","Strike_R","Strike_R","Defend_R","Defend_R","Defend_R","Defend_R","Bash+1","Iron Wave","Shrug It Off+1","Spot Weakness","Spot Weakness","Battle Trance","Power Through","Pummel","True Grit","Shockwave+1","Double Tap+1","Demon Form+1","Battle Trance","Shrug It Off+1","Exhume"],"special_seed":0,"relics":["Burning Blood","Kunai","Golden Idol","Regal Pillow","Omamori","Mango","Darkstone Periapt","Astrolabe"],"potions_floor_usage":[21,21],"damage_taken":[{"damage":1.0,"enemies":"Cultist","floor":1.0,"turns":3.0},{"damage":14.0,"enemies":"2 Louse","floor":2.0,"turns":3.0},{"damage":1.0,"enemies":"Small Slimes","floor":4.0,"turns":4.0},{"damage":23.0,"enemies":"Exordium Thugs","floor":7.0,"turns":6.0},{"damage":37.0,"enemies":"3 Sentries","floor":8.0,"turns":9.0},{"damage":25.0,"enemies":"Gremlin Nob","floor":10.0,"turns":4.0},{"damage":38.0,"enemies":"3 Sentries","floor":12.0,"turns":11.0},{"damage":14.0,"enemies":"Gremlin Gang","floor":14.0,"turns":5.0},{"damage":29.0,"enemies":"Slime Boss","floor":16.0,"turns":9.0},{"damage":29.0,"enemies":"3 Byrds","floor":18.0,"turns":8.0},{"damage":25.0,"enemies":"Spheric Guardian","floor":20.0,"turns":6.0},{"damage":50,"enemies":"Chosen and Byrds","floor":21,"turns":9}],"seed_played":"5958106758402941552","potions_obtained":[{"floor":2.0,"key":"Ancient Potion"},{"floor":12.0,"key":"Weak Potion"},{"floor":14.0,"key":"PowerPotion"},{"floor":16.0,"key":"Fire Potion"},{"floor":18.0,"key":"EssenceOfSteel"}],"is_trial":false,"path_per_floor":["M","M","T","M","?","R","M","E","T","E","?","E","R","M","R","B",null,"M","?","M","M"],"character_chosen":"IRONCLAD","items_purchased":[],"campfire_rested":1,"item_purchase_floors":[],"current_hp_per_floor":[87,79,79,84,81,81,64,33,33,28,59,27,27,19,62,39,81,58,58,39,0],"gold":389,"neow_bonus":"TWENTY_PERCENT_HP_BONUS","is_prod":false,"is_daily":false,"chose_seed":false,"campfire_upgraded":2,"win_rate":0,"timestamp":1557114863,"path_taken":["M","M","?","M","?","R","M","E","T","E","?","E","R","M","R","BOSS","M","?","M","?"],"build_version":"2019-04-23","purchased_purges":0,"victory":false,"max_hp_per_floor":[89,89,89,89,81,81,81,81,81,95,95,95,95,95,95,95,95,95,95,95,95],"card_choices":[{"not_picked":["Cleave","Corruption"],"picked":"Iron Wave","floor":1.0},{"not_picked":["Rupture","Clash"],"picked":"Shrug It Off","floor":2.0},{"not_picked":["Cleave","Twin Strike"],"picked":"Spot Weakness","floor":4.0},{"not_picked":["Armaments","Heavy Blade"],"picked":"Spot Weakness","floor":7.0},{"not_picked":["Rampage","Shrug It Off"],"picked":"Battle Trance","floor":8.0},{"not_picked":["Headbutt","Barricade"],"picked":"Power Through","floor":10.0},{"not_picked":["Hemokinesis","Headbutt"],"picked":"Pummel","floor":12.0},{"not_picked":["Twin Strike","Sword Boomerang"],"picked":"True Grit","floor":14.0},{"not_picked":["Armaments","Clash"],"picked":"Battle Trance","floor":18.0},{"not_picked":["Thunderclap","Wild Strike"],"picked":"Exhume","floor":20.0}],"player_experience":1520850,"relics_obtained":[{"floor":3.0,"key":"Kunai"},{"floor":8.0,"key":"Regal Pillow"},{"floor":9.0,"key":"Omamori"},{"floor":10.0,"key":"Mango"},{"floor":12.0,"key":"Darkstone Periapt"}],"event_choices":[{"damage_healed":0.0,"max_hp_gain":0.0,"max_hp_loss":8.0,"gold_gain":0.0,"event_name":"Golden Idol","player_choice":"Lose Max HP","floor":5.0,"gold_loss":0.0,"damage_taken":0.0,"relics_obtained":["Golden Idol"]},{"damage_healed":31.0,"max_hp_gain":0.0,"max_hp_loss":0.0,"gold_gain":0.0,"event_name":"Big Fish","player_choice":"Banana","floor":11.0,"gold_loss":0.0,"damage_taken":0.0},{"damage_healed":0.0,"max_hp_gain":0.0,"max_hp_loss":0.0,"gold_gain":0.0,"event_name":"Duplicator","player_choice":"Copied","floor":19.0,"gold_loss":0.0,"damage_taken":0.0,"cards_obtained":["Shrug It Off"]}],"is_beta":true,"boss_relics":[{"not_picked":["Calling Bell","Runic Dome"],"picked":"Astrolabe"}],"items_purged_floors":[],"is_endless":false,"potions_floor_spawned":[2,12,14,16,18,20],"killed_by":"Chosen and Byrds","ascension_level":20}