{"gold_per_floor":[217,236,236,256,272,272,298,298,323,248,248,248,44,77,77,173,173,193,193,206,41,57,57,88,101,101,101,125,140,140,161,161,252,315,331,356,356,356,281,281],"floor_reached":40,"playtime":1931,"items_purged":["Strike_G"],"score":932,"play_id":"c6fb9542-2ab5-46c8-bb22-7a632d3e0dcd","local_time":"20190505234846","is_ascension_mode":true,"campfire_choices":[{"data":"Noxious Fumes","floor":6,"key":"SMITH"},{"data":"Neutralize","floor":8,"key":"SMITH"},{"data":"Flying Knee","floor":11,"key":"SMITH"},{"data":"Noxious Fumes","floor":15,"key":"SMITH"},{"data":"Malaise","floor":23,"key":"SMITH"},{"floor":27,"key":"REST"},{"data":"Well Laid Plans","floor":30,"key":"SMITH"},{"data":"Envenom","floor":32,"key":"SMITH"}],"neow_cost":"NONE","seed_source_timestamp":482277841310951,"circlet_count":0,"master_deck":["AscendersBane","Defend_G","Defend_G","Defend_G","Defend_G","Defend_G","Strike_G","Strike_G","Survivor","Neutralize+1","Noxious Fumes+1","Flying Knee+1","Burst","PiercingWail","Noxious Fumes+1","Dash","Cloak And Dagger","Malaise+1","Leg Sweep","Backflip","Well Laid Plans+1","Corpse Explosion","Leg Sweep+1","Envenom+1","Night Terror+1","Acrobatics","Dodge and Roll","PiercingWail"],"relics":["Ring of the Snake","Centennial Puzzle","Boot","Golden Idol","Oddly Smooth Stone","PreservedInsect","Sozu","Art of War","Snake Skull","Ninja Scroll","Gremlin Horn","Tiny House"],"potions_floor_usage":[7],"damage_taken":[{"damage":4,"enemies":"Jaw Worm","floor":1,"turns":5},{"damage":0,"enemies":"Cultist","floor":2,"turns":4},{"damage":0,"enemies":"2 Louse","floor":4,"turns":4},{"damage":4,"enemies":"Blue Slaver","floor":5,"turns":6},{"damage":14,"enemies":"Lagavulin","floor":7,"turns":9},{"damage":19,"enemies":"Gremlin Nob","floor":14,"turns":5},{"damage":2,"enemies":"Hexaghost","floor":16,"turns":9},{"damage":2,"enemies":"Chosen","floor":18,"turns":7},{"damage":3,"enemies":"3 Byrds","floor":20,"turns":5},{"damage":3,"enemies":"Snake Plant","floor":22,"turns":6},{"damage":0,"enemies":"Book of Stabbing","floor":24,"turns":6},{"damage":15,"enemies":"3 Cultists","floor":25,"turns":7},{"damage":1,"enemies":"Centurion and Healer","floor":28,"turns":4},{"damage":5,"enemies":"Snake Plant","floor":29,"turns":6},{"damage":1,"enemies":"Shelled Parasite and Fungi","floor":31,"turns":5},{"damage":13,"enemies":"Automaton","floor":33,"turns":8},{"damage":9,"enemies":"Orb Walker","floor":35,"turns":5},{"damage":0,"enemies":"3 Shapes","floor":36,"turns":3},{"damage":54,"enemies":"Giant Head","floor":40,"turns":10}],"seed_played":"-2399982753945847439","potions_obtained":[{"floor":1,"key":"Explosive Potion"},{"floor":2,"key":"Dexterity Potion"},{"floor":5,"key":"PowerPotion"}],"is_trial":false,"path_per_floor":["M","M","?","M","M","R","E","R","T","?","R","?","$","E","R","B",null,"M","?","M","$","M","R","E","M","T","R","M","M","R","M","R","B",null,"M","M","$","?","$","E"],"character_chosen":"THE_SILENT","items_purchased":["Oddly Smooth Stone","Dash","Snake Skull"],"campfire_rested":1,"item_purchase_floors":[13,13,21],"current_hp_per_floor":[55,55,55,55,51,51,37,37,37,37,37,37,37,18,18,16,49,47,47,44,44,41,41,41,26,26,44,43,38,38,37,37,24,56,47,47,47,47,47,0],"gold":281,"neow_bonus":"HUNDRED_GOLD","is_prod":false,"is_daily":false,"chose_seed":false,"campfire_upgraded":7,"win_rate":0,"timestamp":1557125326,"path_taken":["M","M","?","M","?","R","E","R","T","?","R","?","$","E","R","BOSS","M","?","?","$","M","R","E","M","T","R","M","M","R","M","R","BOSS","M","M","$","?","$","E"],"build_version":"2019-04-23","purchased_purges":1,"victory":false,"max_hp_per_floor":[66,66,66,66,66,66,66,66,66,66,66,60,60,60,60,60,60,60,60,60,60,60,60,60,60,60,60,60,60,60,60,60,60,65,65,65,65,62,62,62],"card_choices":[{"not_picked":["Reflex","PiercingWail"],"picked":"Noxious Fumes","floor":1},{"not_picked":["Dagger Spray","Underhanded Strike"],"picked":"Flying Knee","floor":2},{"not_picked":["Slice","Outmaneuver"],"picked":"PiercingWail","floor":4},{"not_picked":["Accuracy","Underhanded Strike","Deflect"],"picked":"SKIP","floor":5},{"not_picked":["Bane","Masterful Stab"],"picked":"Noxious Fumes","floor":7},{"not_picked":["Endless Agony","Outmaneuver"],"picked":"Cloak And Dagger","floor":14},{"not_picked":["After Image","Envenom"],"picked":"Malaise","floor":16},{"not_picked":["Reflex","Eviscerate","Deflect"],"picked":"SKIP","floor":18},{"not_picked":["Deflect","Dagger Throw"],"picked":"Leg Sweep","floor":20},{"not_picked":["Infinite Blades","Terror"],"picked":"Backflip","floor":22},{"not_picked":["Bane","Cloak And Dagger"],"picked":"Well Laid Plans","floor":24},{"not_picked":["Expertise","Masterful Stab"],"picked":"Corpse Explosion","floor":25},{"not_picked":["Deadly Poison","Infinite Blades"],"picked":"Leg Sweep+1","floor":28},{"not_picked":["Quick Slash","Bane","Flying Knee"],"picked":"SKIP","floor":29},{"not_picked":["Caltrops","Bouncing Flask"],"picked":"Envenom","floor":31},{"not_picked":["A Thousand Cuts","Bullet Time"],"picked":"Night Terror","floor":33},{"not_picked":["Prepared","Sucker Punch"],"picked":"Acrobatics","floor":34},{"not_picked":["Accuracy","Slice"],"picked":"Dodge and Roll","floor":35},{"not_picked":["Concentrate+1","Riddle With Holes+1"],"picked":"PiercingWail","floor":36}],"player_experience":6200805,"relics_obtained":[{"floor":7,"key":"Centennial Puzzle"},{"floor":9,"key":"Boot"},{"floor":14,"key":"PreservedInsect"},{"floor":24,"key":"Ninja Scroll"},{"floor":26,"key":"Gremlin Horn"}],"event_choices":[{"damage_healed":0,"gold_gain":0,"cards_transformed":["Strike_G"],"player_choice":"Transformed","damage_taken":0,"max_hp_gain":0,"max_hp_loss":0,"event_name":"Transmorgrifier","floor":3,"gold_loss":0,"cards_obtained":["Burst"]},{"cards_removed":["Strike_G"],"damage_healed":0,"gold_gain":0,"player_choice":"Card Removal","damage_taken":0,"max_hp_gain":0,"max_hp_loss":0,"event_name":"The Cleric","floor":10,"gold_loss":75},{"damage_healed":0,"gold_gain":0,"player_choice":"Lose Max HP","damage_taken":0,"relics_obtained":["Golden Idol"],"max_hp_gain":0,"max_hp_loss":6,"event_name":"Golden Idol","floor":12,"gold_loss":0},{"damage_healed":0,"gold_gain":0,"player_choice":"Gave Potion","damage_taken":0,"relics_obtained":["Art of War"],"max_hp_gain":0,"max_hp_loss":0,"event_name":"WeMeetAgain","floor":19,"gold_loss":0},{"damage_healed":0,"gold_gain":0,"player_choice":"Max HP","damage_taken":0,"max_hp_gain":0,"max_hp_loss":3,"event_name":"Winding Halls","floor":38,"gold_loss":0}],"is_beta":true,"boss_relics":[{"not_picked":["Pandora\u0027s Box","Eternal Feather"],"picked":"Sozu"},{"not_picked":["Runic Dome","Coffee Dripper"],"picked":"Tiny House"}],"items_purged_floors":[39],"is_endless":false,"potions_floor_spawned":[1,2,5,22,24,25,29,33,35,36],"killed_by":"Giant Head","ascension_level":20}