{"gold_per_floor":[112,72,84,102,116,116,150,170,170,170,170,170,40,65,65,65],"floor_reached":16,"playtime":734,"items_purged":["Strike_G"],"score":220,"play_id":"ee4853e3-2eda-45d6-9235-f2336d207034","local_time":"20190508113647","is_ascension_mode":true,"campfire_choices":[{"data":"Predator","floor":6.0,"key":"SMITH"},{"floor":11.0,"key":"REST"},{"floor":15.0,"key":"REST"}],"neow_cost":"NONE","seed_source_timestamp":1359188260132705,"circlet_count":0,"master_deck":["AscendersBane","Defend_G","Defend_G","Defend_G","Defend_G","Defend_G","Strike_G+1","Strike_G","Strike_G","Strike_G","Survivor","Neutralize+1","Predator+1","PiercingWail","Flying Knee+1","Night Terror","Dagger Spray+1","Noxious Fumes","Poisoned Stab+1"],"special_seed":0,"relics":["Ring of the Snake","Whetstone","Smiling Mask","Molten Egg 2"],"potions_floor_usage":[16],"damage_taken":[{"damage":2.0,"enemies":"Jaw Worm","floor":1.0,"turns":8.0},{"damage":3.0,"enemies":"Cultist","floor":3.0,"turns":4.0},{"damage":0.0,"enemies":"2 Louse","floor":4.0,"turns":3.0},{"damage":0.0,"enemies":"2 Fungi Beasts","floor":5.0,"turns":3.0},{"damage":29.0,"enemies":"3 Sentries","floor":7.0,"turns":9.0},{"damage":1.0,"enemies":"Exordium Wildlife","floor":8.0,"turns":3.0},{"damage":17.0,"enemies":"Lagavulin","floor":14.0,"turns":6.0},{"damage":28,"enemies":"The Guardian","floor":16,"turns":10}],"seed_played":"-6515053974061214165","potions_obtained":[{"floor":1.0,"key":"Swift Potion"},{"floor":2.0,"key":"Fire Potion"},{"floor":5.0,"key":"Fire Potion"},{"floor":14.0,"key":"AttackPotion"}],"is_trial":false,"path_per_floor":["M","?","M","M","M","R","E","M","T","?","R","?","$","E","R","B"],"character_chosen":"THE_SILENT","items_purchased":["Noxious Fumes"],"campfire_rested":2,"item_purchase_floors":[13],"current_hp_per_floor":[57,57,54,54,54,54,25,24,24,6,25,25,25,8,27,0],"gold":65,"neow_bonus":"UPGRADE_CARD","is_prod":false,"is_daily":false,"chose_seed":false,"campfire_upgraded":1,"win_rate":0,"timestamp":1557329807,"path_taken":["M","?","M","?","M","R","E","M","T","?","R","?","?","E","R","BOSS"],"build_version":"2019-01-23","purchased_purges":1,"victory":false,"max_hp_per_floor":[66,66,66,66,66,66,66,66,66,66,66,66,66,66,66,66],"card_choices":[{"not_picked":["Outmaneuver","Dodge and Roll"],"picked":"Predator","floor":1.0},{"not_picked":["Reflex","Heel Hook"],"picked":"PiercingWail","floor":3.0},{"not_picked":["Dodge and Roll","Catalyst","PiercingWail"],"picked":"SKIP","floor":4.0},{"not_picked":["Accuracy","Sucker Punch"],"picked":"Flying Knee","floor":5.0},{"not_picked":["PiercingWail","Concentrate"],"picked":"Night Terror","floor":7.0},{"not_picked":["Endless Agony","Dagger Throw"],"picked":"Dagger Spray","floor":8.0},{"not_picked":["Noxious Fumes","Prepared"],"picked":"Poisoned Stab","floor":14.0}],"player_experience":2466401,"relics_obtained":[{"floor":7.0,"key":"Whetstone"},{"floor":14.0,"key":"Molten Egg 2"}],"event_choices":[{"damage_healed":0.0,"max_hp_gain":0.0,"max_hp_loss":0.0,"gold_gain":0.0,"event_name":"The Woman in Blue","player_choice":"Bought 3 Potions","floor":2.0,"gold_loss":0.0,"damage_taken":0.0},{"damage_healed":0.0,"max_hp_gain":0.0,"max_hp_loss":0.0,"gold_gain":0.0,"event_name":"Scrap Ooze","player_choice":"Success","floor":10.0,"gold_loss":0.0,"damage_taken":18.0,"relics_obtained":["Smiling Mask"]},{"damage_healed":0.0,"max_hp_gain":0.0,"max_hp_loss":0.0,"gold_gain":0.0,"event_name":"Living Wall","player_choice":"Grow","floor":12.0,"gold_loss":0.0,"damage_taken":0.0,"cards_upgraded":["Dagger Spray"]}],"is_beta":false,"boss_relics":[],"items_purged_floors":[13],"is_endless":false,"potions_floor_spawned":[1,5,14],"killed_by":"The Guardian","ascension_level":20}