{"gold_per_floor":[110,122,122,132,150,150,185,200,200,228,243,243,243,253,253,349,349,367,36,36,47,47,57,68,68],"floor_reached":25,"playtime":2721,"items_purged":["Defend_R"],"score":242,"play_id":"87ac2c5b-6834-4593-b90f-130d076241ce","local_time":"20180628233123","is_ascension_mode":false,"campfire_choices":[{"floor":6,"key":"REST"},{"floor":13,"key":"REST"},{"data":"Heavy Blade","floor":15,"key":"SMITH"}],"neow_cost":"FIFTY_PERCENT_DAMAGE","seed_source_timestamp":273028262752946,"circlet_count":0,"master_deck":["Strike_R","Strike_R","Strike_R","Strike_R","Strike_R","Defend_R","Defend_R","Defend_R","Bash","Heavy Blade+1","Flex","Clash","Headbutt","Sword Boomerang","Demon Form","Pummel","Heavy Blade","Pummel","Demon Form","Whirlwind+1","Sword Boomerang+1","RitualDagger","Clash","Heavy Blade+1"],"relics":["Burning Blood","Anchor","Boot","Dream Catcher","Question Card","Black Star","Mummified Hand"],"potions_floor_usage":[7,10,16,16,16],"damage_taken":[{"damage":6,"enemies":"Jaw Worm","floor":1,"turns":5},{"damage":7,"enemies":"2 Louse","floor":2,"turns":3},{"damage":4,"enemies":"Small Slimes","floor":4,"turns":5},{"damage":0,"enemies":"2 Fungi Beasts","floor":5,"turns":3},{"damage":14,"enemies":"Gremlin Nob","floor":7,"turns":3},{"damage":0,"enemies":"Looter","floor":8,"turns":2},{"damage":27,"enemies":"3 Sentries","floor":10,"turns":7},{"damage":15,"enemies":"Exordium Thugs","floor":11,"turns":4},{"damage":0,"enemies":"Large Slime","floor":14,"turns":3},{"damage":29,"enemies":"Hexaghost","floor":16,"turns":6},{"damage":23,"enemies":"Shell Parasite","floor":18,"turns":4},{"damage":0,"enemies":"Chosen","floor":21,"turns":4},{"damage":30,"enemies":"Snecko","floor":23,"turns":4},{"damage":35,"enemies":"Sentry and Sphere","floor":24,"turns":5},{"damage":31,"enemies":"Cultist and Chosen","floor":25,"turns":3}],"seed_played":"-8241640701697917549","potions_obtained":[{"floor":1,"key":"Swift Potion"},{"floor":2,"key":"Poison Potion"},{"floor":4,"key":"SkillPotion"},{"floor":10,"key":"EssenceOfSteel"},{"floor":11,"key":"SkillPotion"},{"floor":21,"key":"Strength Potion"},{"floor":23,"key":"SpeedPotion"}],"is_trial":false,"path_per_floor":["M","M","?","M","M","R","E","M","T","E","M","?","R","M","R","B",null,"M","$","?","M","?","M","M"],"character_chosen":"IRONCLAD","items_purchased":["Mummified Hand"],"campfire_rested":2,"item_purchase_floors":[19],"current_hp_per_floor":[48,47,52,54,60,90,82,88,88,67,58,40,70,76,76,53,101,84,84,84,90,84,60,31,0],"gold":68,"neow_bonus":"TWENTY_PERCENT_HP_BONUS","is_prod":false,"is_daily":false,"chose_seed":false,"campfire_upgraded":1,"win_rate":0.0,"timestamp":1530243083,"path_taken":["M","M","?","M","M","R","E","M","T","E","M","?","R","M","R","BOSS","M","$","?","M","?","M","M","M"],"build_version":"2018-06-21v2","purchased_purges":1,"victory":false,"max_hp_per_floor":[96,96,101,101,101,101,101,101,101,101,101,101,101,101,101,101,101,101,101,101,101,101,101,101,101],"card_choices":[{"not_picked":["Carnage","Anger"],"picked":"Heavy Blade","floor":1},{"not_picked":["True Grit","Clothesline"],"picked":"Flex","floor":2},{"not_picked":["Twin Strike","True Grit"],"picked":"Clash","floor":4},{"not_picked":["Heavy Blade","Thunderclap"],"picked":"Headbutt","floor":5},{"not_picked":["Armaments","Anger"],"picked":"Sword Boomerang","floor":7},{"not_picked":["Rampage","Shrug It Off"],"picked":"Demon Form","floor":8},{"not_picked":["Headbutt","Warcry"],"picked":"Pummel","floor":10},{"not_picked":["Anger","Clash"],"picked":"Heavy Blade","floor":11},{"not_picked":["Corruption","Flame Barrier","Hemokinesis"],"picked":"Pummel","floor":13},{"not_picked":["Clothesline","Anger","Corruption","Armaments"],"picked":"SKIP","floor":14},{"not_picked":["Reaper","Bludgeon","Dark Embrace"],"picked":"Demon Form","floor":16},{"not_picked":["Thunderclap","Dual Wield","Clothesline"],"picked":"Whirlwind+1","floor":18},{"not_picked":["Seeing Red","Warcry","Blood for Blood+1"],"picked":"Sword Boomerang+1","floor":21},{"not_picked":["Anger","Headbutt","Inflame"],"picked":"Clash","floor":23},{"not_picked":["Pommel Strike+1","Clash","Blood for Blood"],"picked":"Heavy Blade+1","floor":24}],"player_experience":6939,"relics_obtained":[{"floor":7,"key":"Anchor"},{"floor":9,"key":"Boot"},{"floor":10,"key":"Dream Catcher"}],"event_choices":[{"event_name":"Big Fish","player_choice":"Donut","floor":3,"damage_taken":0},{"event_name":"Scrap Ooze","player_choice":"success","floor":12,"damage_taken":18},{"event_name":"Vampires","player_choice":"Ignored","floor":20,"damage_taken":0},{"event_name":"Nest","player_choice":"Joined the Cult","floor":22,"damage_taken":0}],"boss_relics":[{"not_picked":["Fusion Hammer","Runic Dome"],"picked":"Black Star"}],"items_purged_floors":[19],"is_endless":false,"potions_floor_spawned":[1,2,4,10,11,21,23],"killed_by":"Cultist and Chosen","ascension_level":0}