{"gold_per_floor":[119,294,294,319,334,334,365,365,445,445,445,445],"floor_reached":12,"playtime":389,"items_purged":[],"score":91,"play_id":"f699b07c-4d8c-45ec-9c59-d6eef678458d","local_time":"20180909213356","is_ascension_mode":true,"campfire_choices":[{"data":"Zap","floor":6,"key":"SMITH"},{"data":"Blizzard","floor":8,"key":"SMITH"},{"data":"Dualcast","floor":10,"key":"SMITH"}],"neow_cost":"NONE","seed_source_timestamp":616317834764494,"circlet_count":0,"master_deck":["Strike_B","Strike_B","Strike_B+1","Strike_B","Defend_B+1","Defend_B","Defend_B","Defend_B","Zap+1","Dualcast+1","Blizzard+1","Doubt","Capacitor","Cold Snap","Reinforced Body"],"relics":["Cracked Core","Golden Idol","Regal Pillow","Bottled Tornado"],"potions_floor_usage":[7,7,12,12],"damage_taken":[{"damage":8,"enemies":"2 Louse","floor":1,"turns":3},{"damage":4,"enemies":"Jaw Worm","floor":4,"turns":4},{"damage":10,"enemies":"Small Slimes","floor":5,"turns":3},{"damage":25,"enemies":"3 Sentries","floor":7,"turns":6},{"damage":15,"enemies":"Gremlin Nob","floor":12,"turns":3}],"seed_played":"-914074820792988998","potions_obtained":[{"floor":0,"key":"SkillPotion"},{"floor":0,"key":"Ancient Potion"},{"floor":0,"key":"Explosive Potion"},{"floor":1,"key":"LiquidBronze"},{"floor":7,"key":"Swift Potion"}],"is_trial":false,"path_per_floor":["M","?","?","M","M","R","E","R","T","R","?"],"character_chosen":"DEFECT","items_purchased":[],"campfire_rested":0,"item_purchase_floors":[],"current_hp_per_floor":[67,67,67,63,53,53,28,28,28,28,14,0],"gold":445,"neow_bonus":"THREE_SMALL_POTIONS","is_prod":false,"is_daily":false,"chose_seed":false,"campfire_upgraded":3,"win_rate":0,"timestamp":1536543236,"path_taken":["M","?","?","M","M","R","E","R","T","R","?","E"],"build_version":"2018-09-06","purchased_purges":0,"victory":false,"max_hp_per_floor":[75,75,69,69,69,69,69,69,69,69,69,69],"card_choices":[{"not_picked":["Coolheaded","Turbo"],"picked":"Blizzard","floor":1},{"not_picked":["Cold Snap","Beam Cell"],"picked":"Capacitor","floor":4},{"not_picked":["Barrage","Scrape"],"picked":"Cold Snap","floor":5},{"not_picked":["Steam","Aggregate"],"picked":"Reinforced Body","floor":7}],"player_experience":1002338,"relics_obtained":[{"floor":7,"key":"Regal Pillow"},{"floor":9,"key":"Bottled Tornado"}],"event_choices":[{"event_name":"Liars Game","player_choice":"agreed","floor":2,"damage_taken":0},{"event_name":"Golden Idol","player_choice":"Lose Max HP","floor":3,"damage_taken":0},{"event_name":"Shining Light","player_choice":"Entered Light","floor":11,"damage_taken":0}],"is_beta":false,"boss_relics":[],"items_purged_floors":[],"is_endless":false,"potions_floor_spawned":[1,7],"killed_by":"Gremlin Nob","ascension_level":4}