{"gold_per_floor":[366,385,310,310,310,310,333,349,372,372,397,413,413,433,433,526,526,540,540,223,247,268,268,288,288,288,314,349,361,391,453],"floor_reached":31,"playtime":830,"items_purged":["Strike_G","Strike_G"],"score":466,"play_id":"7add140b-e078-46f3-9892-766db4e38626","local_time":"20181121163147","is_ascension_mode":true,"campfire_choices":[{"data":"Neutralize","floor":6.0,"key":"SMITH"},{"floor":10.0,"key":"REST"},{"data":"Noxious Fumes","floor":13.0,"key":"SMITH"},{"data":"Doppelganger","floor":15.0,"key":"SMITH"},{"data":"A Thousand Cuts","floor":23,"key":"SMITH"},{"floor":25,"key":"REST"}],"neow_cost":"TEN_PERCENT_HP_LOSS","seed_source_timestamp":0,"circlet_count":0,"master_deck":["AscendersBane","Defend_G","Defend_G","Defend_G+1","Defend_G","Defend_G","Strike_G","Strike_G","Strike_G","Survivor","Neutralize+1","Deadly Poison+1","Sucker Punch","Backstab","Noxious Fumes+1","Doppelganger+1","A Thousand Cuts+1","Cloak And Dagger","Neutralize","Die Die Die","Dodge and Roll"],"special_seed":0,"relics":["Ring of the Snake","Golden Idol","Oddly Smooth Stone","Runic Dome","TwistedFunnel","MawBank","SsserpentHead"],"potions_floor_usage":[31],"damage_taken":[{"damage":2.0,"enemies":"2 Louse","floor":1.0,"turns":3.0},{"damage":0.0,"enemies":"Cultist","floor":2.0,"turns":4.0},{"damage":0.0,"enemies":"Jaw Worm","floor":7.0,"turns":4.0},{"damage":23.0,"enemies":"Lots of Slimes","floor":8.0,"turns":7.0},{"damage":1.0,"enemies":"Large Slime","floor":11.0,"turns":6.0},{"damage":0.0,"enemies":"Looter","floor":12.0,"turns":3.0},{"damage":0.0,"enemies":"Blue Slaver","floor":14.0,"turns":3.0},{"damage":1.0,"enemies":"The Guardian","floor":16.0,"turns":10.0},{"damage":14,"enemies":"3 Byrds","floor":18,"turns":6},{"damage":10,"enemies":"Chosen","floor":21,"turns":5},{"damage":3,"enemies":"3 Cultists","floor":22,"turns":4},{"damage":12,"enemies":"Shelled Parasite and Fungi","floor":24,"turns":6},{"damage":7,"enemies":"Centurion and Healer","floor":27,"turns":5},{"damage":5,"enemies":"3 Cultists","floor":28,"turns":5},{"damage":8,"enemies":"Sentry and Sphere","floor":30,"turns":5},{"damage":13,"enemies":"Chosen and Byrds","floor":31,"turns":5}],"seed_played":"-6971679359657728670","potions_obtained":[{"floor":7.0,"key":"Swift Potion"},{"floor":11.0,"key":"Swift Potion"},{"floor":14.0,"key":"PowerPotion"},{"floor":16.0,"key":"SteroidPotion"},{"floor":30,"key":"Block Potion"}],"is_trial":false,"path_per_floor":["M","M","$","?","?","R","M","M","T","R","M","M","R","M","R","B",null,"M","?","$","M","M","R","M","R","T","M","M","?","M","M"],"character_chosen":"THE_SILENT","items_purchased":["TwistedFunnel"],"campfire_rested":2,"item_purchase_floors":[20],"current_hp_per_floor":[57,57,57,39,39,39,39,16,16,32,31,31,31,31,31,30,48,34,34,34,24,21,21,9,25,25,18,13,13,5,0],"gold":453,"neow_bonus":"TWO_FIFTY_GOLD","is_prod":false,"is_daily":false,"chose_seed":false,"campfire_upgraded":4,"win_rate":0,"timestamp":1542843107,"path_taken":["M","M","$","?","?","R","M","M","T","R","M","M","R","M","R","BOSS","M","?","$","M","?","R","M","R","T","M","?","?","M","?"],"build_version":"2018-11-15","purchased_purges":2,"victory":false,"max_hp_per_floor":[60,60,60,60,54,54,54,54,54,54,54,54,54,54,54,54,54,54,54,54,54,54,54,54,54,54,54,54,54,54,54],"card_choices":[{"not_picked":["Deflect","Riddle With Holes"],"picked":"Deadly Poison","floor":1.0},{"not_picked":["Deflect","Prepared","Terror"],"picked":"SKIP","floor":2.0},{"not_picked":["Bane","PiercingWail"],"picked":"Sucker Punch","floor":7.0},{"not_picked":["Blade Dance","Catalyst","Outmaneuver"],"picked":"SKIP","floor":8.0},{"not_picked":["Underhanded Strike","Dodge and Roll"],"picked":"Backstab","floor":11.0},{"not_picked":["Outmaneuver","Bane"],"picked":"Noxious Fumes","floor":12.0},{"not_picked":["Slice","Acrobatics","Doppelganger"],"picked":"SKIP","floor":14.0},{"not_picked":["Slice","Acrobatics"],"picked":"Doppelganger","floor":14.0},{"not_picked":["Corpse Explosion","Doppelganger"],"picked":"A Thousand Cuts","floor":16.0},{"not_picked":["Slice","Flying Knee"],"picked":"Cloak And Dagger","floor":18},{"not_picked":["Outmaneuver+1","Deflect"],"picked":"Die Die Die","floor":21},{"not_picked":["Caltrops","Prepared","Catalyst+1"],"picked":"SKIP","floor":22},{"not_picked":["Outmaneuver","Bane","All Out Attack"],"picked":"SKIP","floor":24},{"not_picked":["Deflect","Masterful Stab"],"picked":"Dodge and Roll","floor":27},{"not_picked":["Flechettes","Heel Hook","Phantasmal Killer"],"picked":"SKIP","floor":28},{"not_picked":["Bouncing Flask","Deflect","Choke"],"picked":"SKIP","floor":30}],"player_experience":968661,"relics_obtained":[{"floor":9.0,"key":"Oddly Smooth Stone"},{"floor":26,"key":"MawBank"}],"event_choices":[{"damage_healed":0.0,"max_hp_gain":0.0,"max_hp_loss":0.0,"gold_gain":0.0,"event_name":"Shining Light","player_choice":"Entered Light","floor":4.0,"gold_loss":0.0,"damage_taken":18.0,"cards_upgraded":["Defend_G","Deadly Poison"]},{"damage_healed":0.0,"max_hp_gain":0.0,"max_hp_loss":6.0,"gold_gain":0.0,"event_name":"Golden Idol","player_choice":"Lose Max HP","floor":5.0,"gold_loss":0.0,"damage_taken":0.0,"relics_obtained":["Golden Idol"]},{"damage_healed":0,"gold_gain":0,"player_choice":"1 cards matched","damage_taken":0,"max_hp_gain":0,"max_hp_loss":0,"event_name":"Match and Keep!","floor":19,"gold_loss":0,"cards_obtained":["Neutralize"]},{"damage_healed":0,"gold_gain":0,"player_choice":"Trade","damage_taken":0,"relics_obtained":["SsserpentHead"],"max_hp_gain":0,"max_hp_loss":0,"event_name":"FaceTrader","floor":29,"gold_loss":0}],"is_beta":true,"boss_relics":[{"not_picked":["White Beast Statue","Calling Bell"],"picked":"Runic Dome"}],"items_purged_floors":[3,20],"is_endless":false,"potions_floor_spawned":[7,11,14,16,22,28,30],"killed_by":"Chosen and Byrds","ascension_level":20}