{"gold_per_floor":[112,112,37,37,37,37,67,67,91,91,117,133,0,28,28,104,104,123,223,25,35,51,51,70,70,123,137,162,77,77,92,92,168,168,181,21,34,48,124,124,152,152,152,152,170,185,185,202,202,202],"floor_reached":51,"playtime":3369,"items_purged":["Strike_B","Strike_B"],"score":1361,"play_id":"7a9ba34e-272c-4cd5-bb6d-24a3a8d3d18d","local_time":"20190504164156","is_ascension_mode":true,"campfire_choices":[{"data":"Sweeping Beam","floor":6,"key":"SMITH"},{"data":"Zap","floor":8,"key":"SMITH"},{"data":"Dualcast","floor":10,"key":"SMITH"},{"data":"Doom and Gloom","floor":15,"key":"SMITH"},{"floor":23,"key":"REST"},{"floor":25,"key":"REST"},{"data":"Double Energy","floor":32,"key":"SMITH"},{"floor":40,"key":"REST"},{"floor":47,"key":"REST"},{"floor":49,"key":"REST"}],"neow_cost":"NONE","seed_source_timestamp":24751971439472,"circlet_count":0,"master_deck":["AscendersBane","Defend_B+1","Defend_B","Defend_B","Zap+1","Dualcast+1","Sweeping Beam+1","Auto Shields","Darkness","Doom and Gloom+1","Capacitor","Machine Learning","Machine Learning","Melter+1","Rainbow+1","Fission+1","Hologram+1","Steam+1","Go for the Eyes+1","Barrage+1","Conserve Battery+1","All For One+1","Cold Snap+1","Double Energy+1","All For One+1","Gash+1","Swift Strike+1","Rebound+1","Barrage+1","Undo","Panache","Redo+1","Glacier"],"relics":["Cracked Core","NeowsBlessing","Mercury Hourglass","Ornamental Fan","Smiling Mask","Bag of Preparation","Odd Mushroom","Astrolabe","Molten Egg 2","Ice Cream","Regal Pillow","Tiny Chest","Whetstone","Happy Flower","Nuclear Battery","Symbiotic Virus","Boot","Peace Pipe","War Paint"],"potions_floor_usage":[19,24,24,41,46,50],"damage_taken":[{"damage":0,"enemies":"Jaw Worm","floor":1,"turns":1},{"damage":0,"enemies":"Gremlin Nob","floor":7,"turns":1},{"damage":0,"enemies":"Lagavulin","floor":11,"turns":1},{"damage":0,"enemies":"2 Louse","floor":12,"turns":1},{"damage":0,"enemies":"The Mushroom Lair","floor":14,"turns":2},{"damage":22,"enemies":"Slime Boss","floor":16,"turns":5},{"damage":0,"enemies":"Chosen","floor":18,"turns":3},{"damage":14,"enemies":"Colosseum Slavers","floor":19,"turns":3},{"damage":34,"enemies":"Colosseum Nobs","floor":19,"turns":4},{"damage":0,"enemies":"Spheric Guardian","floor":21,"turns":2},{"damage":5,"enemies":"3 Cultists","floor":22,"turns":4},{"damage":28,"enemies":"Snake Plant","floor":24,"turns":3},{"damage":0,"enemies":"Chosen and Byrds","floor":27,"turns":4},{"damage":14,"enemies":"Book of Stabbing","floor":28,"turns":6},{"damage":1,"enemies":"Shelled Parasite and Fungi","floor":31,"turns":4},{"damage":37,"enemies":"Automaton","floor":33,"turns":8},{"damage":0,"enemies":"3 Shapes","floor":35,"turns":5},{"damage":5,"enemies":"Orb Walker","floor":37,"turns":3},{"damage":29,"enemies":"Spire Growth","floor":38,"turns":4},{"damage":38,"enemies":"Giant Head","floor":41,"turns":7},{"damage":5,"enemies":"Maw","floor":45,"turns":5},{"damage":0,"enemies":"3 Darklings","floor":46,"turns":3},{"damage":19,"enemies":"Transient","floor":48,"turns":6},{"damage":46,"enemies":"Awakened One","floor":50,"turns":12}],"seed_played":"-773145592160405380","potions_obtained":[{"floor":7,"key":"Explosive Potion"},{"floor":16,"key":"SpeedPotion"},{"floor":21,"key":"Ancient Potion"},{"floor":22,"key":"Regen Potion"},{"floor":24,"key":"Ancient Potion"},{"floor":31,"key":"Regen Potion"},{"floor":33,"key":"PowerPotion"},{"floor":45,"key":"Regen Potion"},{"floor":46,"key":"EssenceOfSteel"}],"is_trial":false,"path_per_floor":["M","?","$","?","?","R","E","R","T","R","E","M","$","?","R","B",null,"M","?","$","M","M","R","M","R","T","M","E","?","?","M","R","B",null,"M","$","M","M","T","R","E","?","T","?","M","M","R","M","R","B",null],"character_chosen":"DEFECT","items_purchased":["Capacitor","Regal Pillow","Go for the Eyes+1","Gash+1","Swift Strike+1"],"campfire_rested":5,"item_purchase_floors":[13,20,20,36,36],"current_hp_per_floor":[64,69,69,69,58,58,58,58,58,58,58,58,58,58,58,36,66,66,18,18,18,13,50,27,64,64,64,50,50,50,49,49,12,60,60,60,55,26,26,63,25,25,25,25,20,25,62,43,76,30],"gold":202,"neow_bonus":"THREE_ENEMY_KILL","is_prod":false,"is_daily":false,"chose_seed":false,"campfire_upgraded":5,"win_rate":0,"timestamp":1556980916,"path_taken":["M","?","$","?","?","R","E","R","T","R","E","?","?","?","R","BOSS","M","?","$","M","M","R","M","R","T","M","E","?","?","M","R","BOSS","M","$","M","M","?","R","E","?","T","?","?","M","R","?","R","BOSS"],"build_version":"2019-01-23","purchased_purges":2,"victory":true,"max_hp_per_floor":[71,76,76,76,76,76,76,76,76,76,76,76,76,76,76,76,76,76,76,76,76,76,76,76,76,76,76,76,76,76,76,76,76,76,76,76,76,76,76,76,76,76,76,76,76,76,76,76,76,76],"card_choices":[{"not_picked":["Double Energy","Go for the Eyes"],"picked":"Sweeping Beam","floor":1},{"not_picked":["Buffer","Sweeping Beam"],"picked":"Auto Shields","floor":7},{"not_picked":["Reprogram","Coolheaded"],"picked":"Darkness","floor":11},{"not_picked":["Rebound","Steam"],"picked":"Doom and Gloom","floor":12},{"not_picked":["Steam","Conserve Battery"],"picked":"Machine Learning","floor":14},{"not_picked":["Meteor Strike","Thunder Strike"],"picked":"Machine Learning","floor":16},{"not_picked":["Leap","Compile Driver"],"picked":"Hologram","floor":18},{"not_picked":["Barrage","Compile Driver"],"picked":"Steam","floor":19},{"not_picked":["Rebound+1","Hello World","Stack"],"picked":"SKIP","floor":21},{"not_picked":["Aggregate","Chaos"],"picked":"Barrage+1","floor":22},{"not_picked":["Force Field","Lockon+1"],"picked":"Conserve Battery+1","floor":24},{"not_picked":["Skim","Steam Power"],"picked":"All For One+1","floor":27},{"not_picked":["Stack","Streamline+1"],"picked":"Cold Snap+1","floor":28},{"not_picked":["Turbo","Self Repair"],"picked":"Double Energy","floor":31},{"not_picked":["Hyperbeam+1","Machine Learning"],"picked":"All For One+1","floor":33},{"not_picked":["Storm","Conserve Battery","Chill"],"picked":"SKIP","floor":35},{"not_picked":["Streamline+1","Blizzard+1"],"picked":"Rebound+1","floor":37},{"not_picked":["Turbo","Blizzard+1"],"picked":"Barrage+1","floor":38},{"not_picked":["Skim","Chaos"],"picked":"Undo","floor":41},{"not_picked":["PanicButton","Discovery"],"picked":"Panache","floor":42},{"not_picked":["Barrage+1","Static Discharge+1","Hello World"],"picked":"SKIP","floor":45},{"not_picked":["Reprogram","Conserve Battery"],"picked":"Redo+1","floor":46},{"not_picked":["Creative AI","Fusion"],"picked":"Glacier","floor":48}],"player_experience":321156,"relics_obtained":[{"floor":7,"key":"Ornamental Fan"},{"floor":9,"key":"Smiling Mask"},{"floor":11,"key":"Bag of Preparation"},{"floor":14,"key":"Odd Mushroom"},{"floor":19,"key":"Molten Egg 2"},{"floor":19,"key":"Ice Cream"},{"floor":26,"key":"Tiny Chest"},{"floor":28,"key":"Whetstone"},{"floor":39,"key":"Symbiotic Virus"},{"floor":41,"key":"Boot"},{"floor":43,"key":"Peace Pipe"},{"floor":44,"key":"War Paint"}],"event_choices":[{"damage_healed":0,"gold_gain":0,"player_choice":"Donut","damage_taken":0,"max_hp_gain":5,"max_hp_loss":0,"event_name":"Big Fish","floor":2,"gold_loss":0},{"damage_healed":0,"gold_gain":0,"player_choice":"Leave","damage_taken":0,"max_hp_gain":0,"max_hp_loss":0,"event_name":"The Cleric","floor":4,"gold_loss":0},{"damage_healed":0,"gold_gain":0,"player_choice":"Success","damage_taken":11,"relics_obtained":["Mercury Hourglass"],"max_hp_gain":0,"max_hp_loss":0,"event_name":"Scrap Ooze","floor":5,"gold_loss":0},{"damage_healed":0,"gold_gain":0,"player_choice":"Fought Mushrooms","damage_taken":0,"max_hp_gain":0,"max_hp_loss":0,"event_name":"Mushrooms","floor":14,"gold_loss":0},{"damage_healed":0,"gold_gain":0,"player_choice":"Fight","damage_taken":0,"max_hp_gain":0,"max_hp_loss":0,"event_name":"Colosseum","floor":19,"gold_loss":0},{"damage_healed":0,"gold_gain":0,"player_choice":"Fought Nobs","damage_taken":0,"max_hp_gain":0,"max_hp_loss":0,"event_name":"Colosseum","floor":19,"gold_loss":0},{"damage_healed":0,"gold_gain":0,"player_choice":"Obtained Relic","damage_taken":0,"relics_obtained":["Happy Flower"],"max_hp_gain":0,"max_hp_loss":0,"event_name":"Addict","floor":29,"gold_loss":85},{"damage_healed":0,"gold_gain":0,"player_choice":"Forge","damage_taken":0,"max_hp_gain":0,"max_hp_loss":0,"event_name":"Accursed Blacksmith","floor":30,"gold_loss":0,"cards_upgraded":["Hologram"]},{"damage_healed":0,"gold_gain":0,"player_choice":"Memory 1","damage_taken":0,"max_hp_gain":0,"max_hp_loss":0,"event_name":"SensoryStone","floor":42,"gold_loss":0},{"damage_healed":0,"gold_gain":0,"player_choice":"Relic","damage_taken":0,"max_hp_gain":0,"max_hp_loss":0,"event_name":"Wheel of Change","floor":44,"gold_loss":0}],"is_beta":false,"boss_relics":[{"not_picked":["White Beast Statue","Velvet Choker"],"picked":"Astrolabe"},{"not_picked":["Fusion Hammer","Orrery"],"picked":"Nuclear Battery"}],"items_purged_floors":[3,13],"is_endless":false,"potions_floor_spawned":[7,16,19,21,22,24,31,33,35,45,46],"ascension_level":18}