{"gold_per_floor":[111,127,277,277,345,345,371,451,451,579,618,668,685,48,48,48],"floor_reached":16,"playtime":953,"items_purged":["Defend_G"],"score":179,"play_id":"2185ecb9-447f-4720-959c-79f3ec7897fc","local_time":"20180908225553","is_ascension_mode":true,"campfire_choices":[{"data":"Dagger Spray","floor":6,"key":"SMITH"},{"data":"Footwork","floor":15,"key":"SMITH"}],"neow_cost":"NONE","seed_source_timestamp":534253359298445,"circlet_count":0,"master_deck":["Defend_G","Defend_G","Defend_G","Defend_G","Strike_G","Strike_G","Strike_G","Strike_G","Strike_G","Survivor","Neutralize+1","AscendersBane","Footwork+1","Prepared","Dagger Spray+1","Catalyst","Leg Sweep","Dagger Spray","Panacea"],"relics":["Ring of the Snake","SsserpentHead","Mummified Hand","Pantograph","Darkstone Periapt","Spirit Poop","Membership Card","Paper Crane","Ice Cream"],"potions_floor_usage":[7,11,16],"damage_taken":[{"damage":2,"enemies":"Jaw Worm","floor":1,"turns":6},{"damage":0,"enemies":"Cultist","floor":2,"turns":6},{"damage":4,"enemies":"Small Slimes","floor":5,"turns":7},{"damage":21,"enemies":"Gremlin Nob","floor":7,"turns":5},{"damage":9,"enemies":"Exordium Thugs","floor":11,"turns":6},{"damage":7,"enemies":"Large Slime","floor":13,"turns":10},{"damage":59,"enemies":"Hexaghost","floor":16,"turns":16}],"seed_played":"-7772773138788333311","potions_obtained":[{"floor":1,"key":"Regen Potion"},{"floor":5,"key":"EssenceOfSteel"},{"floor":13,"key":"SneckoOil"}],"is_trial":false,"path_per_floor":["M","M","?","?","M","R","E","?","T","T","M","?","M","$","R"],"character_chosen":"THE_SILENT","items_purchased":["Membership Card","Paper Crane","Ice Cream","Panacea"],"campfire_rested":0,"item_purchase_floors":[14,14,14,14],"current_hp_per_floor":[57,57,57,57,53,53,32,32,32,32,38,38,31,31,31,0],"gold":48,"neow_bonus":"UPGRADE_CARD","is_prod":false,"is_daily":false,"chose_seed":false,"campfire_upgraded":2,"win_rate":0,"timestamp":1536461753,"path_taken":["M","M","?","?","?","R","E","?","T","?","?","?","M","$","R","BOSS"],"build_version":"2018-09-06","purchased_purges":1,"victory":false,"max_hp_per_floor":[66,66,66,66,66,66,66,66,66,66,66,66,66,66,66,66],"card_choices":[{"not_picked":["Accuracy","Backflip"],"picked":"Footwork","floor":1},{"not_picked":["Underhanded Strike","Distraction"],"picked":"Prepared","floor":2},{"not_picked":["Backflip","Terror"],"picked":"Dagger Spray","floor":5},{"not_picked":["Reflex","Grand Finale"],"picked":"Catalyst","floor":7},{"not_picked":["Choke","Calculated Gamble"],"picked":"Leg Sweep","floor":11},{"not_picked":["Flechettes","Calculated Gamble"],"picked":"Dagger Spray","floor":13}],"player_experience":988977,"relics_obtained":[{"floor":7,"key":"Mummified Hand"},{"floor":9,"key":"Pantograph"},{"floor":10,"key":"Darkstone Periapt"}],"event_choices":[{"event_name":"Liars Game","player_choice":"agreed","floor":3,"damage_taken":0},{"event_name":"FaceTrader","player_choice":"Trade","floor":4,"damage_taken":0},{"event_name":"Dead Adventurer","player_choice":"Searched \u00271\u0027 times","floor":8,"damage_taken":0},{"event_name":"Bonfire Elementals","player_choice":"CURSE","floor":12,"damage_taken":0}],"is_beta":false,"boss_relics":[],"items_purged_floors":[14],"is_endless":false,"potions_floor_spawned":[1,5,13],"killed_by":"Hexaghost","ascension_level":16}