{"gold_per_floor":[117,26,26,26,201,233,233,233,233,266,266,266,297,30,30,127,127,145,160,6,29,46,46],"floor_reached":23,"playtime":712,"items_purged":["Doubt"],"score":342,"play_id":"397fcc68-789e-4977-89f1-c7d91acdd010","local_time":"20190313145049","is_ascension_mode":true,"campfire_choices":[{"data":"Static Discharge","floor":7,"key":"SMITH"},{"data":"Loop","floor":12,"key":"SMITH"},{"data":"Loop","floor":15,"key":"SMITH"}],"neow_cost":"NONE","seed_source_timestamp":13045048702894,"circlet_count":0,"master_deck":["Zap","Dualcast","Lockon","Static Discharge+1","Loop+1","Loop+1","Seek","Multi-Cast","Leap","Fusion","Tempest","Reinforced Body","Hyperbeam","Static Discharge","Redo","Conserve Battery+1","Rebound","Coolheaded+1","Go for the Eyes","Static Discharge","Chill"],"relics":["Cracked Core","NeowsBlessing","Happy Flower","Prayer Wheel","PreservedInsect","Lantern","OrangePellets","Pandora\u0027s Box","Potion Belt"],"potions_floor_usage":[13,13,16,23],"damage_taken":[{"damage":0,"enemies":"2 Louse","floor":1,"turns":1},{"damage":0,"enemies":"Lagavulin","floor":6,"turns":1},{"damage":0,"enemies":"Gremlin Nob","floor":10,"turns":1},{"damage":15,"enemies":"3 Sentries","floor":13,"turns":4},{"damage":24,"enemies":"Slime Boss","floor":16,"turns":8},{"damage":24,"enemies":"2 Thieves","floor":18,"turns":3},{"damage":5,"enemies":"Shell Parasite","floor":19,"turns":2},{"damage":17,"enemies":"Chosen and Byrds","floor":22,"turns":1},{"damage":29,"enemies":"Slavers","floor":23,"turns":4}],"seed_played":"7975989265504273046","potions_obtained":[{"floor":1,"key":"SteroidPotion"},{"floor":13,"key":"SteroidPotion"},{"floor":18,"key":"SteroidPotion"},{"floor":19,"key":"EssenceOfSteel"}],"is_trial":false,"path_per_floor":["M","$","?","?","?","E","R","?","T","E","?","R","E","$","R","B",null,"M","M","$","T","M","E"],"character_chosen":"DEFECT","items_purchased":["Static Discharge","SkillPotion","OrangePellets","Static Discharge","Chill"],"campfire_rested":0,"item_purchase_floors":[2,2,14,20,20],"current_hp_per_floor":[68,68,53,53,53,53,53,58,58,58,58,58,43,43,43,19,65,41,36,36,36,19,0],"gold":46,"neow_bonus":"THREE_ENEMY_KILL","is_prod":false,"is_daily":false,"chose_seed":false,"campfire_upgraded":3,"win_rate":0,"timestamp":1552503049,"path_taken":["M","$","?","?","?","E","R","?","T","E","?","R","E","$","R","BOSS","M","M","$","?","M","E"],"build_version":"2019-01-23","purchased_purges":1,"victory":false,"max_hp_per_floor":[75,75,75,75,75,75,75,80,80,80,80,80,80,80,80,80,80,80,80,80,80,80,80],"card_choices":[{"not_picked":["Sweeping Beam","Stack"],"picked":"Lockon","floor":1},{"not_picked":["Beam Cell","Darkness"],"picked":"Loop","floor":6},{"not_picked":["Barrage","Recycle","Blizzard"],"picked":"SKIP","floor":10},{"not_picked":["Static Discharge","Multi-Cast"],"picked":"Loop","floor":13},{"not_picked":["Meteor Strike","Rainbow"],"picked":"Seek","floor":16},{"not_picked":["Barrage+1","Beam Cell"],"picked":"Conserve Battery+1","floor":18},{"not_picked":["Steam","Redo"],"picked":"Rebound","floor":18},{"not_picked":["Redo","Stack+1"],"picked":"Coolheaded+1","floor":19},{"not_picked":["Meteor Strike","Streamline"],"picked":"Go for the Eyes","floor":19},{"not_picked":["Steam","Streamline","Barrage"],"picked":"SKIP","floor":22},{"not_picked":["Ball Lightning","Redo","Skim"],"picked":"SKIP","floor":22}],"player_experience":1084189,"relics_obtained":[{"floor":6,"key":"Happy Flower"},{"floor":9,"key":"Prayer Wheel"},{"floor":10,"key":"PreservedInsect"},{"floor":13,"key":"Lantern"},{"floor":21,"key":"Potion Belt"}],"event_choices":[{"damage_healed":0,"gold_gain":0,"player_choice":"Entered Light","damage_taken":15,"max_hp_gain":0,"max_hp_loss":0,"event_name":"Shining Light","floor":3,"gold_loss":0,"cards_upgraded":["Strike_B","Strike_B"]},{"damage_healed":0,"gold_gain":0,"player_choice":"Leave","damage_taken":0,"max_hp_gain":0,"max_hp_loss":0,"event_name":"The Cleric","floor":4,"gold_loss":0},{"damage_healed":0,"gold_gain":175,"player_choice":"AGREE","damage_taken":0,"max_hp_gain":0,"max_hp_loss":0,"event_name":"Liars Game","floor":5,"gold_loss":0,"cards_obtained":["Doubt"]},{"damage_healed":0,"gold_gain":0,"player_choice":"Donut","damage_taken":0,"max_hp_gain":5,"max_hp_loss":0,"event_name":"Big Fish","floor":8,"gold_loss":0},{"damage_healed":0,"gold_gain":0,"player_choice":"Ignored","damage_taken":0,"max_hp_gain":0,"max_hp_loss":0,"event_name":"WeMeetAgain","floor":11,"gold_loss":0}],"is_beta":false,"boss_relics":[{"not_picked":["Runic Dome","Black Star"],"picked":"Pandora\u0027s Box"}],"items_purged_floors":[14],"is_endless":false,"potions_floor_spawned":[1,13,18,19],"killed_by":"Slavers","ascension_level":7}