{"gold_per_floor":[116,126,144,60,60,60,78,78,78,94,109,138,138,157,157,231,231,251,262,312,312],"floor_reached":21,"playtime":627,"items_purged":[],"score":366,"play_id":"6659eb15-7e5c-4f20-a5fb-fed35289039a","local_time":"20190127235458","is_ascension_mode":true,"campfire_choices":[{"data":"Neutralize","floor":6,"key":"SMITH"},{"data":"Noxious Fumes","floor":8,"key":"SMITH"},{"data":"Leg Sweep","floor":13,"key":"SMITH"},{"floor":15,"key":"REST"}],"neow_cost":"NONE","seed_source_timestamp":737526685248561,"circlet_count":0,"master_deck":["AscendersBane","Defend_G","Defend_G","Defend_G","Defend_G","Defend_G","Strike_G","Strike_G+1","Strike_G","Strike_G","Strike_G+1","Survivor","Neutralize+1","Backstab","Leg Sweep+1","Noxious Fumes+1","Infinite Blades","Noxious Fumes","Predator","Adrenaline","PiercingWail","Catalyst"],"relics":["Ring of the Snake","Regal Pillow","Whetstone","Bottled Lightning","Velvet Choker"],"potions_floor_usage":[12,16,18,21],"damage_taken":[{"damage":3,"enemies":"Cultist","floor":1,"turns":5},{"damage":0,"enemies":"Small Slimes","floor":2,"turns":4},{"damage":0,"enemies":"2 Louse","floor":3,"turns":4},{"damage":3,"enemies":"Looter","floor":7,"turns":4},{"damage":0,"enemies":"Blue Slaver","floor":10,"turns":4},{"damage":21,"enemies":"Exordium Thugs","floor":11,"turns":4},{"damage":12,"enemies":"3 Sentries","floor":12,"turns":6},{"damage":11,"enemies":"Large Slime","floor":14,"turns":5},{"damage":44,"enemies":"Hexaghost","floor":16,"turns":10},{"damage":22,"enemies":"Chosen","floor":18,"turns":7},{"damage":20,"enemies":"2 Thieves","floor":19,"turns":5},{"damage":13,"enemies":"Snecko","floor":21,"turns":6}],"seed_played":"437911807217797312","potions_obtained":[{"floor":1,"key":"SneckoOil"},{"floor":7,"key":"SteroidPotion"},{"floor":10,"key":"Strength Potion"},{"floor":11,"key":"Explosive Potion"},{"floor":12,"key":"Swift Potion"},{"floor":19,"key":"EssenceOfSteel"}],"is_trial":false,"path_per_floor":["M","M","M","$","?","R","M","R","T","M","M","E","R","M","R","B",null,"M","M","?","M"],"character_chosen":"THE_SILENT","items_purchased":["Infinite Blades"],"campfire_rested":1,"item_purchase_floors":[4],"current_hp_per_floor":[56,56,56,56,61,61,58,58,58,58,37,25,25,14,50,6,55,33,13,13,0],"gold":312,"neow_bonus":"RANDOM_COMMON_RELIC","is_prod":false,"is_daily":false,"chose_seed":false,"campfire_upgraded":3,"win_rate":0,"timestamp":1548658498,"path_taken":["M","?","M","$","?","R","M","R","T","M","M","E","R","M","R","BOSS","M","M","?","M"],"build_version":"2019-01-23","purchased_purges":0,"victory":false,"max_hp_per_floor":[66,66,66,66,71,71,71,71,71,71,71,71,71,71,71,71,71,71,71,71,71],"card_choices":[{"not_picked":["Crippling Poison","Distraction"],"picked":"Backstab","floor":1},{"not_picked":["Quick Slash","Predator"],"picked":"Leg Sweep","floor":2},{"not_picked":["Poisoned Stab","Setup"],"picked":"Noxious Fumes","floor":3},{"not_picked":["Expertise","Underhanded Strike","Outmaneuver"],"picked":"SKIP","floor":7},{"not_picked":["Outmaneuver","Sucker Punch","Slice"],"picked":"SKIP","floor":10},{"not_picked":["Quick Slash","Flying Knee"],"picked":"Noxious Fumes","floor":11},{"not_picked":["Outmaneuver","Underhanded Strike","Sucker Punch"],"picked":"SKIP","floor":12},{"not_picked":["Quick Slash","Deadly Poison"],"picked":"Predator","floor":14},{"not_picked":["Grand Finale","Die Die Die"],"picked":"Adrenaline","floor":16},{"not_picked":["Predator","Backflip"],"picked":"PiercingWail","floor":18},{"not_picked":["Eviscerate","Noxious Fumes"],"picked":"Catalyst","floor":19}],"player_experience":1047676,"relics_obtained":[{"floor":9,"key":"Whetstone"},{"floor":12,"key":"Bottled Lightning"}],"event_choices":[{"damage_healed":0,"gold_gain":0,"player_choice":"Donut","damage_taken":0,"max_hp_gain":5,"max_hp_loss":0,"event_name":"Big Fish","floor":5,"gold_loss":0},{"damage_healed":0,"gold_gain":50,"player_choice":"Stole From Cult","damage_taken":0,"max_hp_gain":0,"max_hp_loss":0,"event_name":"Nest","floor":20,"gold_loss":0}],"is_beta":true,"boss_relics":[{"not_picked":["HoveringKite","Snecko Eye"],"picked":"Velvet Choker"}],"items_purged_floors":[],"is_endless":false,"potions_floor_spawned":[1,7,10,11,12,19],"killed_by":"Snecko","ascension_level":20}