{"gold_per_floor":[117,134,153,153,328,361,361,371,420,420,445,24,43,2,2,105,105,115,115,128,163,78,78,92,92,92,105,49,78,78,97,97,196,196,215,17,17,17,17,17,50,67,67,87,87],"floor_reached":45,"playtime":3194,"items_purged":["Doubt"],"score":702,"play_id":"537a2de4-23b4-4e8f-b6b2-0e56f93e804d","local_time":"20190312231355","is_ascension_mode":true,"campfire_choices":[{"data":"Dualcast","floor":7,"key":"SMITH"},{"data":"Tempest","floor":10,"key":"SMITH"},{"data":"Consume","floor":15,"key":"SMITH"},{"data":"Scrape","floor":23,"key":"SMITH"},{"data":"Chaos","floor":25,"key":"SMITH"},{"data":"Static Discharge","floor":32,"key":"SMITH"},{"data":"J.A.X.","floor":40,"key":"SMITH"}],"neow_cost":"NONE","seed_source_timestamp":818858112313557,"circlet_count":0,"master_deck":["Strike_B","Strike_B","Strike_B","Strike_B","Defend_B","Defend_B","Defend_B","Zap+1","Dualcast+1","Ball Lightning","Scrape+1","Tempest+1","Consume+1","Cold Snap","Chaos+1","Static Discharge+1","Self Repair","J.A.X.+1","Steam","Redo+1","Sweeping Beam+1","Streamline+1","Auto Shields","Darkness+1","BootSequence+1","Hyperbeam+1","FTL+1","Madness+1","Madness+1","Beam Cell+1","Darkness+1","Rebound+1"],"relics":["Cracked Core","The Courier","Pen Nib","Centennial Puzzle","Lee\u0027s Waffle","Bottled Lightning","Runic Dome","Red Mask","Molten Egg 2","Bottled Flame","Kunai","Eternal Feather","Toxic Egg 2","Lantern","Letter Opener"],"potions_floor_usage":[6,18,21,24,27,29,33,33,41,45],"damage_taken":[{"damage":10,"enemies":"Small Slimes","floor":1,"turns":3},{"damage":2,"enemies":"Jaw Worm","floor":2,"turns":3},{"damage":0,"enemies":"Cultist","floor":3,"turns":2},{"damage":10,"enemies":"Gremlin Nob","floor":6,"turns":3},{"damage":15,"enemies":"3 Louse","floor":8,"turns":2},{"damage":35,"enemies":"Lagavulin","floor":11,"turns":6},{"damage":6,"enemies":"2 Fungi Beasts","floor":13,"turns":2},{"damage":0,"enemies":"Slime Boss","floor":16,"turns":5},{"damage":11,"enemies":"3 Byrds","floor":18,"turns":3},{"damage":3,"enemies":"Spheric Guardian","floor":20,"turns":2},{"damage":24,"enemies":"Masked Bandits","floor":21,"turns":3},{"damage":16,"enemies":"Snake Plant","floor":24,"turns":3},{"damage":14,"enemies":"Shelled Parasite and Fungi","floor":27,"turns":3},{"damage":24,"enemies":"Gremlin Leader","floor":29,"turns":3},{"damage":11,"enemies":"Cultist and Chosen","floor":31,"turns":3},{"damage":56,"enemies":"Collector","floor":33,"turns":8},{"damage":3,"enemies":"Orb Walker","floor":35,"turns":2},{"damage":49,"enemies":"Nemesis","floor":41,"turns":5},{"damage":6,"enemies":"3 Shapes","floor":42,"turns":3},{"damage":0,"enemies":"Spire Growth","floor":44,"turns":3},{"damage":50,"enemies":"Giant Head","floor":45,"turns":6}],"seed_played":"4647107737333428414","potions_obtained":[{"floor":2,"key":"Swift Potion"},{"floor":8,"key":"Ancient Potion"},{"floor":11,"key":"EssenceOfSteel"},{"floor":21,"key":"Dexterity Potion"},{"floor":24,"key":"PowerPotion"},{"floor":29,"key":"PowerPotion"},{"floor":31,"key":"SkillPotion"},{"floor":33,"key":"SpeedPotion"},{"floor":35,"key":"Poison Potion"},{"floor":42,"key":"Dexterity Potion"},{"floor":44,"key":"AttackPotion"}],"is_trial":false,"path_per_floor":["M","M","M","?","?","E","R","M","T","R","E","$","M","$","R","B",null,"M","?","M","?","?","R","M","R","T","M","$","E","?","M","R","B",null,"M","$","?","?","$","R","E","M","T","M","E"],"character_chosen":"DEFECT","items_purchased":["Lee\u0027s Waffle","Bottled Lightning","Fire Potion","Auto Shields","Toxic Egg 2"],"campfire_rested":0,"item_purchase_floors":[12,12,14,28,36],"current_hp_per_floor":[65,63,63,63,63,53,53,38,38,38,3,89,83,83,83,83,88,77,77,81,64,64,64,55,55,55,41,41,17,99,88,88,39,84,81,81,69,69,69,84,42,36,36,36,0],"gold":87,"neow_bonus":"TEN_PERCENT_HP_BONUS","is_prod":false,"is_daily":false,"chose_seed":false,"campfire_upgraded":7,"win_rate":0,"timestamp":1552446835,"path_taken":["M","M","M","?","?","E","R","M","T","R","E","$","?","?","R","BOSS","M","?","M","?","?","R","M","R","T","M","?","E","?","M","R","BOSS","M","?","?","?","?","R","E","M","T","M","E"],"build_version":"2019-01-23","purchased_purges":1,"victory":false,"max_hp_per_floor":[82,82,82,82,82,82,82,82,82,82,82,89,89,89,89,89,89,89,89,89,89,89,89,89,89,89,89,89,89,99,99,99,99,99,99,99,99,99,99,99,99,99,99,99,99],"card_choices":[{"not_picked":["Steam","Leap"],"picked":"Ball Lightning","floor":1},{"not_picked":["Hologram","Coolheaded"],"picked":"Scrape","floor":2},{"not_picked":["Turbo","Conserve Battery"],"picked":"Tempest","floor":3},{"not_picked":["Sweeping Beam","Double Energy"],"picked":"Consume","floor":6},{"not_picked":["Beam Cell","Compile Driver"],"picked":"Cold Snap","floor":8},{"not_picked":["Streamline","Gash"],"picked":"Chaos","floor":11},{"not_picked":["Gash","Darkness"],"picked":"Static Discharge","floor":13},{"not_picked":["Creative AI","Core Surge"],"picked":"Machine Learning","floor":16},{"not_picked":["Coolheaded","Rebound"],"picked":"Self Repair","floor":18},{"not_picked":["Steam","Reprogram","Streamline"],"picked":"SKIP","floor":20},{"not_picked":["Reprogram","Streamline"],"picked":"Steam","floor":20},{"not_picked":["Recycle","Hello World+1"],"picked":"Redo+1","floor":21},{"not_picked":["Static Discharge","Redo"],"picked":"Sweeping Beam+1","floor":24},{"not_picked":["Steam Power","Auto Shields"],"picked":"Streamline+1","floor":27},{"not_picked":["Glacier","Stack"],"picked":"Darkness+1","floor":29},{"not_picked":["Redo","Hologram+1"],"picked":"BootSequence+1","floor":31},{"not_picked":["Creative AI","Reboot"],"picked":"Hyperbeam+1","floor":33},{"not_picked":["Streamline+1","Steam"],"picked":"FTL+1","floor":35},{"not_picked":["Sweeping Beam+1","Barrage+1"],"picked":"Beam Cell+1","floor":41},{"not_picked":["Gash+1","Conserve Battery+1"],"picked":"Darkness+1","floor":42},{"not_picked":["Coolheaded+1","Cold Snap+1"],"picked":"Rebound+1","floor":44}],"player_experience":1056236,"relics_obtained":[{"floor":6,"key":"The Courier"},{"floor":9,"key":"Pen Nib"},{"floor":11,"key":"Centennial Puzzle"},{"floor":21,"key":"Red Mask"},{"floor":26,"key":"Bottled Flame"},{"floor":29,"key":"Kunai"},{"floor":41,"key":"Lantern"},{"floor":43,"key":"Letter Opener"}],"event_choices":[{"damage_healed":0,"gold_gain":0,"player_choice":"Grow","damage_taken":0,"max_hp_gain":0,"max_hp_loss":0,"event_name":"Living Wall","floor":4,"gold_loss":0,"cards_upgraded":["Zap"]},{"damage_healed":0,"gold_gain":175,"player_choice":"AGREE","damage_taken":0,"max_hp_gain":0,"max_hp_loss":0,"event_name":"Liars Game","floor":5,"gold_loss":0,"cards_obtained":["Doubt"]},{"damage_healed":0,"gold_gain":0,"player_choice":"Obtain J.A.X.","damage_taken":0,"max_hp_gain":0,"max_hp_loss":0,"event_name":"Drug Dealer","floor":19,"gold_loss":0,"cards_obtained":["J.A.X."]},{"damage_healed":0,"gold_gain":0,"player_choice":"Fought Bandits","damage_taken":0,"max_hp_gain":0,"max_hp_loss":0,"event_name":"Masked Bandits","floor":21,"gold_loss":0},{"damage_healed":0,"gold_gain":0,"player_choice":"Obtained Relic","damage_taken":0,"relics_obtained":["Molten Egg 2"],"max_hp_gain":0,"max_hp_loss":0,"event_name":"Addict","floor":22,"gold_loss":85},{"cards_removed":["Machine Learning"],"damage_healed":72,"gold_gain":0,"player_choice":"Offered Rare","damage_taken":0,"max_hp_gain":10,"max_hp_loss":0,"event_name":"Bonfire Elementals","floor":30,"gold_loss":0},{"damage_healed":0,"gold_gain":0,"player_choice":"Embrace Madness","damage_taken":12,"max_hp_gain":0,"max_hp_loss":0,"event_name":"Winding Halls","floor":37,"gold_loss":0,"cards_obtained":["Madness","Madness"]},{"cards_removed":["Defend_B"],"damage_healed":0,"gold_gain":0,"player_choice":"Removed Skill","damage_taken":0,"max_hp_gain":0,"max_hp_loss":0,"event_name":"Falling","floor":38,"gold_loss":0}],"is_beta":false,"boss_relics":[{"not_picked":["Tiny House","Orrery"],"picked":"Runic Dome"},{"not_picked":["Fusion Hammer","Velvet Choker"],"picked":"Eternal Feather"}],"items_purged_floors":[12],"is_endless":false,"potions_floor_spawned":[2,8,11,21,24,29,31,33,35,42,44],"killed_by":"Giant Head","ascension_level":6}