{"gold_per_floor":[109,139,156,171,12,12,12,32,55,55,72,72,102,112,112,211,211,224,236,236,236,236],"floor_reached":22,"playtime":820,"items_purged":[],"score":186,"play_id":"124fd034-6f75-4cee-90ac-23fdd745c2dc","local_time":"20190308234713","is_ascension_mode":false,"campfire_choices":[{"floor":6,"key":"REST"},{"data":"Footwork","floor":10,"key":"SMITH"},{"data":"Footwork","floor":12,"key":"SMITH"},{"data":"Skewer","floor":15,"key":"SMITH"}],"neow_cost":"PERCENT_DAMAGE","seed_source_timestamp":628447494122666,"circlet_count":0,"master_deck":["Defend_G","Defend_G","Defend_G","Defend_G","Defend_G","Strike_G","Strike_G","Survivor","Neutralize","Slice","Flying Knee","Footwork+1","Accuracy","Trip","Footwork+1","Skewer+1","Bullet Time","Poisoned Stab+1","Expertise+1","Night Terror+1","Backstab","Cloak And Dagger"],"relics":["Ring of the Snake","FossilizedHelix","Tiny Chest","Juzu Bracelet","Bag of Marbles","Astrolabe","Nilry\u0027s Codex"],"potions_floor_usage":[13,13,19],"damage_taken":[{"damage":0,"enemies":"Cultist","floor":1,"turns":4},{"damage":0,"enemies":"Jaw Worm","floor":3,"turns":3},{"damage":0,"enemies":"2 Louse","floor":4,"turns":4},{"damage":1,"enemies":"Red Slaver","floor":8,"turns":3},{"damage":0,"enemies":"Looter","floor":11,"turns":2},{"damage":13,"enemies":"Gremlin Nob","floor":13,"turns":5},{"damage":0,"enemies":"Gremlin Gang","floor":14,"turns":8},{"damage":16,"enemies":"Slime Boss","floor":16,"turns":9},{"damage":13,"enemies":"2 Thieves","floor":18,"turns":4},{"damage":2,"enemies":"3 Byrds","floor":19,"turns":4},{"damage":46,"enemies":"Masked Bandits","floor":22,"turns":4}],"seed_played":"-1117271738994293855","potions_obtained":[{"floor":1,"key":"SkillPotion"},{"floor":3,"key":"LiquidBronze"},{"floor":4,"key":"Dexterity Potion"},{"floor":19,"key":"EssenceOfSteel"}],"is_trial":false,"path_per_floor":["M","T","M","M","$","R","$","M","T","R","M","R","E","M","R","B",null,"M","M","T","?","?"],"character_chosen":"THE_SILENT","items_purchased":["Accuracy","Trip"],"campfire_rested":1,"item_purchase_floors":[5,5],"current_hp_per_floor":[49,49,49,49,49,70,70,69,69,69,69,69,56,56,56,40,70,57,55,55,39,0],"gold":236,"neow_bonus":"ONE_RARE_RELIC","is_prod":false,"is_daily":false,"chose_seed":false,"campfire_upgraded":3,"win_rate":0,"timestamp":1552106833,"path_taken":["M","?","M","M","$","R","$","M","T","R","M","R","E","M","R","BOSS","M","M","?","?","?"],"build_version":"2019-01-23","purchased_purges":0,"victory":false,"max_hp_per_floor":[70,70,70,70,70,70,70,70,70,70,70,70,70,70,70,70,70,70,70,70,70,70],"card_choices":[{"not_picked":["Choke","Dodge and Roll"],"picked":"Slice","floor":1},{"not_picked":["Masterful Stab","Concentrate"],"picked":"Flying Knee","floor":3},{"not_picked":["Deflect","Sucker Punch"],"picked":"Footwork","floor":4},{"not_picked":["Sucker Punch","Quick Slash"],"picked":"Footwork","floor":8},{"not_picked":["Poisoned Stab","Calculated Gamble","Setup"],"picked":"SKIP","floor":11},{"not_picked":["Calculated Gamble","Doppelganger","Phantasmal Killer"],"picked":"SKIP","floor":13},{"not_picked":["Backflip","Crippling Poison"],"picked":"Skewer","floor":14},{"not_picked":["Storm of Steel","A Thousand Cuts"],"picked":"Bullet Time","floor":16},{"not_picked":["Dagger Throw+1","Escape Plan"],"picked":"Backstab","floor":18},{"not_picked":["Prepared","Bane+1"],"picked":"Cloak And Dagger","floor":19}],"player_experience":642583,"relics_obtained":[{"floor":2,"key":"Tiny Chest"},{"floor":9,"key":"Juzu Bracelet"},{"floor":13,"key":"Bag of Marbles"},{"floor":21,"key":"Nilry\u0027s Codex"}],"event_choices":[{"damage_healed":0,"gold_gain":0,"player_choice":"Obtained Book","damage_taken":16,"max_hp_gain":0,"max_hp_loss":0,"event_name":"Cursed Tome","floor":21,"gold_loss":0},{"damage_healed":0,"gold_gain":0,"player_choice":"Fought Bandits","damage_taken":0,"max_hp_gain":0,"max_hp_loss":0,"event_name":"Masked Bandits","floor":22,"gold_loss":0}],"is_beta":false,"boss_relics":[{"not_picked":["Snecko Eye","Fusion Hammer"],"picked":"Astrolabe"}],"items_purged_floors":[],"is_endless":false,"potions_floor_spawned":[1,3,4,19],"killed_by":"Masked Bandits","ascension_level":0}