{"gold_per_floor":[117,132,146,24,24,24,56,68,68,87,87,98,113,129,129,229,229,240,240,240,21,21,50,50,66,136,149,176,195,195,13,13,111,111,129,129,149,11,11,39,39,59,85,104,120,30,50,50,50,50],"floor_reached":51,"playtime":3957,"items_purged":["Clumsy","Amplify"],"score":915,"play_id":"f7f0e1a4-7006-4acb-b1af-0d79467d9bb7","local_time":"20190312035435","is_ascension_mode":true,"campfire_choices":[{"data":"Blizzard","floor":6,"key":"SMITH"},{"data":"Defragment","floor":11,"key":"SMITH"},{"floor":15,"key":"REST"},{"data":"Coolheaded","floor":24,"key":"SMITH"},{"data":"Coolheaded","floor":32,"key":"SMITH"},{"floor":41,"key":"DIG"},{"floor":49,"key":"DIG"}],"neow_cost":"NONE","seed_source_timestamp":748517152390471,"circlet_count":0,"master_deck":["Defend_B","Defend_B","Defend_B","Defend_B","Zap","Dualcast+1","Cold Snap","Blizzard+1","Rebound","Glacier","Hologram","BootSequence","Defragment+1","Coolheaded+1","Cold Snap","Creative AI","Coolheaded+1","Bite","Bite","Bite","Bite","Bite","Loop","Sunder+1","Self Repair","Seek","Loop+1","Defragment+1","Machine Learning+1","Clumsy","Doubt","Writhe","Glacier","Decay","Heatsinks+1","Meteor Strike","Beam Cell+1","Defragment+1","Coolheaded+1"],"relics":["Cursed Key","Happy Flower","Sozu","Vajra","Nloth\u0027s Gift","Darkstone Periapt","Frozen Egg 2","Dream Catcher","Bag of Marbles","Calling Bell","DataDisk","Pantograph","Shovel","Orichalcum","Art of War","Boot","GremlinMask","Centennial Puzzle"],"potions_floor_usage":[8,10,16],"damage_taken":[{"damage":0,"enemies":"Cultist","floor":1,"turns":3},{"damage":3,"enemies":"Small Slimes","floor":2,"turns":3},{"damage":7,"enemies":"Jaw Worm","floor":3,"turns":2},{"damage":4,"enemies":"Gremlin Nob","floor":7,"turns":5},{"damage":2,"enemies":"Exordium Wildlife","floor":8,"turns":4},{"damage":14,"enemies":"Lots of Slimes","floor":10,"turns":5},{"damage":37,"enemies":"Gremlin Gang","floor":12,"turns":6},{"damage":2,"enemies":"3 Louse","floor":13,"turns":4},{"damage":1,"enemies":"Exordium Wildlife","floor":14,"turns":5},{"damage":13,"enemies":"The Guardian","floor":16,"turns":14},{"damage":0,"enemies":"Chosen","floor":18,"turns":6},{"damage":0,"enemies":"Book of Stabbing","floor":23,"turns":7},{"damage":7,"enemies":"Spheric Guardian","floor":25,"turns":6},{"damage":10,"enemies":"Centurion and Healer","floor":27,"turns":9},{"damage":17,"enemies":"Gremlin Leader","floor":28,"turns":8},{"damage":5,"enemies":"Sentry and Sphere","floor":29,"turns":8},{"damage":33,"enemies":"Collector","floor":33,"turns":9},{"damage":0,"enemies":"3 Shapes","floor":35,"turns":5},{"damage":44,"enemies":"3 Darklings","floor":37,"turns":6},{"damage":5,"enemies":"Giant Head","floor":40,"turns":15},{"damage":3,"enemies":"Maw","floor":42,"turns":9},{"damage":23,"enemies":"Jaw Worm Horde","floor":44,"turns":5},{"damage":37,"enemies":"Sphere and 2 Shapes","floor":45,"turns":7},{"damage":0,"enemies":"Maw","floor":47,"turns":10},{"damage":45,"enemies":"Time Eater","floor":50,"turns":9}],"seed_played":"494623243299526147","potions_obtained":[{"floor":1,"key":"AttackPotion"},{"floor":3,"key":"Ancient Potion"},{"floor":12,"key":"Block Potion"},{"floor":14,"key":"FearPotion"}],"is_trial":false,"path_per_floor":["M","M","M","$","?","R","E","M","T","M","R","M","M","M","R","B",null,"M","?","?","$","?","E","R","M","T","M","E","M","?","$","R","B",null,"M","?","M","$","$","E","R","M","T","M","M","?","M","?","R","B",null],"character_chosen":"DEFECT","items_purchased":["Glacier","Hologram","Vajra","Defragment+1","Bag of Marbles","Heatsinks+1"],"campfire_rested":1,"item_purchase_floors":[4,4,21,31,31,38],"current_hp_per_floor":[75,72,65,65,65,65,61,59,59,45,45,8,6,5,27,14,75,75,52,52,52,52,52,52,52,58,58,54,58,55,55,55,33,73,73,79,48,48,48,74,74,79,85,70,50,50,69,69,69,46],"gold":50,"neow_bonus":"BOSS_RELIC","is_prod":false,"is_daily":false,"chose_seed":false,"campfire_upgraded":4,"win_rate":0,"timestamp":1552377275,"path_taken":["M","M","M","$","?","R","E","M","T","M","R","M","M","M","R","BOSS","M","?","?","$","?","E","R","?","T","M","E","?","?","?","R","BOSS","M","?","M","?","$","E","R","M","T","M","?","?","?","?","R","BOSS"],"build_version":"2019-01-23","purchased_purges":2,"victory":true,"max_hp_per_floor":[75,75,75,75,75,75,75,75,75,75,75,75,75,75,75,75,75,75,52,52,52,52,52,52,52,58,58,58,58,55,55,55,55,73,73,79,79,79,79,79,79,79,85,85,85,85,85,85,85,85],"card_choices":[{"not_picked":["Static Discharge","Compile Driver"],"picked":"Cold Snap","floor":1},{"not_picked":["Steam","Undo"],"picked":"Blizzard","floor":2},{"not_picked":["Ball Lightning","Beam Cell"],"picked":"Rebound","floor":3},{"not_picked":["Ball Lightning","Barrage"],"picked":"BootSequence","floor":7},{"not_picked":["Tempest","Leap"],"picked":"Defragment","floor":8},{"not_picked":["Steam","Stack","Beam Cell"],"picked":"SKIP","floor":10},{"not_picked":["Sweeping Beam","Turbo"],"picked":"Coolheaded","floor":12},{"not_picked":["Sweeping Beam","Lockon"],"picked":"Cold Snap","floor":13},{"not_picked":["Heatsinks","All For One","Gash"],"picked":"SKIP","floor":14},{"not_picked":["Reboot","Hyperbeam"],"picked":"Creative AI","floor":16},{"not_picked":["Hologram","Sweeping Beam"],"picked":"Coolheaded","floor":18},{"not_picked":["Amplify","Beam Cell"],"picked":"Sunder+1","floor":23},{"not_picked":["Beam Cell","Ball Lightning"],"picked":"Self Repair","floor":25},{"not_picked":["Cold Snap","Beam Cell","Reinforced Body"],"picked":"SKIP","floor":27},{"not_picked":["Barrage","Streamline"],"picked":"Seek","floor":28},{"not_picked":["Static Discharge+1","Darkness"],"picked":"Loop+1","floor":29},{"not_picked":["All For One","Fission"],"picked":"Machine Learning+1","floor":33},{"not_picked":["Scrape+1","Recycle+1"],"picked":"Glacier","floor":35},{"not_picked":["Stack+1","Sweeping Beam"],"picked":"Amplify","floor":37},{"not_picked":["Sweeping Beam+1","All For One"],"picked":"Meteor Strike","floor":40},{"not_picked":["Leap","Rebound"],"picked":"Beam Cell+1","floor":42},{"not_picked":["Beam Cell","Streamline"],"picked":"Defragment+1","floor":44},{"not_picked":["Sweeping Beam+1","Redo+1"],"picked":"Coolheaded+1","floor":45},{"not_picked":["Sweeping Beam","Cold Snap","Redo+1"],"picked":"SKIP","floor":47}],"player_experience":1042266,"relics_obtained":[{"floor":7,"key":"Happy Flower"},{"floor":9,"key":"Dodecahedron"},{"floor":23,"key":"Darkstone Periapt"},{"floor":26,"key":"Frozen Egg 2"},{"floor":28,"key":"Dream Catcher"},{"floor":34,"key":"DataDisk"},{"floor":34,"key":"Pantograph"},{"floor":34,"key":"Shovel"},{"floor":40,"key":"Orichalcum"},{"floor":41,"key":"Art of War"},{"floor":43,"key":"Boot"},{"floor":49,"key":"Centennial Puzzle"}],"event_choices":[{"damage_healed":0,"gold_gain":0,"player_choice":"Leave","damage_taken":0,"max_hp_gain":0,"max_hp_loss":0,"event_name":"The Cleric","floor":5,"gold_loss":0},{"damage_healed":0,"gold_gain":0,"player_choice":"Became a vampire","damage_taken":0,"max_hp_gain":0,"max_hp_loss":23,"event_name":"Vampires","floor":19,"gold_loss":0,"cards_obtained":["Bite","Bite","Bite","Bite","Bite"]},{"damage_healed":0,"gold_gain":0,"player_choice":"Read","damage_taken":0,"max_hp_gain":0,"max_hp_loss":0,"event_name":"The Library","floor":20,"gold_loss":0,"cards_obtained":["Loop"]},{"damage_healed":0,"gold_gain":0,"player_choice":"Traded Relic","damage_taken":0,"relics_obtained":["Nloth\u0027s Gift"],"max_hp_gain":0,"max_hp_loss":0,"event_name":"N\u0027loth","floor":22,"relics_lost":["Dodecahedron"],"gold_loss":0},{"cards_removed":["Parasite"],"damage_healed":0,"gold_gain":0,"player_choice":"Elegance","damage_taken":0,"max_hp_gain":0,"max_hp_loss":0,"event_name":"Back to Basics","floor":30,"gold_loss":0},{"damage_healed":0,"gold_gain":0,"player_choice":"Cursed","damage_taken":0,"max_hp_gain":0,"max_hp_loss":0,"event_name":"Wheel of Change","floor":36,"gold_loss":0,"cards_obtained":["Decay"]},{"cards_removed":["Pain"],"damage_healed":0,"gold_gain":0,"player_choice":"Upgrade and Remove","damage_taken":0,"max_hp_gain":0,"max_hp_loss":0,"event_name":"Designer","floor":46,"gold_loss":90,"cards_upgraded":["Dualcast"]},{"damage_healed":0,"gold_gain":0,"player_choice":"Trade","damage_taken":0,"relics_obtained":["GremlinMask"],"max_hp_gain":0,"max_hp_loss":0,"event_name":"FaceTrader","floor":48,"gold_loss":0}],"is_beta":false,"boss_relics":[{"not_picked":["Black Star","Eternal Feather"],"picked":"Sozu"},{"not_picked":["Orrery","Philosopher\u0027s Stone"],"picked":"Calling Bell"}],"items_purged_floors":[21,38],"is_endless":false,"potions_floor_spawned":[1,3,12,14,27,28,29,33,42,44],"ascension_level":4}