{"gold_per_floor":[115,115,140,26,26,26,26,53,53,87,87,122,140,155,155,259,259,276,291,291,111,111,141,141,174,198,198,217,248,248,177,177,276,276,292,310,320,372,386,412,117,117,117,117,149,27,27,47,47,47,47,47,47,73,73],"floor_reached":55,"playtime":5044,"items_purged":["Regret","Shame"],"score":1296,"play_id":"e7518502-6baf-4fb2-9522-2144449afce9","local_time":"20190504143317","is_ascension_mode":true,"campfire_choices":[{"data":"Dualcast","floor":7.0,"key":"SMITH"},{"data":"Sweeping Beam","floor":15.0,"key":"SMITH"},{"data":"Sunder","floor":24.0,"key":"SMITH"},{"data":"Self Repair","floor":27.0,"key":"SMITH"},{"data":"Cold Snap","floor":30.0,"key":"SMITH"},{"data":"Sunder","floor":32.0,"key":"SMITH"},{"data":"Sunder","floor":42.0,"key":"SMITH"},{"data":"Echo Form","floor":47.0,"key":"SMITH"},{"floor":49,"key":"RECALL"},{"data":"Buffer","floor":52,"key":"SMITH"}],"neow_cost":"NONE","seed_source_timestamp":64751668098087,"circlet_count":0,"master_deck":["Strike_B+1","Defend_B","Defend_B","Defend_B","Defend_B+1","Zap+1","Dualcast+1","Self Repair+1","Cold Snap+1","White Noise+1","Creative AI","Auto Shields+1","Sweeping Beam+1","Coolheaded+1","Sunder+1","Glacier+1","Recycle+1","Genetic Algorithm+1","Conserve Battery+1","Sunder+1","Amplify+1","Electrodynamics+1","Heatsinks+1","Biased Cognition+1","Coolheaded+1","Sunder+1","Sunder+1","Coolheaded+1","Buffer+1","Secret Technique+1","Transmutation+1","Hologram+1","Echo Form+1","Conserve Battery+1","Coolheaded+1"],"special_seed":0,"relics":["Cracked Core","Happy Flower","Kunai","Question Card","Toxic Egg 2","PreservedInsect","Blood Vial","Snecko Eye","Mercury Hourglass","NlothsMask","Ancient Tea Set","Gremlin Horn","Thread and Needle","Astrolabe","Torii","Matryoshka","FossilizedHelix","The Courier","Blue Candle","Oddly Smooth Stone","Centennial Puzzle"],"potions_floor_usage":[50,50,55],"damage_taken":[{"damage":1.0,"enemies":"2 Louse","floor":1.0,"turns":3.0},{"damage":2.0,"enemies":"Lagavulin","floor":8.0,"turns":6.0},{"damage":21.0,"enemies":"3 Sentries","floor":10.0,"turns":10.0},{"damage":13.0,"enemies":"Lagavulin","floor":12.0,"turns":5.0},{"damage":2.0,"enemies":"Jaw Worm","floor":13.0,"turns":3.0},{"damage":0.0,"enemies":"Cultist","floor":14.0,"turns":5.0},{"damage":0.0,"enemies":"Slime Boss","floor":16.0,"turns":8.0},{"damage":4.0,"enemies":"Spheric Guardian","floor":18.0,"turns":5.0},{"damage":0.0,"enemies":"Chosen","floor":19.0,"turns":4.0},{"damage":0.0,"enemies":"Slavers","floor":23.0,"turns":3.0},{"damage":15.0,"enemies":"Gremlin Leader","floor":25.0,"turns":6.0},{"damage":4.0,"enemies":"Shelled Parasite and Fungi","floor":28.0,"turns":6.0},{"damage":22.0,"enemies":"Book of Stabbing","floor":29.0,"turns":5.0},{"damage":1.0,"enemies":"Automaton","floor":33.0,"turns":9.0},{"damage":0.0,"enemies":"Orb Walker","floor":35.0,"turns":3.0},{"damage":9.0,"enemies":"3 Darklings","floor":36.0,"turns":2.0},{"damage":0.0,"enemies":"4 Shapes","floor":37.0,"turns":3.0},{"damage":0.0,"enemies":"2 Orb Walkers","floor":38.0,"turns":4.0},{"damage":20.0,"enemies":"Spire Growth","floor":39.0,"turns":5.0},{"damage":0.0,"enemies":"Reptomancer","floor":40.0,"turns":4.0},{"damage":0.0,"enemies":"Giant Head","floor":45.0,"turns":5.0},{"damage":0.0,"enemies":"Maw","floor":48.0,"turns":5.0},{"damage":13,"enemies":"Donu and Deca","floor":50,"turns":9},{"damage":37,"enemies":"Shield and Spear","floor":54,"turns":4},{"damage":51,"enemies":"The Heart","floor":55,"turns":11}],"seed_played":"-385664509797418579","potions_obtained":[{"floor":1.0,"key":"Block Potion"},{"floor":12.0,"key":"Swift Potion"},{"floor":13.0,"key":"LiquidBronze"},{"floor":14.0,"key":"EssenceOfSteel"},{"floor":23.0,"key":"EssenceOfSteel"},{"floor":33.0,"key":"SmokeBomb"},{"floor":38.0,"key":"Strength Potion"},{"floor":40.0,"key":"Swift Potion"}],"is_trial":false,"path_per_floor":["M","?","T","$","?","?","R","E","T","E","?","E","M","M","R","B",null,"M","M","?","$","?","E","R","E","T","R","M","E","R","$","R","B",null,"M","M","M","?","M","E","$","R","T","?","E","$","R","M","R","B",null,"R","$","E","B"],"character_chosen":"DEFECT","items_purchased":["Self Repair","Glacier+1","Sunder","FossilizedHelix","Echo Form"],"campfire_rested":0,"item_purchase_floors":[4,21,31,41,46],"current_hp_per_floor":[67,67,67,67,67,52,52,57,57,43,43,37,44,53,53,62,72,75,75,75,75,75,75,75,67,67,67,65,55,55,55,55,66,73,75,66,75,75,55,57,57,57,57,47,59,59,59,71,71,70,74,74,74,48,0],"gold":73,"neow_bonus":"RANDOM_COMMON_RELIC","is_prod":false,"is_daily":false,"chose_seed":false,"campfire_upgraded":9,"win_rate":0,"timestamp":1556976797,"path_taken":["M","?","?","$","?","?","R","E","T","E","?","E","M","M","R","BOSS","M","M","?","$","?","E","R","E","T","R","?","E","R","$","R","BOSS","M","M","M","?","M","E","$","R","T","?","E","$","R","M","R","BOSS","R","$","E","BOSS"],"build_version":"2019-01-23","purchased_purges":2,"victory":false,"max_hp_per_floor":[75,75,75,75,75,75,75,75,75,75,75,75,75,75,75,75,75,75,75,75,75,75,75,75,75,75,75,75,75,75,75,75,75,75,75,75,75,75,75,75,75,75,75,75,75,75,75,75,75,75,75,75,75,75,75],"card_choices":[{"not_picked":["Blizzard","Stack","Redo"],"picked":"SKIP","floor":1.0},{"not_picked":["Stack","Barrage"],"picked":"Cold Snap","floor":8.0},{"not_picked":["Turbo+1","Go for the Eyes","Leap+1"],"picked":"White Noise+1","floor":10.0},{"not_picked":["Defragment","Turbo+1","Beam Cell"],"picked":"Creative AI","floor":12.0},{"not_picked":["Skim+1","Barrage","Cold Snap"],"picked":"Auto Shields+1","floor":13.0},{"not_picked":["Barrage","Go for the Eyes","Aggregate+1"],"picked":"Sweeping Beam","floor":14.0},{"not_picked":["Heatsinks","Turbo+1","Loop"],"picked":"Coolheaded+1","floor":18.0},{"not_picked":["Gash","Sweeping Beam","Rebound+1"],"picked":"Sunder","floor":19.0},{"not_picked":["Barrage","White Noise+1","Ball Lightning","Go for the Eyes"],"picked":"SKIP","floor":23.0},{"not_picked":["Heatsinks+1","Capacitor+1","All For One"],"picked":"Recycle+1","floor":25.0},{"not_picked":["Cold Snap","Leap+1","Recycle+1"],"picked":"Genetic Algorithm+1","floor":28.0},{"not_picked":["Capacitor+1","White Noise+1","Streamline+1"],"picked":"Conserve Battery+1","floor":29.0},{"not_picked":["All For One","Hyperbeam","Fission+1"],"picked":"Amplify+1","floor":33.0},{"not_picked":["Barrage","Cold Snap+1","Chill+1"],"picked":"Coolheaded+1","floor":35.0},{"not_picked":["Leap+1","Ball Lightning+1","Steam+1","Reprogram+1"],"picked":"SKIP","floor":36.0},{"not_picked":["Cold Snap+1","Redo+1","Machine Learning"],"picked":"Sunder+1","floor":37.0},{"not_picked":["Blizzard","Self Repair+1","Conserve Battery+1"],"picked":"Sunder","floor":38.0},{"not_picked":["Gash","Genetic Algorithm+1","Ball Lightning"],"picked":"Coolheaded+1","floor":39.0},{"not_picked":["Cold Snap","Genetic Algorithm+1","Tempest+1"],"picked":"Buffer","floor":40.0},{"not_picked":["Deep Breath+1","Apotheosis+1","Flash of Steel"],"picked":"Secret Technique+1","floor":44.0},{"not_picked":["PanicButton+1","Purity+1","Dramatic Entrance"],"picked":"Transmutation+1","floor":44.0},{"not_picked":["Rainbow+1","Redo+1","Steam+1"],"picked":"Hologram+1","floor":45.0},{"not_picked":["Creative AI","Sweeping Beam","Go for the Eyes"],"picked":"Conserve Battery+1","floor":48.0},{"not_picked":["Loop","Turbo+1","Redo+1"],"picked":"Coolheaded+1","floor":54}],"player_experience":297898,"relics_obtained":[{"floor":8.0,"key":"Question Card"},{"floor":9.0,"key":"Toxic Egg 2"},{"floor":10.0,"key":"PreservedInsect"},{"floor":12.0,"key":"Blood Vial"},{"floor":23.0,"key":"Ancient Tea Set"},{"floor":25.0,"key":"Gremlin Horn"},{"floor":29.0,"key":"Thread and Needle"},{"floor":38.0,"key":"Torii"},{"floor":40.0,"key":"Matryoshka"},{"floor":43.0,"key":"The Courier"},{"floor":43.0,"key":"Blue Candle"},{"floor":45.0,"key":"Oddly Smooth Stone"},{"floor":54,"key":"Centennial Puzzle"}],"event_choices":[{"damage_healed":0.0,"max_hp_gain":0.0,"max_hp_loss":0.0,"gold_gain":0.0,"event_name":"Big Fish","player_choice":"Box","floor":2.0,"gold_loss":0.0,"damage_taken":0.0,"relics_obtained":["Kunai"],"cards_obtained":["Regret"]},{"damage_healed":0.0,"max_hp_gain":0.0,"max_hp_loss":0.0,"gold_gain":0.0,"event_name":"Living Wall","player_choice":"Grow","floor":5.0,"gold_loss":0.0,"damage_taken":0.0,"cards_upgraded":["Zap"]},{"damage_healed":0.0,"max_hp_gain":0.0,"max_hp_loss":0.0,"gold_gain":0.0,"event_name":"Shining Light","player_choice":"Entered Light","floor":6.0,"gold_loss":0.0,"damage_taken":15.0,"cards_upgraded":["Strike_B","Defend_B"]},{"damage_healed":0.0,"max_hp_gain":0.0,"max_hp_loss":0.0,"gold_gain":0.0,"event_name":"Golden Idol","player_choice":"Ignored","floor":11.0,"gold_loss":0.0,"damage_taken":0.0},{"damage_healed":0.0,"max_hp_gain":0.0,"max_hp_loss":0.0,"gold_gain":0.0,"event_name":"Addict","player_choice":"Stole Relic","floor":20.0,"gold_loss":0.0,"damage_taken":0.0,"relics_obtained":["Mercury Hourglass"],"cards_obtained":["Shame"]},{"damage_healed":0.0,"max_hp_gain":0.0,"max_hp_loss":0.0,"gold_gain":0.0,"event_name":"FaceTrader","player_choice":"Trade","floor":22.0,"gold_loss":0.0,"damage_taken":0.0,"relics_obtained":["NlothsMask"]},{"damage_healed":0.0,"max_hp_gain":0.0,"max_hp_loss":0.0,"gold_gain":0.0,"event_name":"Mysterious Sphere","player_choice":"Fight","floor":38.0,"gold_loss":0.0,"damage_taken":0.0},{"damage_healed":0.0,"max_hp_gain":0.0,"max_hp_loss":0.0,"gold_gain":0.0,"event_name":"SensoryStone","player_choice":"Memory 3","floor":44.0,"gold_loss":0.0,"damage_taken":10.0}],"is_beta":false,"boss_relics":[{"not_picked":["Black Star","Velvet Choker"],"picked":"Snecko Eye"},{"not_picked":["Calling Bell","Empty Cage"],"picked":"Astrolabe"}],"items_purged_floors":[4,21],"is_endless":false,"potions_floor_spawned":[1,12,13,14,23,28,33,38,39,40,45],"killed_by":"The Heart","ascension_level":8}