{"gold_per_floor":[109,125,125,144,164,164,180,191,191,30,30,56,111,145,145,145],"floor_reached":16,"playtime":428,"items_purged":[],"score":224,"play_id":"71481ecc-efbb-4549-9823-6b735d443b83","local_time":"20190106212752","is_ascension_mode":true,"campfire_choices":[{"data":"Zap","floor":6,"key":"SMITH"},{"floor":11,"key":"REST"},{"floor":15,"key":"REST"}],"neow_cost":"NONE","seed_source_timestamp":35887054209604,"circlet_count":0,"master_deck":["AscendersBane","Strike_B","Strike_B","Strike_B","Strike_B","Defend_B","Defend_B","Defend_B+1","Defend_B","Zap+1","Dualcast","BootSequence+1","Blizzard","Coolheaded","Cold Snap","Stack","Glacier","Loop"],"relics":["Cracked Core","Omamori","Singing Bowl","Oddly Smooth Stone","Dodecahedron","Tiny Chest","Molten Egg 2"],"potions_floor_usage":[5,14,14],"damage_taken":[{"damage":4,"enemies":"Jaw Worm","floor":1,"turns":4},{"damage":1,"enemies":"2 Louse","floor":2,"turns":3},{"damage":1,"enemies":"Cultist","floor":4,"turns":4},{"damage":0,"enemies":"Lots of Slimes","floor":5,"turns":2},{"damage":1,"enemies":"Blue Slaver","floor":7,"turns":4},{"damage":8,"enemies":"Exordium Wildlife","floor":8,"turns":6},{"damage":11,"enemies":"3 Sentries","floor":12,"turns":11},{"damage":37,"enemies":"Gremlin Nob","floor":14,"turns":5},{"damage":28,"enemies":"Hexaghost","floor":16,"turns":11}],"seed_played":"3024689394644310996","potions_obtained":[{"floor":1,"key":"Explosive Potion"},{"floor":4,"key":"SteroidPotion"},{"floor":7,"key":"Swift Potion"},{"floor":14,"key":"Fire Potion"}],"is_trial":false,"path_per_floor":["M","M","?","M","M","R","M","M","T","$","R","E","T","E","R","B"],"character_chosen":"DEFECT","items_purchased":["Oddly Smooth Stone"],"campfire_rested":2,"item_purchase_floors":[10],"current_hp_per_floor":[60,59,38,37,37,37,36,28,28,28,49,38,38,1,22,0],"gold":145,"neow_bonus":"RANDOM_COMMON_RELIC","is_prod":false,"is_daily":false,"chose_seed":false,"campfire_upgraded":1,"win_rate":0,"timestamp":1546835272,"path_taken":["M","M","?","M","M","R","M","M","T","$","R","E","?","E","R","BOSS"],"build_version":"2019-01-03v4","purchased_purges":0,"victory":false,"max_hp_per_floor":[71,71,71,71,71,71,71,71,71,71,71,71,71,71,71,71],"card_choices":[{"not_picked":["Barrage","Hello World"],"picked":"BootSequence","floor":1},{"not_picked":["Turbo","Steam Power"],"picked":"Blizzard","floor":2},{"not_picked":["Rebound","Gash","Streamline"],"picked":"SKIP","floor":4},{"not_picked":["Turbo","Thunder Strike"],"picked":"Coolheaded","floor":5},{"not_picked":["Coolheaded","Go for the Eyes"],"picked":"Cold Snap","floor":7},{"not_picked":["Redo","Genetic Algorithm"],"picked":"Stack","floor":8},{"not_picked":["Conserve Battery","Coolheaded"],"picked":"Glacier","floor":12},{"not_picked":["Hologram","White Noise"],"picked":"Loop","floor":14}],"player_experience":1028047,"relics_obtained":[{"floor":9,"key":"Singing Bowl"},{"floor":12,"key":"Dodecahedron"},{"floor":13,"key":"Tiny Chest"},{"floor":14,"key":"Molten Egg 2"}],"event_choices":[{"damage_healed":0,"gold_gain":0,"player_choice":"Entered Light","damage_taken":21,"max_hp_gain":0,"max_hp_loss":0,"event_name":"Shining Light","floor":3,"gold_loss":0,"cards_upgraded":["Defend_B","BootSequence"]}],"is_beta":true,"boss_relics":[],"items_purged_floors":[],"is_endless":false,"potions_floor_spawned":[1,4,7,14],"killed_by":"Hexaghost","ascension_level":20}