{"gold_per_floor":[116,128,142,142,153,153,184,184,207,238,238,256,271,285,285,360,360,379,379,399,411,411,442,442,471,525,16,16,16,16,16,16,93,93,104,104,122,0,0,0,30,4,30,30,64,77,104,131,131,131],"floor_reached":50,"playtime":2343,"items_purged":[],"score":1267,"play_id":"ac796ec3-34e2-4533-b67a-2cc55197f6c3","local_time":"20180908222649","is_ascension_mode":true,"campfire_choices":[{"data":"Iron Wave","floor":6,"key":"SMITH"},{"data":"Perfected Strike","floor":8,"key":"SMITH"},{"data":"Fire Breathing","floor":11,"key":"SMITH"},{"data":"Perfected Strike","floor":15,"key":"SMITH"},{"floor":24,"key":"REST"},{"data":"Apotheosis","floor":30,"key":"SMITH"},{"data":"Double Tap","floor":32,"key":"SMITH"},{"data":"Immolate","floor":40,"key":"SMITH"},{"data":"Warcry","floor":44,"key":"SMITH"},{"data":"Demon Form","floor":49,"key":"SMITH"}],"neow_cost":"","seed_source_timestamp":531116498547343,"circlet_count":0,"master_deck":["Strike_R","Strike_R","Strike_R","Strike_R","Strike_R","Defend_R","Defend_R","Defend_R","Defend_R","Bash","AscendersBane","Wild Strike","Iron Wave+1","Rage","Inflame","Perfected Strike+1","Fire Breathing+1","Inflame","Perfected Strike+1","Wild Strike","Immolate+1","Perfected Strike","RitualDagger","Rage+1","Double Tap+1","Perfected Strike","Apotheosis+1","Ghostly","Ghostly","Ghostly","Ghostly","Ghostly","Shockwave+1","Cleave+1","Demon Form+1","Warcry+1","Parasite","Thunderclap+1","Warcry+1","Disarm","Pummel+1"],"relics":["Burning Blood","Bag of Preparation","Blood Vial","Smiling Mask","Bronze Scales","Velvet Choker","Nilry\u0027s Codex","Question Card","Oddly Smooth Stone","Vajra","WingedGreaves","Cursed Key","GremlinMask","Red Mask","Magic Flower","Orichalcum","Peace Pipe","Molten Egg 2","Prayer Wheel"],"potions_floor_usage":[7,10,21,23,23,45,47,50],"damage_taken":[{"damage":5,"enemies":"Small Slimes","floor":1,"turns":3},{"damage":1,"enemies":"Cultist","floor":2,"turns":3},{"damage":7,"enemies":"Jaw Worm","floor":3,"turns":3},{"damage":5,"enemies":"Looter","floor":5,"turns":4},{"damage":34,"enemies":"3 Sentries","floor":7,"turns":10},{"damage":18,"enemies":"Gremlin Nob","floor":10,"turns":4},{"damage":7,"enemies":"2 Fungi Beasts","floor":12,"turns":2},{"damage":4,"enemies":"Red Slaver","floor":13,"turns":3},{"damage":0,"enemies":"3 Louse","floor":14,"turns":2},{"damage":30,"enemies":"Hexaghost","floor":16,"turns":7},{"damage":15,"enemies":"Shell Parasite","floor":18,"turns":3},{"damage":0,"enemies":"Spheric Guardian","floor":20,"turns":2},{"damage":0,"enemies":"Snecko","floor":21,"turns":2},{"damage":25,"enemies":"Slavers","floor":23,"turns":4},{"damage":40,"enemies":"Gremlin Leader","floor":25,"turns":4},{"damage":37,"enemies":"Automaton","floor":33,"turns":9},{"damage":0,"enemies":"3 Shapes","floor":35,"turns":3},{"damage":1,"enemies":"Orb Walker","floor":37,"turns":2},{"damage":4,"enemies":"Giant Head","floor":41,"turns":6},{"damage":0,"enemies":"Nemesis","floor":45,"turns":5},{"damage":1,"enemies":"Sphere and 2 Shapes","floor":46,"turns":5},{"damage":0,"enemies":"Giant Head","floor":47,"turns":7},{"damage":20,"enemies":"2 Orb Walkers","floor":48,"turns":6},{"damage":45,"enemies":"Donu and Deca","floor":50,"turns":4}],"seed_played":"2401633023619221497","potions_obtained":[{"floor":2,"key":"SpeedPotion"},{"floor":3,"key":"SteroidPotion"},{"floor":16,"key":"Dexterity Potion"},{"floor":20,"key":"FearPotion"},{"floor":21,"key":"Weak Potion"},{"floor":35,"key":"SteroidPotion"},{"floor":41,"key":"Dexterity Potion"},{"floor":45,"key":"Swift Potion"},{"floor":46,"key":"Fire Potion"}],"is_trial":false,"path_per_floor":["M","M","M","?","M","R","E","R","T","E","R","M","M","M","R","B",null,"M","?","M","M","?","E","R","E","T","$","?","?","R","?","R","B",null,"M","?","M","?","?","R","E","$","T","R","E","M","E","E","R"],"character_chosen":"IRONCLAD","items_purchased":["Apotheosis","WingedGreaves","Warcry"],"campfire_rested":1,"item_purchase_floors":[27,27,42],"current_hp_per_floor":[69,74,73,55,56,56,28,28,28,18,18,19,23,31,31,9,59,52,46,54,62,41,24,46,14,14,14,14,29,29,29,29,16,32,37,37,37,37,37,37,37,37,37,37,37,37,37,26,26,0],"gold":131,"neow_bonus":"","is_prod":false,"is_daily":false,"chose_seed":false,"campfire_upgraded":9,"win_rate":0,"timestamp":1536460009,"path_taken":["M","M","M","?","M","R","E","R","T","E","R","M","?","M","R","BOSS","M","?","?","M","?","E","R","E","T","$","?","?","R","?","R","BOSS","M","?","M","?","?","R","E","?","T","R","E","?","E","E","R","BOSS"],"build_version":"2018-09-06","purchased_purges":0,"victory":false,"max_hp_per_floor":[75,75,75,75,75,75,75,75,75,75,75,75,75,75,75,75,75,75,75,75,75,75,75,75,75,75,75,75,75,75,37,37,37,37,37,37,37,37,37,37,37,37,37,37,37,37,37,37,37,37],"card_choices":[{"not_picked":["Twin Strike","Shockwave"],"picked":"Wild Strike","floor":1},{"not_picked":["Wild Strike","Sword Boomerang"],"picked":"Iron Wave","floor":2},{"not_picked":["Sentinel","Whirlwind"],"picked":"Rage","floor":3},{"not_picked":["Iron Wave","Dual Wield"],"picked":"Inflame","floor":5},{"not_picked":["Cleave","Hemokinesis"],"picked":"Perfected Strike","floor":7},{"not_picked":["Warcry","Dropkick"],"picked":"Fire Breathing","floor":10},{"not_picked":["Warcry","Dropkick"],"picked":"Inflame","floor":12},{"not_picked":["Thunderclap","Body Slam"],"picked":"Perfected Strike","floor":13},{"not_picked":["Bloodletting","Headbutt"],"picked":"Wild Strike","floor":14},{"not_picked":["Reaper","Fiend Fire"],"picked":"Immolate","floor":16},{"not_picked":["Feel No Pain","Shrug It Off"],"picked":"Perfected Strike","floor":18},{"not_picked":["Disarm","Second Wind","Dropkick"],"picked":"SKIP","floor":20},{"not_picked":["Headbutt","Flex"],"picked":"Rage+1","floor":21},{"not_picked":["Clothesline","Headbutt"],"picked":"Double Tap","floor":23},{"not_picked":["Cleave+1","Double Tap","Shrug It Off"],"picked":"Perfected Strike","floor":25},{"not_picked":["Body Slam","Anger","Clothesline"],"picked":"Shockwave+1","floor":35},{"not_picked":["Flex","Combust","Clothesline"],"picked":"Cleave+1","floor":37},{"not_picked":["Whirlwind","Uppercut","Armaments"],"picked":"Demon Form","floor":41},{"not_picked":["Shrug It Off","Sever Soul","Clash"],"picked":"Thunderclap+1","floor":45},{"not_picked":["Rage+1","Heavy Blade","Power Through"],"picked":"Warcry+1","floor":46},{"not_picked":["Iron Wave+1","Impervious","Flame Barrier"],"picked":"Disarm","floor":47},{"not_picked":["Berserk","Clothesline+1","Body Slam+1"],"picked":"Pummel+1","floor":48}],"player_experience":985902,"relics_obtained":[{"floor":7,"key":"Blood Vial"},{"floor":9,"key":"Smiling Mask"},{"floor":10,"key":"Bronze Scales"},{"floor":22,"key":"Nilry\u0027s Codex"},{"floor":23,"key":"Question Card"},{"floor":25,"key":"Oddly Smooth Stone"},{"floor":26,"key":"Vajra"},{"floor":41,"key":"Magic Flower"},{"floor":43,"key":"Orichalcum"},{"floor":45,"key":"Peace Pipe"},{"floor":47,"key":"Molten Egg 2"},{"floor":48,"key":"Prayer Wheel"}],"event_choices":[{"event_name":"Scrap Ooze","player_choice":"success","floor":4,"damage_taken":18},{"event_name":"Nest","player_choice":"Joined the Cult","floor":19,"damage_taken":0},{"event_name":"Cursed Tome","player_choice":"Obtained Book","floor":22,"damage_taken":0},{"event_name":"Vampires","player_choice":"Ignored","floor":28,"damage_taken":0},{"event_name":"The Library","player_choice":"Heal","floor":29,"damage_taken":0},{"event_name":"Ghosts","player_choice":"Became a Ghost","floor":31,"damage_taken":0},{"event_name":"FaceTrader","player_choice":"Trade","floor":36,"damage_taken":0},{"event_name":"Tomb of Lord Red Mask","player_choice":"Paid","floor":38,"damage_taken":0},{"event_name":"Wheel of Change","player_choice":"Full Heal","floor":39,"damage_taken":0}],"is_beta":false,"boss_relics":[{"not_picked":["Fusion Hammer","Calling Bell"],"picked":"Velvet Choker"},{"not_picked":["Pandora\u0027s Box","Black Blood"],"picked":"Cursed Key"}],"items_purged_floors":[],"is_endless":false,"potions_floor_spawned":[2,3,16,20,21,35,41,45,46],"killed_by":"Donu and Deca","ascension_level":15}