{"gold_per_floor":[118,43,43,68,81,119,119,152,152,152,9,9,9,34,34,34],"floor_reached":16,"playtime":467,"items_purged":["Strike_R"],"score":189,"play_id":"74661896-7a33-46b9-92a9-e7bd0038e0be","local_time":"20190312140708","is_ascension_mode":true,"campfire_choices":[{"data":"Hemokinesis","floor":7,"key":"SMITH"},{"floor":15,"key":"REST"}],"neow_cost":"NONE","seed_source_timestamp":1987834444844202,"circlet_count":0,"master_deck":["AscendersBane","Strike_R","Strike_R","Strike_R","Strike_R","Defend_R+1","Defend_R","Defend_R+1","Defend_R","Bash+1","Shrug It Off","Shockwave","Hemokinesis+1","Feed+1","Battle Trance"],"relics":["Burning Blood","Golden Idol","War Paint","Charon\u0027s Ashes","Shuriken","Singing Bowl"],"potions_floor_usage":[6,8,16],"damage_taken":[{"damage":0,"enemies":"Cultist","floor":1,"turns":3},{"damage":6,"enemies":"Jaw Worm","floor":4,"turns":4},{"damage":0,"enemies":"2 Louse","floor":5,"turns":3},{"damage":47,"enemies":"Gremlin Nob","floor":6,"turns":5},{"damage":15,"enemies":"3 Sentries","floor":8,"turns":9},{"damage":3,"enemies":"Lots of Slimes","floor":14,"turns":5},{"damage":35,"enemies":"Hexaghost","floor":16,"turns":9}],"seed_played":"8026263029672287502","potions_obtained":[{"floor":1,"key":"Swift Potion"},{"floor":6,"key":"AttackPotion"},{"floor":14,"key":"FearPotion"}],"is_trial":false,"path_per_floor":["M","$","?","M","M","E","R","E","T","?","$","?","?","M","R","B"],"character_chosen":"IRONCLAD","items_purchased":["Feed"],"campfire_rested":1,"item_purchase_floors":[11],"current_hp_per_floor":[74,74,68,68,68,27,27,18,18,7,7,7,7,14,35,0],"gold":34,"neow_bonus":"UPGRADE_CARD","is_prod":false,"is_daily":false,"chose_seed":false,"campfire_upgraded":1,"win_rate":0,"timestamp":1552414028,"path_taken":["M","$","?","M","M","E","R","E","T","?","$","?","?","M","R","BOSS"],"build_version":"2019-02-06","purchased_purges":1,"victory":false,"max_hp_per_floor":[75,75,68,68,68,68,68,68,68,68,68,68,68,72,72,72],"card_choices":[{"not_picked":["Second Wind","Perfected Strike"],"picked":"Shrug It Off","floor":1},{"not_picked":["Evolve","Infernal Blade","Clash"],"picked":"SKIP","floor":4},{"not_picked":["True Grit","Intimidate"],"picked":"Shockwave","floor":5},{"not_picked":["Pommel Strike","True Grit"],"picked":"Hemokinesis","floor":6},{"not_picked":["Wild Strike","Shockwave","Infernal Blade"],"picked":"SKIP","floor":8},{"not_picked":["Heavy Blade","Twin Strike"],"picked":"Battle Trance","floor":14}],"player_experience":2155148,"relics_obtained":[{"floor":6,"key":"War Paint"},{"floor":8,"key":"Charon\u0027s Ashes"},{"floor":9,"key":"Shuriken"}],"event_choices":[{"damage_healed":0,"gold_gain":0,"player_choice":"Lose Max HP","damage_taken":0,"relics_obtained":["Golden Idol"],"max_hp_gain":0,"max_hp_loss":7,"event_name":"Golden Idol","floor":3,"gold_loss":0},{"damage_healed":0,"gold_gain":0,"player_choice":"Success","damage_taken":11,"relics_obtained":["Singing Bowl"],"max_hp_gain":0,"max_hp_loss":0,"event_name":"Scrap Ooze","floor":10,"gold_loss":0},{"damage_healed":0,"gold_gain":0,"player_choice":"Leave","damage_taken":0,"max_hp_gain":0,"max_hp_loss":0,"event_name":"The Cleric","floor":12,"gold_loss":0},{"damage_healed":0,"gold_gain":0,"player_choice":"Upgraded","damage_taken":0,"max_hp_gain":0,"max_hp_loss":0,"event_name":"Upgrade Shrine","floor":13,"gold_loss":0,"cards_upgraded":["Feed"]}],"is_beta":true,"boss_relics":[],"items_purged_floors":[2],"is_endless":false,"potions_floor_spawned":[1,6,14],"killed_by":"Hexaghost","ascension_level":15}