{"gold_per_floor":[111,111,111,121,134,134,153,18,18,18,33,33,33,53,53,127,127,137,412,428,440,19,19,37,67,145,145,160,0,0,20,20,20],"floor_reached":33,"playtime":1977,"items_purged":["Regret"],"score":492,"play_id":"5af19657-b87d-4d63-a09a-b53a03e6c1fc","local_time":"20190511062643","is_ascension_mode":true,"campfire_choices":[{"data":"Neutralize","floor":6,"key":"SMITH"},{"data":"Footwork","floor":10,"key":"SMITH"},{"data":"Crippling Poison","floor":15,"key":"SMITH"},{"data":"After Image","floor":23,"key":"SMITH"},{"data":"Caltrops","floor":27,"key":"SMITH"},{"data":"Ghostly","floor":32,"key":"SMITH"}],"neow_cost":"NONE","seed_source_timestamp":3490900480821980,"circlet_count":0,"master_deck":["AscendersBane","Defend_G","Defend_G","Defend_G","Defend_G","Defend_G","Strike_G","Strike_G","Strike_G","Strike_G","Survivor","Neutralize+1","Crippling Poison+1","Escape Plan","Corpse Explosion+1","Deflect","Footwork+1","PiercingWail","Caltrops+1","After Image+1","Deadly Poison+1","PiercingWail","Leg Sweep+1","Ghostly+1","Ghostly","Ghostly","Backflip"],"relics":["Coffee Dripper","Lantern","Black Star","Pear","Ornamental Fan","Prayer Wheel","Meat on the Bone"],"potions_floor_usage":[16,16,20,24,25,33],"damage_taken":[{"damage":3,"enemies":"Small Slimes","floor":1,"turns":4},{"damage":1,"enemies":"Cultist","floor":4,"turns":4},{"damage":0,"enemies":"2 Louse","floor":5,"turns":2},{"damage":0,"enemies":"Exordium Wildlife","floor":7,"turns":3},{"damage":3,"enemies":"Gremlin Gang","floor":11,"turns":3},{"damage":5,"enemies":"Looter","floor":14,"turns":4},{"damage":15,"enemies":"The Guardian","floor":16,"turns":11},{"damage":4,"enemies":"Shell Parasite","floor":18,"turns":6},{"damage":0,"enemies":"3 Byrds","floor":20,"turns":3},{"damage":6,"enemies":"Snake Plant","floor":21,"turns":5},{"damage":11,"enemies":"Snecko","floor":24,"turns":7},{"damage":21,"enemies":"Book of Stabbing","floor":25,"turns":5},{"damage":33,"enemies":"Chosen and Byrds","floor":28,"turns":8},{"damage":5,"enemies":"Sentry and Sphere","floor":31,"turns":7},{"damage":40,"enemies":"Champ","floor":33,"turns":12}],"seed_played":"-1336330191707806509","potions_obtained":[{"floor":1,"key":"Strength Potion"},{"floor":14,"key":"LiquidBronze"},{"floor":18,"key":"Dexterity Potion"},{"floor":21,"key":"Poison Potion"},{"floor":28,"key":"Dexterity Potion"}],"is_trial":false,"path_per_floor":["M","?","?","M","M","R","M","$","T","R","M","?","?","M","R","B",null,"M","?","M","M","$","R","M","E","T","R","M","?","?","M","R","B"],"character_chosen":"THE_SILENT","items_purchased":["Footwork","PiercingWail","Pear","Regen Potion"],"campfire_rested":0,"item_purchase_floors":[8,8,22,22],"current_hp_per_floor":[56,56,56,55,55,55,55,55,55,55,52,45,45,40,40,25,56,52,52,52,46,56,56,60,39,39,39,18,18,18,25,25,0],"gold":20,"neow_bonus":"BOSS_RELIC","is_prod":false,"is_daily":false,"chose_seed":false,"campfire_upgraded":6,"win_rate":0,"timestamp":1557574003,"path_taken":["M","?","?","?","M","R","M","$","T","R","M","?","?","M","R","BOSS","M","?","M","M","$","R","?","E","T","R","M","?","?","M","R","BOSS"],"build_version":"2019-01-23","purchased_purges":1,"victory":false,"max_hp_per_floor":[66,66,66,66,66,66,66,66,66,66,66,66,66,66,66,66,66,66,66,66,66,76,76,76,76,76,76,76,76,38,38,38,38],"card_choices":[{"not_picked":["Bane","Reflex"],"picked":"Crippling Poison","floor":1},{"not_picked":["Skewer","Dagger Throw"],"picked":"Deflect","floor":4},{"not_picked":["All Out Attack","Acrobatics","Deflect"],"picked":"SKIP","floor":5},{"not_picked":["Underhanded Strike","Deflect","Backstab"],"picked":"SKIP","floor":7},{"not_picked":["PiercingWail","Choke"],"picked":"Caltrops","floor":11},{"not_picked":["Slice","Acrobatics","Concentrate"],"picked":"SKIP","floor":14},{"not_picked":["Wraith Form v2","Malaise"],"picked":"After Image","floor":16},{"not_picked":["Bane+1","Flying Knee"],"picked":"Deadly Poison+1","floor":18},{"not_picked":["Deflect","Choke","Deadly Poison"],"picked":"SKIP","floor":20},{"not_picked":["Dodge and Roll+1","Skewer","Outmaneuver"],"picked":"SKIP","floor":21},{"not_picked":["Venomology","Deadly Poison+1","Accuracy+1"],"picked":"SKIP","floor":24},{"not_picked":["Poisoned Stab","Deflect"],"picked":"PiercingWail","floor":25},{"not_picked":["Underhanded Strike","Heel Hook"],"picked":"Leg Sweep+1","floor":28},{"not_picked":["Dodge and Roll","Caltrops","Dagger Spray"],"picked":"SKIP","floor":28},{"not_picked":["Deflect","Dodge and Roll"],"picked":"Backflip","floor":31},{"not_picked":["Quick Slash","Die Die Die","Reflex"],"picked":"SKIP","floor":31}],"player_experience":682212,"relics_obtained":[{"floor":9,"key":"Lantern"},{"floor":25,"key":"Ornamental Fan"},{"floor":25,"key":"Prayer Wheel"},{"floor":26,"key":"Meat on the Bone"}],"event_choices":[{"damage_healed":0,"gold_gain":0,"player_choice":"Leave","damage_taken":0,"max_hp_gain":0,"max_hp_loss":0,"event_name":"The Cleric","floor":2,"gold_loss":0},{"damage_healed":0,"gold_gain":0,"player_choice":"2 cards matched","damage_taken":0,"max_hp_gain":0,"max_hp_loss":0,"event_name":"Match and Keep!","floor":3,"gold_loss":0,"cards_obtained":["Escape Plan","Corpse Explosion"]},{"cards_removed":["Strike_G"],"damage_healed":0,"gold_gain":0,"player_choice":"Card Removal","damage_taken":7,"max_hp_gain":0,"max_hp_loss":0,"event_name":"Golden Wing","floor":12,"gold_loss":0},{"damage_healed":0,"gold_gain":0,"player_choice":"Grow","damage_taken":0,"max_hp_gain":0,"max_hp_loss":0,"event_name":"Living Wall","floor":13,"gold_loss":0,"cards_upgraded":["Corpse Explosion"]},{"damage_healed":0,"gold_gain":275,"player_choice":"Desecrate","damage_taken":0,"max_hp_gain":0,"max_hp_loss":0,"event_name":"Golden Shrine","floor":19,"gold_loss":0,"cards_obtained":["Regret"]},{"damage_healed":0,"gold_gain":0,"player_choice":"Paid Fearfully","damage_taken":0,"max_hp_gain":0,"max_hp_loss":0,"event_name":"Masked Bandits","floor":29,"gold_loss":160},{"damage_healed":0,"gold_gain":0,"player_choice":"Became a Ghost","damage_taken":0,"max_hp_gain":0,"max_hp_loss":38,"event_name":"Ghosts","floor":30,"gold_loss":0,"cards_obtained":["Ghostly","Ghostly","Ghostly"]}],"is_beta":false,"boss_relics":[{"not_picked":["Astrolabe","Philosopher\u0027s Stone"],"picked":"Black Star"}],"items_purged_floors":[22],"is_endless":false,"potions_floor_spawned":[1,14,18,21,28],"killed_by":"Champ","ascension_level":18}