{"gold_per_floor":[118,133,133,148,148,64,64,64,64,83,83],"floor_reached":11,"playtime":373,"items_purged":[],"score":126,"play_id":"c0d5d135-95fb-4613-a8cb-3529dfd279eb","local_time":"20190510124105","is_ascension_mode":true,"campfire_choices":[{"floor":7,"key":"REST"}],"neow_cost":"NONE","seed_source_timestamp":0,"circlet_count":0,"master_deck":["AscendersBane","Zap","Dualcast","Thunder Strike","Redo","Storm","Lockon","Creative AI+1","Gash","Core Surge","All For One","Cold Snap","Genetic Algorithm","Compile Driver","Undo","Melter"],"special_seed":0,"relics":["Pandora\u0027s Box","Boot","Mercury Hourglass"],"potions_floor_usage":[10,11],"damage_taken":[{"damage":10,"enemies":"2 Louse","floor":1,"turns":3},{"damage":11,"enemies":"Small Slimes","floor":2,"turns":3},{"damage":4,"enemies":"Cultist","floor":4,"turns":3},{"damage":18,"enemies":"Exordium Thugs","floor":10,"turns":3},{"damage":25,"enemies":"Lagavulin","floor":11,"turns":5}],"seed_played":"-7664424087019785778","potions_obtained":[{"floor":1,"key":"Explosive Potion"},{"floor":4,"key":"Fire Potion"},{"floor":8,"key":"Regen Potion"},{"floor":10,"key":"Strength Potion"}],"is_trial":false,"path_per_floor":["M","M","?","M","?","$","R","?","T","M","E"],"character_chosen":"DEFECT","items_purchased":["Undo"],"campfire_rested":1,"item_purchase_floors":[6],"current_hp_per_floor":[54,43,8,4,4,4,25,25,25,7,0],"gold":83,"neow_bonus":"BOSS_RELIC","is_prod":false,"is_daily":false,"chose_seed":false,"campfire_upgraded":0,"win_rate":0,"timestamp":1557506465,"path_taken":["M","M","?","M","?","$","R","?","T","M","E"],"build_version":"2019-01-23","purchased_purges":0,"victory":false,"max_hp_per_floor":[71,71,71,71,71,71,71,71,71,71,71],"card_choices":[{"not_picked":["Undo","Leap"],"picked":"Cold Snap","floor":1},{"not_picked":["Compile Driver","BootSequence"],"picked":"Genetic Algorithm","floor":2},{"not_picked":["Beam Cell","Auto Shields"],"picked":"Compile Driver","floor":4},{"not_picked":["Hologram","Static Discharge"],"picked":"Melter","floor":10}],"player_experience":2553947,"relics_obtained":[{"floor":9,"key":"Mercury Hourglass"}],"event_choices":[{"damage_healed":0,"gold_gain":0,"player_choice":"Success","damage_taken":35,"relics_obtained":["Boot"],"max_hp_gain":0,"max_hp_loss":0,"event_name":"Scrap Ooze","floor":3,"gold_loss":0},{"damage_healed":0,"gold_gain":0,"player_choice":"Grow","damage_taken":0,"max_hp_gain":0,"max_hp_loss":0,"event_name":"Living Wall","floor":5,"gold_loss":0,"cards_upgraded":["Creative AI"]},{"damage_healed":0,"gold_gain":0,"player_choice":"Got Potions","damage_taken":0,"max_hp_gain":0,"max_hp_loss":0,"event_name":"Lab","floor":8,"gold_loss":0}],"is_beta":false,"boss_relics":[],"items_purged_floors":[],"is_endless":false,"potions_floor_spawned":[1,4,10],"killed_by":"Lagavulin","ascension_level":20}