{"path_per_floor":["M","?","M","?","?","R","E","$","T","M","?","M","R","M","R","B",null,"M","?","M","?","$","R","E","M","T","R","M","?","M","?","R","B",null,"M","?","?","M"],"character_chosen":"DEFECT","items_purchased":["Defragment","Defragment"],"gold_per_floor":[112,92,110,110,110,110,139,61,61,81,81,101,101,113,113,212,212,225,225,244,244,89,89,123,141,141,141,161,161,179,179,179,274,274,287,287,287,301,301],"floor_reached":39,"campfire_rested":3,"playtime":1154,"current_hp_per_floor":[66,66,66,51,51,51,29,29,29,31,24,24,24,26,26,8,58,25,25,22,22,22,44,22,10,10,32,34,59,38,38,60,36,65,66,66,66,32,0],"items_purged":["Strike_B"],"gold":301,"score":559,"play_id":"6ca656df-82a2-45d9-bdb9-fb7e87670db4","local_time":"20180430131705","is_prod":false,"is_daily":false,"chose_seed":false,"is_ascension_mode":true,"campfire_upgraded":3,"timestamp":1525119425,"path_taken":["M","?","?","?","?","R","E","$","T","M","?","M","R","M","R","BOSS","M","?","M","?","$","R","E","?","T","R","M","?","M","?","R","BOSS","M","?","?","M","M"],"build_version":"2018-04-27v3","seed_source_timestamp":11100050205450,"purchased_purges":1,"victory":false,"master_deck":["Defend_B","Defend_B","Defend_B","Defend_B+1","Zap+1","Ball Lightning+1","Streamline+1","Go for the Eyes","Defragment+1","Genetic Algorithm","Impulse+1","Cold Snap","Echo Form","Ball Lightning","Coolheaded","Defragment","Coolheaded+1","Loop","Leap","Storm+1","Machine Learning+1","Hello World+1","Chaos+1","Conserve Battery+1","White Noise+1","Defragment+1","Undo+1"],"max_hp_per_floor":[75,75,75,75,75,75,75,75,75,75,75,75,75,75,75,75,75,75,75,75,75,75,75,75,75,75,75,75,75,75,75,75,75,75,75,75,75,75,75],"relics":["Cracked Core","Blood Vial","Gremlin Horn","Pen Nib","Philosopher\u0027s Stone","Orichalcum","Ice Cream","Frozen Egg 2","Astrolabe"],"card_choices":[{"not_picked":["Beam Cell","Coolheaded"],"picked":"Ball Lightning","floor":1},{"not_picked":["Turbo","Darkness"],"picked":"Streamline","floor":3},{"not_picked":["Rebound","Multi-Cast"],"picked":"Go for the Eyes","floor":7},{"not_picked":["Axe Kick","Turbo"],"picked":"Genetic Algorithm","floor":10},{"not_picked":["Rebound","Glacier"],"picked":"Impulse","floor":12},{"not_picked":["Coolheaded","Glacier"],"picked":"Cold Snap","floor":14},{"not_picked":["Biased Cognition","Amplify"],"picked":"Echo Form","floor":16},{"not_picked":["Stack","Barrage"],"picked":"Ball Lightning","floor":18},{"not_picked":["Go for the Eyes","Conserve Battery"],"picked":"Coolheaded","floor":20},{"not_picked":["Hello World","Skim"],"picked":"Coolheaded","floor":24},{"not_picked":["Machine Learning","Flux Capacitor"],"picked":"Loop","floor":25},{"not_picked":["Axe Kick","Undo"],"picked":"Leap","floor":28},{"not_picked":["Genetic Algorithm","Streamline"],"picked":"Storm","floor":30},{"not_picked":["Reboot","Multi-Cast"],"picked":"Machine Learning","floor":33},{"not_picked":["FTL","Rip and Tear"],"picked":"White Noise","floor":35},{"not_picked":["Blizzard","Turbo"],"picked":"Undo","floor":38}],"player_experience":562783,"potions_floor_usage":[12,16,20,24,24,25,28,38,38],"damage_taken":[{"damage":2,"enemies":"Jaw Worm","floor":1,"turns":3},{"damage":0,"enemies":"Cultist","floor":3,"turns":3},{"damage":22,"enemies":"Lagavulin","floor":7,"turns":5},{"damage":0,"enemies":"Small Slimes","floor":10,"turns":2},{"damage":2,"enemies":"Red Slaver","floor":12,"turns":3},{"damage":0,"enemies":"Large Slime","floor":14,"turns":3},{"damage":20,"enemies":"Slime Boss","floor":16,"turns":7},{"damage":35,"enemies":"3 Byrds","floor":18,"turns":4},{"damage":5,"enemies":"Chosen","floor":20,"turns":4},{"damage":24,"enemies":"Book of Stabbing","floor":24,"turns":5},{"damage":14,"enemies":"Snake Plant","floor":25,"turns":4},{"damage":0,"enemies":"Sentry and Sphere","floor":28,"turns":4},{"damage":23,"enemies":"Cultist and Chosen","floor":30,"turns":6},{"damage":26,"enemies":"Champ","floor":33,"turns":9},{"damage":1,"enemies":"Orb Walker","floor":35,"turns":4},{"damage":36,"enemies":"3 Darklings","floor":38,"turns":4},{"damage":35,"enemies":"Sphere and 2 Shapes","floor":39,"turns":3}],"event_choices":[{"event_name":"The Woman in Blue","player_choice":"Bought 1 Potion","floor":2,"damage_taken":0},{"event_name":"Shining Light","player_choice":"Entered Light","floor":4,"damage_taken":0},{"event_name":"Living Wall","player_choice":"Grow","floor":5,"damage_taken":0},{"event_name":"Scrap Ooze","player_choice":"success","floor":11,"damage_taken":7},{"event_name":"Wheel of Change","player_choice":"Relic","floor":19,"damage_taken":0},{"event_name":"Drug Dealer","player_choice":"Ignored","floor":21,"damage_taken":0},{"event_name":"The Library","player_choice":"Heal","floor":29,"damage_taken":0},{"event_name":"The Mausoleum","player_choice":"No","floor":31,"damage_taken":0},{"event_name":"Wheel of Change","player_choice":"Card Removal","floor":36,"damage_taken":0},{"event_name":"Duplicator","player_choice":"One dupe","floor":37,"damage_taken":0}],"boss_relics":[{"not_picked":["Inserter","Lizard Tail"],"picked":"Philosopher\u0027s Stone"},{"not_picked":["Pandora\u0027s Box","Velvet Choker"],"picked":"Astrolabe"}],"potions_floor_spawned":[7,14,16,18,20,24,33,35,38],"seed_played":"-7348665682797846189","killed_by":"Sphere and 2 Shapes","ascension_level":8,"is_trial":false}