{"gold_per_floor":[14,189,204,223,243,269,269,269,315,315,333,353,374,391,391,496,496,507,158,171,190,204,204,229,229,229,229,240,251,19,0,0,98,98,118,172,172,185,196,196,206,225,225,49,49,49,49,63,63,63,63,63,16,41,41],"floor_reached":55,"playtime":3780,"items_purged":["Doubt"],"score":820,"play_id":"dafc125a-1acb-407d-b11b-46726bbee90c","local_time":"20190111185300","is_ascension_mode":false,"campfire_choices":[{"floor":7,"key":"REST"},{"floor":10,"key":"REST"},{"data":"Body Slam","floor":15,"key":"SMITH"},{"data":"Corruption","floor":23,"key":"SMITH"},{"floor":25,"key":"REST"},{"floor":32,"key":"REST"},{"floor":40,"key":"RECALL"},{"floor":45,"key":"REST"},{"floor":49,"key":"REST"},{"data":"Apotheosis","floor":52,"key":"SMITH"}],"neow_cost":"NO_GOLD","seed_source_timestamp":173344089644126,"circlet_count":0,"master_deck":["Strike_R","Strike_R","Strike_R","Strike_R","Strike_R+1","Defend_R","Defend_R","Defend_R","Defend_R","Bash","Barricade+1","Body Slam+1","Ghostly Armor","Headbutt","Shrug It Off","Power Through","Body Slam+1","Seeing Red","Anger+1","Corruption+1","Shrug It Off","Body Slam+1","Cleave+1","Iron Wave+1","Armaments","Ghostly Armor","Apotheosis+1","Fiend Fire","Doubt","True Grit+1","Whirlwind+1","Parasite","Entrench+1","Dark Embrace","Burning Pact+1","Flame Barrier+1","True Grit+1"],"relics":["Burning Blood","Kunai","Anchor","Odd Mushroom","Cursed Key","Whetstone","Omamori","Self Forming Clay","Philosopher\u0027s Stone","Mango","Strawberry","Toxic Egg 2","Gremlin Horn"],"potions_floor_usage":[6,16,18,33,33,36,41,42,46,48,50],"damage_taken":[{"damage":6,"enemies":"Jaw Worm","floor":1,"turns":3},{"damage":14,"enemies":"2 Louse","floor":3,"turns":3},{"damage":0,"enemies":"Small Slimes","floor":4,"turns":6},{"damage":16,"enemies":"Blue Slaver","floor":5,"turns":7},{"damage":63,"enemies":"3 Sentries","floor":6,"turns":12},{"damage":6,"enemies":"Exordium Wildlife","floor":11,"turns":7},{"damage":7,"enemies":"Exordium Thugs","floor":12,"turns":6},{"damage":13,"enemies":"The Mushroom Lair","floor":13,"turns":9},{"damage":0,"enemies":"Gremlin Gang","floor":14,"turns":7},{"damage":0,"enemies":"The Guardian","floor":16,"turns":8},{"damage":14,"enemies":"Spheric Guardian","floor":18,"turns":4},{"damage":0,"enemies":"3 Byrds","floor":20,"turns":6},{"damage":7,"enemies":"Sentry and Sphere","floor":21,"turns":6},{"damage":12,"enemies":"Snake Plant","floor":22,"turns":7},{"damage":57,"enemies":"Slavers","floor":24,"turns":6},{"damage":18,"enemies":"Centurion and Healer","floor":28,"turns":4},{"damage":7,"enemies":"Snecko","floor":29,"turns":5},{"damage":0,"enemies":"Automaton","floor":33,"turns":10},{"damage":0,"enemies":"Orb Walker","floor":35,"turns":3},{"damage":13,"enemies":"2 Orb Walkers","floor":36,"turns":5},{"damage":9,"enemies":"3 Darklings","floor":38,"turns":8},{"damage":0,"enemies":"Transient","floor":39,"turns":5},{"damage":58,"enemies":"4 Shapes","floor":41,"turns":5},{"damage":19,"enemies":"Maw","floor":42,"turns":7},{"damage":0,"enemies":"Jaw Worm Horde","floor":46,"turns":1},{"damage":42,"enemies":"Transient","floor":48,"turns":5},{"damage":48,"enemies":"Awakened One","floor":50,"turns":8},{"damage":100,"enemies":"Shield and Spear","floor":54,"turns":8},{"damage":49,"enemies":"The Heart","floor":55,"turns":2}],"seed_played":"4148892431397341085","potions_obtained":[{"floor":3,"key":"Poison Potion"},{"floor":6,"key":"PowerPotion"},{"floor":11,"key":"Energy Potion"},{"floor":14,"key":"GamblersBrew"},{"floor":18,"key":"SmokeBomb"},{"floor":28,"key":"Strength Potion"},{"floor":33,"key":"Weak Potion"},{"floor":35,"key":"Poison Potion"},{"floor":38,"key":"Dexterity Potion"},{"floor":41,"key":"Poison Potion"},{"floor":42,"key":"Weak Potion"},{"floor":54,"key":"Dexterity Potion"}],"is_trial":false,"path_per_floor":["M","?","M","M","M","E","R","?","T","R","M","M","?","M","R","B",null,"M","$","M","M","M","R","E","R","T","?","M","M","$","?","R","B",null,"M","?","T","M","M","R","M","M","T","$","R","M","?","M","R","B",null,"R","$","E","B"],"character_chosen":"IRONCLAD","items_purchased":["Whetstone","Corruption","Shrug It Off","Ghostly Armor","Apotheosis","Entrench+1","Dark Embrace","True Grit+1"],"campfire_rested":6,"item_purchase_floors":[19,19,19,30,30,44,44,53],"current_hp_per_floor":[80,80,72,78,68,11,35,35,35,59,59,58,51,57,57,63,80,72,72,78,77,71,71,20,44,44,44,32,31,31,31,55,61,80,80,87,94,91,97,97,45,32,32,32,62,68,68,32,62,20,101,101,101,7,0],"gold":41,"neow_bonus":"THREE_RARE_CARDS","is_prod":false,"is_daily":false,"chose_seed":false,"campfire_upgraded":3,"win_rate":0,"timestamp":1547250780,"path_taken":["M","?","M","M","M","E","R","?","T","R","M","M","?","M","R","BOSS","M","$","M","M","M","R","E","R","T","?","M","M","$","?","R","BOSS","M","?","?","M","M","R","M","?","T","$","R","M","?","M","R","BOSS","R","$","E","BOSS"],"build_version":"2019-01-10","purchased_purges":1,"victory":false,"max_hp_per_floor":[80,80,80,80,80,80,80,80,80,80,80,80,80,80,80,80,80,80,80,80,80,80,80,80,80,80,80,80,80,80,80,80,80,80,80,94,101,101,101,101,101,101,101,101,101,101,101,101,101,101,101,101,101,101,101],"card_choices":[{"not_picked":["Immolate","Bludgeon"],"picked":"Barricade","floor":0},{"not_picked":["Searing Blow","Pommel Strike"],"picked":"Body Slam","floor":1},{"not_picked":["Iron Wave","True Grit"],"picked":"Ghostly Armor","floor":3},{"not_picked":["Searing Blow","Clash"],"picked":"Headbutt","floor":4},{"not_picked":["Armaments","Clash"],"picked":"Shrug It Off","floor":5},{"not_picked":["Thunderclap","Warcry"],"picked":"Power Through","floor":6},{"not_picked":["Clothesline","Rupture","Havoc"],"picked":"SKIP","floor":11},{"not_picked":["Iron Wave","Rampage","Clash"],"picked":"SKIP","floor":12},{"not_picked":["Exhume","Pommel Strike"],"picked":"Body Slam","floor":13},{"not_picked":["Searing Blow","Shockwave"],"picked":"Seeing Red","floor":14},{"not_picked":["Thunderclap","Warcry"],"picked":"Anger+1","floor":18},{"not_picked":["Havoc","Clothesline+1"],"picked":"Body Slam+1","floor":20},{"not_picked":["Sever Soul","Rupture","Warcry"],"picked":"SKIP","floor":21},{"not_picked":["Clothesline","Heavy Blade+1"],"picked":"Cleave+1","floor":22},{"not_picked":["Flex","Blood for Blood"],"picked":"Iron Wave+1","floor":24},{"not_picked":["Headbutt+1","Brutality","Corruption+1"],"picked":"SKIP","floor":28},{"not_picked":["True Grit","Spot Weakness+1"],"picked":"Armaments","floor":29},{"not_picked":["Reaper","Bludgeon"],"picked":"Fiend Fire","floor":33},{"not_picked":["Perfected Strike+1","Pommel Strike","Corruption+1"],"picked":"SKIP","floor":35},{"not_picked":["Warcry+1","Twin Strike+1","Clash+1"],"picked":"SKIP","floor":38},{"not_picked":["Sentinel","Demon Form"],"picked":"True Grit+1","floor":39},{"not_picked":["Shrug It Off","Body Slam"],"picked":"Whirlwind+1","floor":41},{"not_picked":["Perfected Strike+1","Warcry","Blood for Blood+1"],"picked":"SKIP","floor":42},{"not_picked":["Pommel Strike+1","Anger"],"picked":"Flame Barrier+1","floor":48},{"not_picked":["Clothesline+1","Headbutt+1","Shockwave+1"],"picked":"SKIP","floor":54}],"player_experience":511793,"relics_obtained":[{"floor":6,"key":"Kunai"},{"floor":9,"key":"Anchor"},{"floor":13,"key":"Odd Mushroom"},{"floor":24,"key":"Omamori"},{"floor":36,"key":"Mango"},{"floor":37,"key":"Strawberry"},{"floor":43,"key":"Toxic Egg 2"},{"floor":54,"key":"Gremlin Horn"}],"event_choices":[{"damage_healed":0,"gold_gain":175,"player_choice":"AGREE","damage_taken":0,"max_hp_gain":0,"max_hp_loss":0,"event_name":"Liars Game","floor":2,"gold_loss":0,"cards_obtained":["Doubt"]},{"damage_healed":0,"gold_gain":0,"player_choice":"Grow","damage_taken":0,"max_hp_gain":0,"max_hp_loss":0,"event_name":"Living Wall","floor":8,"gold_loss":0,"cards_upgraded":["Barricade"]},{"damage_healed":0,"gold_gain":0,"player_choice":"Fought Mushrooms","damage_taken":0,"max_hp_gain":0,"max_hp_loss":0,"event_name":"Mushrooms","floor":13,"gold_loss":0},{"damage_healed":0,"gold_gain":0,"player_choice":"Opened","damage_taken":0,"relics_obtained":["Self Forming Clay"],"max_hp_gain":0,"max_hp_loss":0,"event_name":"The Mausoleum","floor":27,"gold_loss":0,"cards_obtained":["Writhe"]},{"damage_healed":0,"gold_gain":0,"player_choice":"Paid Fearfully","damage_taken":0,"max_hp_gain":0,"max_hp_loss":0,"event_name":"Masked Bandits","floor":31,"gold_loss":19},{"damage_healed":0,"gold_gain":0,"player_choice":"Fight","damage_taken":0,"max_hp_gain":0,"max_hp_loss":0,"event_name":"Mysterious Sphere","floor":36,"gold_loss":0},{"damage_healed":0,"gold_gain":0,"player_choice":"1 cards matched","damage_taken":0,"max_hp_gain":0,"max_hp_loss":0,"event_name":"Match and Keep!","floor":47,"gold_loss":0,"cards_obtained":["Burning Pact"]}],"is_beta":false,"boss_relics":[{"not_picked":["Black Blood","Black Star"],"picked":"Cursed Key"},{"not_picked":["Orrery","Tiny House"],"picked":"Philosopher\u0027s Stone"}],"items_purged_floors":[19],"is_endless":false,"potions_floor_spawned":[3,6,11,14,18,28,29,33,35,38,41,42,54],"killed_by":"The Heart","ascension_level":0}