{"gold_per_floor":[366,366,382,400,410,410,444,444,444,457,492,33,59,77,77,152,152,170,220,220,239,256,256],"floor_reached":23,"playtime":1586,"items_purged":["Strike_R"],"score":426,"play_id":"6913ce4f-7e8b-44ac-b15e-04c9688dbdaf","local_time":"20190502032553","is_ascension_mode":true,"campfire_choices":[{"data":"Bash","floor":6,"key":"SMITH"},{"floor":8,"key":"REST"},{"data":"Armaments","floor":15,"key":"SMITH"}],"neow_cost":"TEN_PERCENT_HP_LOSS","seed_source_timestamp":810582316902922,"circlet_count":0,"master_deck":["AscendersBane","Strike_R","Strike_R","Strike_R","Strike_R","Defend_R","Defend_R","Defend_R","Defend_R","Bash+1","Anger","Seeing Red","Feed","Clothesline","Armaments+1","Hemokinesis","Battle Trance","Feel No Pain","Demon Form","Heavy Blade"],"relics":["Burning Blood","Blue Candle","Ice Cream","Shovel","Lantern","Medical Kit","Bag of Marbles","Runic Cube","Ornamental Fan"],"potions_floor_usage":[5,5,11,16,23,23],"damage_taken":[{"damage":16,"enemies":"Jaw Worm","floor":1,"turns":7},{"damage":6,"enemies":"Cultist","floor":3,"turns":3},{"damage":6,"enemies":"2 Louse","floor":4,"turns":4},{"damage":10,"enemies":"Gremlin Gang","floor":5,"turns":3},{"damage":53,"enemies":"Gremlin Nob","floor":7,"turns":5},{"damage":3,"enemies":"2 Fungi Beasts","floor":10,"turns":4},{"damage":25,"enemies":"3 Sentries","floor":11,"turns":7},{"damage":20,"enemies":"Lagavulin","floor":13,"turns":7},{"damage":2,"enemies":"Exordium Thugs","floor":14,"turns":6},{"damage":12,"enemies":"Hexaghost","floor":16,"turns":9},{"damage":23,"enemies":"2 Thieves","floor":18,"turns":5},{"damage":16,"enemies":"3 Byrds","floor":21,"turns":5},{"damage":34,"enemies":"Snake Plant","floor":22,"turns":5},{"damage":27,"enemies":"Book of Stabbing","floor":23,"turns":3}],"seed_played":"761937981526779495","potions_obtained":[{"floor":3,"key":"GamblersBrew"},{"floor":4,"key":"GamblersBrew"},{"floor":10,"key":"Dexterity Potion"},{"floor":13,"key":"Ancient Potion"},{"floor":14,"key":"Regen Potion"},{"floor":18,"key":"PowerPotion"},{"floor":22,"key":"AttackPotion"}],"is_trial":false,"path_per_floor":["M","?","M","M","M","R","E","R","T","M","E","$","E","M","R","B",null,"M","?","?","M","M","E"],"character_chosen":"IRONCLAD","items_purchased":["Lantern","Medical Kit"],"campfire_rested":1,"item_purchase_floors":[12,12],"current_hp_per_floor":[58,58,58,61,60,60,13,35,35,41,22,22,11,18,18,27,69,55,55,55,48,24,0],"gold":256,"neow_bonus":"TWO_FIFTY_GOLD","is_prod":false,"is_daily":false,"chose_seed":false,"campfire_upgraded":2,"win_rate":0,"timestamp":1556781953,"path_taken":["M","?","M","M","?","R","E","R","T","M","E","$","E","M","R","BOSS","M","?","?","M","?","E"],"build_version":"2019-01-23","purchased_purges":1,"victory":false,"max_hp_per_floor":[68,68,68,71,74,74,74,74,74,77,77,77,80,83,83,83,83,86,86,86,89,93,93],"card_choices":[{"not_picked":["Body Slam","Pommel Strike"],"picked":"Anger","floor":1},{"not_picked":["Headbutt","Whirlwind"],"picked":"Feed","floor":3},{"not_picked":["Perfected Strike","Anger"],"picked":"Clothesline","floor":4},{"not_picked":["Anger","Bloodletting","Warcry"],"picked":"SKIP","floor":5},{"not_picked":["Searing Blow","True Grit"],"picked":"Armaments","floor":7},{"not_picked":["Hemokinesis","Twin Strike","Sentinel"],"picked":"SKIP","floor":10},{"not_picked":["Twin Strike","Sentinel"],"picked":"Hemokinesis","floor":10},{"not_picked":["Twin Strike","Carnage"],"picked":"Battle Trance","floor":11},{"not_picked":["Evolve","Cleave"],"picked":"Feel No Pain","floor":13},{"not_picked":["Wild Strike","Cleave","Infernal Blade"],"picked":"SKIP","floor":14},{"not_picked":["Berserk","Feed"],"picked":"Demon Form","floor":16},{"not_picked":["Flex","Twin Strike"],"picked":"Heavy Blade","floor":18},{"not_picked":["Twin Strike","Body Slam","Heavy Blade"],"picked":"SKIP","floor":21},{"not_picked":["Cleave","Havoc","Clash+1"],"picked":"SKIP","floor":22}],"player_experience":2223055,"relics_obtained":[{"floor":7,"key":"Blue Candle"},{"floor":9,"key":"Ice Cream"},{"floor":11,"key":"Shovel"},{"floor":13,"key":"Bag of Marbles"}],"event_choices":[{"damage_healed":0,"gold_gain":0,"player_choice":"1 cards matched","damage_taken":0,"max_hp_gain":0,"max_hp_loss":0,"event_name":"Match and Keep!","floor":2,"gold_loss":0,"cards_obtained":["Seeing Red"]},{"damage_healed":0,"gold_gain":50,"player_choice":"Stole From Cult","damage_taken":0,"max_hp_gain":0,"max_hp_loss":0,"event_name":"Nest","floor":19,"gold_loss":0},{"damage_healed":0,"gold_gain":0,"player_choice":"Gave Potion","damage_taken":0,"relics_obtained":["Ornamental Fan"],"max_hp_gain":0,"max_hp_loss":0,"event_name":"WeMeetAgain","floor":20,"gold_loss":0}],"is_beta":false,"boss_relics":[{"not_picked":["Pandora\u0027s Box","Lizard Tail"],"picked":"Runic Cube"}],"items_purged_floors":[12],"is_endless":false,"potions_floor_spawned":[3,4,10,13,14,18,22],"killed_by":"Book of Stabbing","ascension_level":20}