{"gold_per_floor":[110,123,198,145,10,10,25,59,138,155,155,185,185,198,198,275,275,288,563,581,24,24,24,24,24],"floor_reached":25,"playtime":796,"items_purged":["Regret"],"score":418,"play_id":"066ccb28-898c-4bee-aee5-772d71257b79","local_time":"20190511143922","is_ascension_mode":true,"campfire_choices":[{"data":"Zap","floor":6.0,"key":"SMITH"},{"data":"Dualcast","floor":11.0,"key":"SMITH"},{"data":"Turbo","floor":15.0,"key":"SMITH"},{"floor":24,"key":"REST"}],"neow_cost":"TEN_PERCENT_HP_LOSS","seed_source_timestamp":84027491714958,"circlet_count":0,"master_deck":["AscendersBane","Strike_B","Defend_B","Defend_B","Defend_B","Defend_B","Zap+1","Dualcast+1","Undo","Streamline","Glacier","Conserve Battery","Blizzard","Coolheaded","Turbo+1","Loop","Compile Driver","Cold Snap","Core Surge","Machine Learning","Multi-Cast","Coolheaded","Ball Lightning","Hologram","Loop","Turbo","Recycle","Apotheosis","Decay"],"special_seed":0,"relics":["Cracked Core","Vajra","Symbiotic Virus","Potion Belt","Orrery","Bottled Tornado"],"potions_floor_usage":[23],"damage_taken":[{"damage":7.0,"enemies":"Jaw Worm","floor":1.0,"turns":3.0},{"damage":0.0,"enemies":"2 Louse","floor":2.0,"turns":3.0},{"damage":0.0,"enemies":"Cultist","floor":7.0,"turns":3.0},{"damage":7.0,"enemies":"3 Sentries","floor":8.0,"turns":11.0},{"damage":5.0,"enemies":"3 Louse","floor":10.0,"turns":3.0},{"damage":16.0,"enemies":"Gremlin Nob","floor":12.0,"turns":4.0},{"damage":0.0,"enemies":"2 Fungi Beasts","floor":14.0,"turns":3.0},{"damage":15.0,"enemies":"Slime Boss","floor":16.0,"turns":10.0},{"damage":14,"enemies":"3 Byrds","floor":18,"turns":5},{"damage":24,"enemies":"Shell Parasite","floor":20,"turns":5},{"damage":35,"enemies":"Book of Stabbing","floor":25,"turns":3}],"seed_played":"5195326314294691538","potions_obtained":[{"floor":1.0,"key":"EntropicBrew"},{"floor":8.0,"key":"Block Potion"},{"floor":12.0,"key":"LiquidBronze"},{"floor":20,"key":"FearPotion"}],"is_trial":false,"path_per_floor":["M","M","?","$","$","R","M","E","T","M","R","E","?","M","R","B",null,"M","?","M","$","?","E","R","E"],"character_chosen":"DEFECT","items_purchased":["Conserve Battery","Blizzard","Coolheaded","Apotheosis","Bottled Tornado"],"campfire_rested":1,"item_purchase_floors":[4,5,5,21,21],"current_hp_per_floor":[57,57,46,46,46,46,46,39,39,34,34,18,18,18,18,3,49,35,35,11,11,11,11,30,0],"gold":24,"neow_bonus":"TRANSFORM_TWO_CARDS","is_prod":false,"is_daily":false,"chose_seed":false,"campfire_upgraded":3,"win_rate":0,"timestamp":1557556762,"path_taken":["M","M","?","?","$","R","M","E","T","M","R","E","?","?","R","BOSS","M","?","?","$","?","E","R","E"],"build_version":"2019-01-23","purchased_purges":1,"victory":false,"max_hp_per_floor":[64,64,64,64,64,64,64,64,64,64,64,64,64,64,64,64,64,64,64,64,64,64,64,64,64],"card_choices":[{"not_picked":["Undo","Sweeping Beam","Steam"],"picked":"SKIP","floor":1.0},{"not_picked":["Rip and Tear","Auto Shields"],"picked":"Glacier","floor":2.0},{"not_picked":["Cold Snap","Beam Cell"],"picked":"Turbo","floor":7.0},{"not_picked":["Leap","Sweeping Beam"],"picked":"Loop","floor":8.0},{"not_picked":["Steam","Force Field"],"picked":"Compile Driver","floor":10.0},{"not_picked":["Double Energy","Reprogram"],"picked":"Cold Snap","floor":12.0},{"not_picked":["Turbo","Machine Learning","Sweeping Beam"],"picked":"SKIP","floor":14.0},{"not_picked":["Turbo","Sweeping Beam"],"picked":"Machine Learning","floor":14.0},{"not_picked":["Creative AI","Seek"],"picked":"Multi-Cast","floor":16.0},{"not_picked":["Conserve Battery","Stack"],"picked":"Coolheaded","floor":17},{"not_picked":["Rebound","Go for the Eyes"],"picked":"Ball Lightning","floor":17},{"not_picked":["Genetic Algorithm","Redo"],"picked":"Hologram","floor":17},{"not_picked":["Storm","Auto Shields"],"picked":"Loop","floor":17},{"not_picked":["Auto Shields+1","Stack"],"picked":"Turbo","floor":18},{"not_picked":["Self Repair+1","Capacitor"],"picked":"Recycle","floor":20}],"player_experience":1609781,"relics_obtained":[{"floor":8.0,"key":"Vajra"},{"floor":9.0,"key":"Symbiotic Virus"},{"floor":12.0,"key":"Potion Belt"}],"event_choices":[{"damage_healed":0.0,"max_hp_gain":0.0,"max_hp_loss":0.0,"gold_gain":75.0,"event_name":"World of Goop","player_choice":"Gather Gold","floor":3.0,"gold_loss":0.0,"damage_taken":11.0},{"damage_healed":0.0,"max_hp_gain":0.0,"max_hp_loss":0.0,"gold_gain":0.0,"cards_transformed":["Strike_B"],"event_name":"Living Wall","player_choice":"Change","floor":13.0,"gold_loss":0.0,"damage_taken":0.0,"cards_obtained":["Core Surge"]},{"damage_healed":0,"gold_gain":275,"player_choice":"Desecrate","damage_taken":0,"max_hp_gain":0,"max_hp_loss":0,"event_name":"Golden Shrine","floor":19,"gold_loss":0,"cards_obtained":["Regret"]},{"damage_healed":0,"gold_gain":0,"player_choice":"Smashed Altar","damage_taken":0,"max_hp_gain":0,"max_hp_loss":0,"event_name":"Forgotten Altar","floor":22,"gold_loss":0,"cards_obtained":["Decay"]}],"is_beta":false,"boss_relics":[{"not_picked":["White Beast Statue","Sozu"],"picked":"Orrery"}],"items_purged_floors":[21],"is_endless":false,"potions_floor_spawned":[1,8,12,20],"killed_by":"Book of Stabbing","ascension_level":20}