{"gold_per_floor":[114,189,189,189,212,212,256,256,283,283,307,98,111,35,35,156,156,179,179,179,159,4,45,57,82,117,129],"floor_reached":27,"playtime":984,"items_purged":[],"score":306,"play_id":"b265f2ed-a682-4008-9e2c-73e704c2cbce","local_time":"20190430174227","is_ascension_mode":true,"campfire_choices":[{"data":"Zap","floor":6,"key":"SMITH"},{"data":"Dualcast","floor":8,"key":"SMITH"},{"data":"Sweeping Beam","floor":10,"key":"SMITH"},{"floor":15,"key":"REST"},{"floor":24,"key":"DIG"}],"neow_cost":"NONE","seed_source_timestamp":1641210104028984,"circlet_count":0,"master_deck":["Strike_B+1","Strike_B","Strike_B+1","Strike_B","Defend_B","Defend_B","Defend_B","Defend_B","Zap+1","Dualcast+1","Leap","Sweeping Beam+1","BootSequence","White Noise","Cold Snap","Defragment","Thunder Strike","Tempest","Storm","Self Repair","Conserve Battery"],"relics":["Cracked Core","Golden Idol","Bottled Lightning","Omamori","MealTicket","Coffee Dripper","Shovel","PreservedInsect","MawBank","Anchor","Happy Flower"],"potions_floor_usage":[13,16,23,23],"damage_taken":[{"damage":3,"enemies":"2 Louse","floor":1,"turns":3},{"damage":7,"enemies":"Small Slimes","floor":5,"turns":3},{"damage":23,"enemies":"Lagavulin","floor":7,"turns":7},{"damage":0,"enemies":"Cultist","floor":11,"turns":3},{"damage":0,"enemies":"Blue Slaver","floor":13,"turns":3},{"damage":42,"enemies":"Hexaghost","floor":16,"turns":12},{"damage":4,"enemies":"Shell Parasite","floor":18,"turns":7},{"damage":34,"enemies":"Slavers","floor":23,"turns":3},{"damage":33,"enemies":"3 Byrds","floor":25,"turns":4},{"damage":15,"enemies":"Snake Plant","floor":27,"turns":2}],"seed_played":"-5783293967266148218","potions_obtained":[{"floor":7,"key":"SteroidPotion"},{"floor":11,"key":"EssenceOfSteel"},{"floor":13,"key":"Explosive Potion"},{"floor":18,"key":"SteroidPotion"},{"floor":21,"key":"AttackPotion"}],"is_trial":false,"path_per_floor":["M","?","?","?","M","R","E","R","T","R","M","$","M","$","R","B",null,"M","?","?","?","$","E","R","M","T","M"],"character_chosen":"DEFECT","items_purchased":["MealTicket","Defragment","PreservedInsect"],"campfire_rested":1,"item_purchase_floors":[12,14,22],"current_hp_per_floor":[72,61,45,45,38,38,15,15,15,15,15,15,15,30,52,10,60,56,56,56,56,71,37,37,11,11,0],"gold":129,"neow_bonus":"TEN_PERCENT_HP_BONUS","is_prod":false,"is_daily":false,"chose_seed":false,"campfire_upgraded":3,"win_rate":0,"timestamp":1556642547,"path_taken":["M","?","?","?","M","R","E","R","T","R","M","$","M","$","R","BOSS","M","?","?","?","$","E","R","M","T","?"],"build_version":"2019-01-23","purchased_purges":0,"victory":false,"max_hp_per_floor":[82,82,82,76,76,76,76,76,76,76,76,76,76,76,76,76,76,76,76,76,76,76,76,76,76,76,76],"card_choices":[{"not_picked":["Darkness","Steam Power"],"picked":"Leap","floor":1},{"not_picked":["Turbo","Hologram"],"picked":"Sweeping Beam","floor":5},{"not_picked":["Meteor Strike","Coolheaded"],"picked":"BootSequence","floor":7},{"not_picked":["Steam","Tempest"],"picked":"White Noise","floor":11},{"not_picked":["Chaos","Barrage"],"picked":"Cold Snap","floor":13},{"not_picked":["Buffer","Machine Learning"],"picked":"Thunder Strike","floor":16},{"not_picked":["Skim","Turbo"],"picked":"Tempest","floor":18},{"not_picked":["Streamline+1","Blizzard+1"],"picked":"Self Repair","floor":23},{"not_picked":["Steam+1","Redo"],"picked":"Conserve Battery","floor":25}],"player_experience":263048,"relics_obtained":[{"floor":7,"key":"Bottled Lightning"},{"floor":9,"key":"Omamori"},{"floor":23,"key":"MawBank"},{"floor":24,"key":"Anchor"},{"floor":26,"key":"Happy Flower"}],"event_choices":[{"damage_healed":0,"gold_gain":75,"player_choice":"Gather Gold","damage_taken":11,"max_hp_gain":0,"max_hp_loss":0,"event_name":"World of Goop","floor":2,"gold_loss":0},{"damage_healed":0,"gold_gain":0,"player_choice":"Entered Light","damage_taken":16,"max_hp_gain":0,"max_hp_loss":0,"event_name":"Shining Light","floor":3,"gold_loss":0,"cards_upgraded":["Strike_B","Strike_B"]},{"damage_healed":0,"gold_gain":0,"player_choice":"Lose Max HP","damage_taken":0,"relics_obtained":["Golden Idol"],"max_hp_gain":0,"max_hp_loss":6,"event_name":"Golden Idol","floor":4,"gold_loss":0},{"damage_healed":0,"gold_gain":0,"player_choice":"Opened","damage_taken":0,"relics_obtained":["Shovel"],"max_hp_gain":0,"max_hp_loss":0,"event_name":"The Mausoleum","floor":19,"gold_loss":0},{"damage_healed":0,"gold_gain":0,"player_choice":"Read","damage_taken":0,"max_hp_gain":0,"max_hp_loss":0,"event_name":"The Library","floor":20,"gold_loss":0,"cards_obtained":["Storm"]},{"damage_healed":0,"gold_gain":0,"player_choice":"Bought 1 Potion","damage_taken":0,"max_hp_gain":0,"max_hp_loss":0,"event_name":"The Woman in Blue","floor":21,"gold_loss":0}],"is_beta":false,"boss_relics":[{"not_picked":["Ectoplasm","Philosopher\u0027s Stone"],"picked":"Coffee Dripper"}],"items_purged_floors":[],"is_endless":false,"potions_floor_spawned":[7,11,13,18],"killed_by":"Snake Plant","ascension_level":7}