{"gold_per_floor":[117,267,48,48,64,107,32,32,32,32,50,50,75,100,100,199,199,213,12,12,137,157,157,196,196,219,219,219,237,237,262,262,358,358,381,381,396,446,460,499,524,524,592,592,925,942,1042,1055,1055,1055,1055,1055,383,383],"floor_reached":54,"playtime":1776,"items_purged":["Doubt","Bite"],"score":1411,"play_id":"9d0e6557-9062-466a-be1a-fe60d9826028","local_time":"20190215152011","is_ascension_mode":true,"campfire_choices":[{"data":"Hyperbeam","floor":8.0,"key":"SMITH"},{"data":"Footwork","floor":15.0,"key":"SMITH"},{"data":"Armaments","floor":23.0,"key":"SMITH"},{"data":"Beam Cell","floor":25,"key":"SMITH"},{"data":"Backflip","floor":27,"key":"SMITH"},{"data":"Reboot","floor":32,"key":"SMITH"},{"data":"Metallicize","floor":42,"key":"SMITH"},{"floor":44,"key":"RECALL"},{"data":"Juggernaut","floor":49,"key":"SMITH"},{"data":"PiercingWail","floor":52,"key":"SMITH"}],"neow_cost":"NONE","seed_source_timestamp":15748108367256,"circlet_count":0,"master_deck":["AscendersBane","Defend_R","Defend_R","Defend_R","Defend_R","Bash","Armaments+1","Hyperbeam+1","Footwork+1","Backflip+1","Beam Cell+1","Reboot+1","Shrug It Off+1","Shrug It Off","Impatience","Metallicize+1","Bite","Bite","Bite","Bite","Undo","PiercingWail+1","Impervious","Metallicize+1","Seek","Juggernaut+1","Inflame","Iron Wave"],"special_seed":0,"relics":["Burning Blood","NeowsBlessing","PrismaticShard","Pear","Paper Frog","Coffee Dripper","Oddly Smooth Stone","Calipers","Ornamental Fan","StoneCalendar","Happy Flower","Sozu","Bottled Lightning","Thread and Needle","Membership Card","Charon\u0027s Ashes","Bottled Flame"],"potions_floor_usage":[33],"damage_taken":[{"damage":0.0,"enemies":"Cultist","floor":1.0,"turns":1.0},{"damage":0.0,"enemies":"Small Slimes","floor":5.0,"turns":1.0},{"damage":0.0,"enemies":"3 Sentries","floor":6.0,"turns":2.0},{"damage":12.0,"enemies":"Jaw Worm","floor":11.0,"turns":2.0},{"damage":0.0,"enemies":"2 Fungi Beasts","floor":13.0,"turns":2.0},{"damage":8.0,"enemies":"Blue Slaver","floor":14.0,"turns":2.0},{"damage":9.0,"enemies":"The Guardian","floor":16.0,"turns":11.0},{"damage":19.0,"enemies":"Shell Parasite","floor":18.0,"turns":3.0},{"damage":18.0,"enemies":"Colosseum Slavers","floor":21.0,"turns":3.0},{"damage":8.0,"enemies":"Colosseum Nobs","floor":21.0,"turns":5.0},{"damage":6.0,"enemies":"3 Byrds","floor":22.0,"turns":3.0},{"damage":28,"enemies":"Slavers","floor":24,"turns":4},{"damage":1,"enemies":"Shelled Parasite and Fungi","floor":29,"turns":6},{"damage":0,"enemies":"3 Cultists","floor":31,"turns":5},{"damage":42,"enemies":"Automaton","floor":33,"turns":16},{"damage":0,"enemies":"3 Darklings","floor":35,"turns":6},{"damage":0,"enemies":"Orb Walker","floor":37,"turns":2},{"damage":40,"enemies":"Transient","floor":39,"turns":6},{"damage":37,"enemies":"Nemesis","floor":40,"turns":13},{"damage":0,"enemies":"Sphere and 2 Shapes","floor":41,"turns":6},{"damage":20,"enemies":"Maw","floor":46,"turns":9},{"damage":0,"enemies":"Mind Bloom Boss Battle","floor":47,"turns":7},{"damage":4,"enemies":"Writhing Mass","floor":48,"turns":7},{"damage":46,"enemies":"Time Eater","floor":50,"turns":14},{"damage":70,"enemies":"Shield and Spear","floor":54,"turns":5}],"seed_played":"1732860348588510408","potions_obtained":[{"floor":6.0,"key":"GamblersBrew"},{"floor":16.0,"key":"Strength Potion"},{"floor":18.0,"key":"BloodPotion"},{"floor":21.0,"key":"SpeedPotion"},{"floor":31,"key":"Fire Potion"}],"is_trial":false,"path_per_floor":["M","?","$","?","M","E","$","R","T","?","M","?","M","M","R","B",null,"M","$","?","?","M","R","E","R","T","R","?","M","?","M","R","B",null,"M","?","M","?","M","E","M","R","T","R","?","M","?","M","R","B",null,"R","$","E"],"character_chosen":"IRONCLAD","items_purchased":["PrismaticShard","Oddly Smooth Stone","Shrug It Off","Membership Card","Charon\u0027s Ashes","Bottled Flame","Inflame","Iron Wave"],"campfire_rested":0,"item_purchase_floors":[3,19,19,53,53,53,53,53],"current_hp_per_floor":[74,74,74,48,54,70,70,70,70,63,57,85,85,83,83,80,84,71,71,71,65,65,65,43,43,43,43,43,59,59,59,59,58,59,59,59,59,59,43,48,59,59,59,59,59,59,59,59,59,40,54,54,54,0],"gold":383,"neow_bonus":"THREE_ENEMY_KILL","is_prod":false,"is_daily":false,"chose_seed":false,"campfire_upgraded":9,"win_rate":0,"timestamp":1550269211,"path_taken":["M","?","$","?","M","E","?","R","T","?","?","?","M","?","R","BOSS","M","$","?","?","M","R","E","R","T","R","?","M","?","M","R","BOSS","M","?","M","?","?","E","M","R","T","R","?","M","?","M","R","BOSS","R","$","E"],"build_version":"2019-02-06","purchased_purges":2,"victory":false,"max_hp_per_floor":[75,75,75,75,75,85,85,85,85,85,85,85,85,85,85,85,85,85,85,85,85,85,85,85,85,85,85,59,59,59,59,59,59,59,59,59,59,59,59,59,59,59,59,59,59,59,59,59,59,59,59,59,59,59],"card_choices":[{"not_picked":["Warcry","Anger"],"picked":"Armaments","floor":1.0},{"not_picked":["Stack","Backflip"],"picked":"Corruption","floor":5.0},{"not_picked":["Discovery","Twin Strike"],"picked":"Hyperbeam","floor":6.0},{"not_picked":["Outmaneuver","Dagger Throw"],"picked":"Footwork","floor":11.0},{"not_picked":["Shockwave","Perfected Strike"],"picked":"Backflip","floor":13.0},{"not_picked":["Poisoned Stab","Chaos"],"picked":"Beam Cell","floor":14.0},{"not_picked":["Bludgeon","Multi-Cast"],"picked":"Reboot","floor":16.0},{"not_picked":["Rebound+1","Thunderclap"],"picked":"Shrug It Off+1","floor":18.0},{"not_picked":["Redo+1","Undo"],"picked":"Impatience","floor":22.0},{"not_picked":["Catalyst","Heavy Blade"],"picked":"Metallicize+1","floor":24},{"not_picked":["Body Slam","Sword Boomerang"],"picked":"Undo","floor":29},{"not_picked":["Capacitor","Infernal Blade+1"],"picked":"PiercingWail","floor":31},{"not_picked":["Rainbow","Brutality"],"picked":"Impervious","floor":33},{"not_picked":["Acrobatics","Flex","Bane"],"picked":"SKIP","floor":35},{"not_picked":["Noxious Fumes","Infernal Blade"],"picked":"Metallicize","floor":37},{"not_picked":["Dagger Throw+1","Predator","Cold Snap+1"],"picked":"SKIP","floor":39},{"not_picked":["Armaments+1","Terror+1"],"picked":"Seek","floor":40},{"not_picked":["Steam+1","Body Slam","Cold Snap+1"],"picked":"SKIP","floor":41},{"not_picked":["Streamline","Steam","Leap"],"picked":"SKIP","floor":46},{"not_picked":["Dagger Throw+1","Deflect"],"picked":"Juggernaut","floor":48}],"player_experience":1089312,"relics_obtained":[{"floor":6.0,"key":"Pear"},{"floor":9.0,"key":"Paper Frog"},{"floor":21.0,"key":"Calipers"},{"floor":21.0,"key":"Ornamental Fan"},{"floor":24,"key":"StoneCalendar"},{"floor":26,"key":"Happy Flower"},{"floor":40,"key":"Bottled Lightning"},{"floor":47,"key":"Thread and Needle"}],"event_choices":[{"damage_healed":0.0,"max_hp_gain":0.0,"max_hp_loss":0.0,"gold_gain":150.0,"event_name":"Liars Game","player_choice":"AGREE","floor":2.0,"gold_loss":0.0,"damage_taken":0.0,"cards_obtained":["Doubt"]},{"damage_healed":0.0,"max_hp_gain":0.0,"max_hp_loss":0.0,"gold_gain":0.0,"event_name":"Golden Idol","player_choice":"Take Damage","floor":4.0,"gold_loss":0.0,"damage_taken":26.0,"relics_obtained":["Golden Idol"]},{"cards_removed":["Strike_R"],"damage_healed":0.0,"max_hp_gain":0.0,"max_hp_loss":0.0,"gold_gain":0.0,"event_name":"Golden Wing","player_choice":"Card Removal","floor":10.0,"gold_loss":0.0,"damage_taken":7.0},{"cards_removed":["Corruption"],"damage_healed":28.0,"max_hp_gain":0.0,"max_hp_loss":0.0,"gold_gain":0.0,"event_name":"Bonfire Elementals","player_choice":"Offered Uncommon","floor":12.0,"gold_loss":0.0,"damage_taken":0.0},{"damage_healed":0.0,"max_hp_gain":0.0,"max_hp_loss":0.0,"gold_gain":0.0,"event_name":"Colosseum","player_choice":"Fight","floor":21.0,"gold_loss":0.0,"damage_taken":0.0},{"damage_healed":0.0,"max_hp_gain":0.0,"max_hp_loss":0.0,"gold_gain":0.0,"event_name":"Colosseum","player_choice":"Fought Nobs","floor":21.0,"gold_loss":0.0,"damage_taken":0.0},{"damage_healed":0,"gold_gain":0,"player_choice":"Became a vampire","damage_taken":0,"max_hp_gain":0,"max_hp_loss":26,"event_name":"Vampires","floor":28,"gold_loss":0,"cards_obtained":["Bite","Bite","Bite","Bite","Bite"]},{"damage_healed":0,"gold_gain":0,"player_choice":"Ignored","damage_taken":0,"max_hp_gain":0,"max_hp_loss":0,"event_name":"Ghosts","floor":30,"gold_loss":0},{"damage_healed":0,"gold_gain":0,"player_choice":"Ignored","damage_taken":0,"max_hp_gain":0,"max_hp_loss":0,"event_name":"Mysterious Sphere","floor":36,"gold_loss":0},{"damage_healed":0,"gold_gain":50,"player_choice":"Pray","damage_taken":0,"max_hp_gain":0,"max_hp_loss":0,"event_name":"Golden Shrine","floor":38,"gold_loss":0},{"damage_healed":0,"gold_gain":333,"player_choice":"Gave Idol","damage_taken":0,"max_hp_gain":0,"max_hp_loss":0,"event_name":"The Moai Head","floor":45,"relics_lost":["Golden Idol"],"gold_loss":0},{"damage_healed":0,"gold_gain":0,"player_choice":"Fight","damage_taken":0,"max_hp_gain":0,"max_hp_loss":0,"event_name":"MindBloom","floor":47,"gold_loss":0}],"is_beta":true,"boss_relics":[{"not_picked":["Empty Cage","Black Blood"],"picked":"Coffee Dripper"},{"not_picked":["Snecko Eye","Runic Dome"],"picked":"Sozu"}],"items_purged_floors":[7,53],"is_endless":false,"potions_floor_spawned":[6,16,18,21,21,31,37,40,41,47,48],"killed_by":"Shield and Spear","ascension_level":19}