{"path_per_floor":["M","M","M","$","M","R","E","R","T","M","?","R","?","M","R"],"character_chosen":"IRONCLAD","items_purchased":[],"gold_per_floor":[14,26,37,37,56,56,88,88,88,98,98,98,98,113,113,113],"floor_reached":16,"campfire_rested":1,"playtime":385,"current_hp_per_floor":[66,57,57,57,45,45,16,38,38,24,24,24,24,29,29,0],"items_purged":[],"gold":113,"score":179,"play_id":"707d5d95-612d-4795-bcdc-03ea37af8177","local_time":"20180413164129","is_prod":false,"is_daily":false,"chose_seed":false,"is_ascension_mode":true,"campfire_upgraded":3,"timestamp":1523662889,"path_taken":["M","M","M","$","M","R","E","R","T","M","?","R","?","M","R","BOSS"],"build_version":"2018-04-12","seed_source_timestamp":156993468553045,"purchased_purges":0,"victory":false,"master_deck":["Strike_R","Strike_R","Strike_R","Strike_R","Defend_R","Defend_R","Defend_R","Defend_R","Bash+1","AscendersBane","Battle Trance","Flex+1","Thunderclap","Iron Wave","Corruption+1","Shrug It Off","Reaper"],"max_hp_per_floor":[75,75,75,75,75,75,75,75,75,75,75,75,75,75,75,75],"relics":["Burning Blood","Ice Cream","Blue Candle","Bottled Flame"],"card_choices":[{"not_picked":["Sword Boomerang","Armaments"],"picked":"Battle Trance","floor":1},{"not_picked":["Blood for Blood","Havoc"],"picked":"Flex","floor":2},{"not_picked":["Combust","Sword Boomerang"],"picked":"Thunderclap","floor":3},{"not_picked":["Rupture","Pommel Strike"],"picked":"Iron Wave","floor":5},{"not_picked":["Hemokinesis","Armaments"],"picked":"Corruption","floor":7},{"not_picked":["Flame Barrier","Burning Pact"],"picked":"Shrug It Off","floor":10},{"not_picked":["Flex","Wild Strike"],"picked":"Reaper","floor":14}],"player_experience":452940,"potions_floor_usage":[16],"damage_taken":[{"damage":8,"enemies":"2 Louse","floor":1,"turns":4},{"damage":15,"enemies":"Small Slimes","floor":2,"turns":4},{"damage":6,"enemies":"Cultist","floor":3,"turns":3},{"damage":18,"enemies":"Red Slaver","floor":5,"turns":4},{"damage":35,"enemies":"3 Sentries","floor":7,"turns":8},{"damage":20,"enemies":"3 Louse","floor":10,"turns":4},{"damage":1,"enemies":"Looter","floor":14,"turns":4},{"damage":47,"enemies":"Hexaghost","floor":16,"turns":9}],"event_choices":[{"event_name":"Liars Game","player_choice":"disagreed","floor":11,"damage_taken":0},{"event_name":"Purifier","player_choice":"One Purge","floor":13,"damage_taken":0}],"boss_relics":[],"potions_floor_spawned":[3,10,14],"seed_played":"-8132070545475866578","killed_by":"Hexaghost","ascension_level":15,"is_trial":false}