{"path_per_floor":["M","?","M","M","M","R","M","R","T","M","R","E","R","M","R","B",null,"M","?","T","?","M","R","M","R","T","R","$","R","$","M","R","B",null,"M","M","?","$","?","E","M","R","T","M","E","R"],"character_chosen":"THE_SILENT","items_purchased":["Dash","Du-Vu Doll","After Image","Accuracy","Snake Skull"],"gold_per_floor":[110,110,128,143,155,155,175,175,175,188,188,223,223,233,233,334,334,353,353,353,353,365,365,379,379,460,460,78,78,23,43,43,140,140,157,173,173,58,58,88,104,104,104,115,146,146],"floor_reached":47,"campfire_rested":0,"playtime":3330,"current_hp_per_floor":[63,63,63,63,41,47,43,49,49,49,55,55,61,54,60,37,70,69,53,53,40,37,45,2,10,10,18,18,28,28,28,38,7,75,73,63,63,63,63,34,34,46,46,27,4,16],"items_purged":[],"gold":146,"score":485,"play_id":"cff4f9a8-1fcb-4a3d-a8c1-7eef8c65be9c","is_prod":false,"is_daily":false,"is_ascension_mode":false,"campfire_upgraded":12,"path_taken":["M","?","M","M","?","R","M","R","T","?","R","E","R","M","R","BOSS","M","?","?","?","M","R","M","R","T","R","$","R","?","M","R","BOSS","M","M","?","$","?","E","M","R","T","M","E","R","M"],"build_version":"2018-02-08-PROD1","purchased_purges":3,"victory":false,"master_deck":["Defend_G","Defend_G","Defend_G","Defend_G","Defend_G","Strike_G","Strike_G+1","Strike_G+1","Survivor","Neutralize+1","Bouncing Flask+1","Catalyst+1","Adrenaline+1","Poisoned Stab+1","Deadly Poison+1","Infinite Blades+1","Well Laid Plans+1","After Image+1","Leg Sweep+1","Necronomicurse","Bouncing Flask+1","Quick Slash+1","Dash+1","After Image+1","Accuracy+1","Bouncing Flask+1","Night Terror","Slice+1","Distraction+1","Heel Hook","Escape Plan+1","Malaise+1"],"max_hp_per_floor":[70,70,70,70,70,70,70,70,70,70,70,70,70,70,70,70,70,70,70,70,75,75,75,75,75,75,75,75,75,75,75,75,75,75,75,75,75,75,75,75,75,75,75,75,75,75],"relics":["Eternal Feather","Unceasing Top","Whetstone","Sozu","Necronomicon","Bottled Lightning","The Courier","Du-Vu Doll","White Beast Statue","Snake Skull","Frozen Eye","Mummified Hand","Bottled Tornado"],"card_choices":[{"not_picked":["Deadly Poison","Bane"],"picked":"Bouncing Flask"},{"not_picked":["Backstab","Dagger Spray"],"picked":"Catalyst"},{"not_picked":["Poisoned Stab","Flying Knee"],"picked":"Adrenaline"},{"not_picked":["Outmaneuver","Deflect"],"picked":"Poisoned Stab"},{"not_picked":["Quick Slash","Caltrops"],"picked":"Deadly Poison"},{"not_picked":["Sucker Punch","Outmaneuver"],"picked":"Infinite Blades"},{"not_picked":["Backstab","Calculated Gamble"],"picked":"Well Laid Plans"},{"not_picked":["Burst","A Thousand Cuts"],"picked":"After Image"},{"not_picked":["Dagger Spray","Reflex"],"picked":"Leg Sweep"},{"not_picked":["Heel Hook","Dagger Throw"],"picked":"Bouncing Flask"},{"not_picked":["Prepared","Endless Agony"],"picked":"Quick Slash"},{"not_picked":["Slice","Concentrate"],"picked":"Bouncing Flask"},{"not_picked":["Unload","Die Die Die"],"picked":"Night Terror"},{"not_picked":["Sucker Punch","Acrobatics"],"picked":"Slice"},{"not_picked":["Slice","Reflex"],"picked":"Distraction"},{"not_picked":["Endless Agony","Blade Dance"],"picked":"Escape Plan"},{"not_picked":["Cloak And Dagger","Outmaneuver"],"picked":"Malaise"}],"player_experience":222198,"potions_floor_usage":[5,12,14],"damage_taken":[{"damage":7,"enemies":"2 Louse","floor":1,"turns":3},{"damage":0,"enemies":"Cultist","floor":3,"turns":3},{"damage":0,"enemies":"Jaw Worm","floor":4,"turns":3},{"damage":22,"enemies":"Gremlin Gang","floor":5,"turns":7},{"damage":4,"enemies":"3 Louse","floor":7,"turns":4},{"damage":0,"enemies":"2 Fungi Beasts","floor":10,"turns":3},{"damage":0,"enemies":"Lagavulin","floor":12,"turns":5},{"damage":7,"enemies":"Lots of Slimes","floor":14,"turns":3},{"damage":23,"enemies":"Slime Boss","floor":16,"turns":6},{"damage":1,"enemies":"Spheric Guardian","floor":18,"turns":3},{"damage":3,"enemies":"Chosen","floor":22,"turns":4},{"damage":43,"enemies":"3 Cultists","floor":24,"turns":7},{"damage":0,"enemies":"Sentry and Sphere","floor":31,"turns":4},{"damage":31,"enemies":"Collector","floor":33,"turns":7},{"damage":2,"enemies":"3 Shapes","floor":35,"turns":5},{"damage":10,"enemies":"3 Darklings","floor":36,"turns":5},{"damage":29,"enemies":"2 Orb Walkers","floor":40,"turns":6},{"damage":0,"enemies":"Maw","floor":41,"turns":4},{"damage":19,"enemies":"4 Shapes","floor":44,"turns":5},{"damage":23,"enemies":"Nemesis","floor":45,"turns":4},{"damage":16,"enemies":"3 Darklings","floor":47,"turns":2}],"event_choices":[{"event_name":"Living Wall","player_choice":"Grow","floor":2,"damage_taken":0},{"event_name":"Cursed Tome","player_choice":"Obtained Book","floor":19,"damage_taken":0},{"event_name":"Forgotten Altar","player_choice":"Shed Blood","floor":21,"damage_taken":0},{"event_name":"Purifier","player_choice":"One Purge","floor":37,"damage_taken":0},{"event_name":"Transmorgrifier","player_choice":"Transform","floor":39,"damage_taken":0}],"boss_relics":[{"not_picked":["Lizard Tail","Tiny House"],"picked":"Sozu"},{"not_picked":["Runic Pyramid","Snecko Eye"],"picked":"White Beast Statue"}],"potions_floor_spawned":[1,7,12,22,33,35,36,40,41,44,45],"seed_played":"7196448732131621752","killed_by":"3 Darklings","ascension_level":0,"is_trial":false}