{"gold_per_floor":[116,116,140,156,169,205,205,157,180,215,215,215,34,67,67,160,160,178,178],"floor_reached":19,"playtime":1368,"items_purged":[],"score":370,"play_id":"6c5029ec-f55b-40ed-aa91-4341e6df25cb","local_time":"20190501204528","is_ascension_mode":true,"campfire_choices":[{"floor":7.0,"key":"REST"},{"floor":12.0,"key":"REST"},{"floor":15,"key":"REST"}],"neow_cost":"TEN_PERCENT_HP_LOSS","seed_source_timestamp":786699556741393,"circlet_count":0,"master_deck":["AscendersBane","Defend_G","Defend_G","Defend_G","Defend_G","Defend_G","Strike_G","Strike_G","Strike_G","Survivor","Neutralize","Slice","Backflip","Noxious Fumes","Backstab","Envenom","Bouncing Flask","Footwork","Blur","After Image","Corpse Explosion","Choke+1"],"special_seed":0,"relics":["Ring of the Snake","Golden Idol","Snake Skull","Vajra","Omamori","WarpedTongs","Singing Bowl","Runic Dome"],"potions_floor_usage":[14,16],"damage_taken":[{"damage":16.0,"enemies":"Jaw Worm","floor":1.0,"turns":9.0},{"damage":2.0,"enemies":"Small Slimes","floor":3.0,"turns":6.0},{"damage":1.0,"enemies":"Cultist","floor":4.0,"turns":6.0},{"damage":11.0,"enemies":"2 Fungi Beasts","floor":5.0,"turns":5.0},{"damage":13.0,"enemies":"Gremlin Nob","floor":6.0,"turns":4.0},{"damage":27.0,"enemies":"3 Sentries","floor":10.0,"turns":7.0},{"damage":8,"enemies":"Lagavulin","floor":14,"turns":5},{"damage":15,"enemies":"Slime Boss","floor":16,"turns":10},{"damage":25,"enemies":"Chosen","floor":18,"turns":4},{"damage":19,"enemies":"3 Byrds","floor":19,"turns":2}],"seed_played":"7060150813278410967","potions_obtained":[{"floor":3.0,"key":"AttackPotion"},{"floor":5.0,"key":"SpeedPotion"},{"floor":10.0,"key":"Poison Potion"},{"floor":18,"key":"Dexterity Potion"}],"is_trial":false,"path_per_floor":["M","?","M","M","M","E","R","?","T","E","?","R","$","E","R","B",null,"M","M"],"character_chosen":"THE_SILENT","items_purchased":["Poison Potion","Footwork","Blur"],"campfire_rested":3,"item_purchase_floors":[13,13,13],"current_hp_per_floor":[43,43,41,40,29,16,32,32,32,5,5,21,21,13,29,14,44,19,0],"gold":178,"neow_bonus":"REMOVE_TWO","is_prod":false,"is_daily":false,"chose_seed":false,"campfire_upgraded":0,"win_rate":0,"timestamp":1556757928,"path_taken":["M","?","M","M","M","E","R","?","T","E","?","R","$","E","R","BOSS","M","M"],"build_version":"2019-01-23","purchased_purges":0,"victory":false,"max_hp_per_floor":[60,54,54,54,54,54,54,54,54,54,54,54,54,54,54,54,54,54,54],"card_choices":[{"not_picked":["PiercingWail","Outmaneuver"],"picked":"Slice","floor":1.0},{"not_picked":["Bane","Blade Dance"],"picked":"Backflip","floor":3.0},{"not_picked":["Dodge and Roll","Skewer"],"picked":"Noxious Fumes","floor":4.0},{"not_picked":["All Out Attack","Dagger Spray"],"picked":"Backstab","floor":5.0},{"not_picked":["Infinite Blades","Blur"],"picked":"Envenom","floor":6.0},{"not_picked":["Setup","Cloak And Dagger"],"picked":"Bouncing Flask","floor":10.0},{"not_picked":["Dodge and Roll","Well Laid Plans"],"picked":"After Image","floor":14},{"not_picked":["Storm of Steel","Malaise"],"picked":"Corpse Explosion","floor":16},{"not_picked":["Cloak And Dagger","Dodge and Roll"],"picked":"Choke+1","floor":18}],"player_experience":2217420,"relics_obtained":[{"floor":6.0,"key":"Snake Skull"},{"floor":9.0,"key":"Vajra"},{"floor":10.0,"key":"Omamori"},{"floor":14,"key":"Singing Bowl"}],"event_choices":[{"damage_healed":0.0,"max_hp_gain":0.0,"max_hp_loss":6.0,"gold_gain":0.0,"event_name":"Golden Idol","player_choice":"Lose Max HP","floor":2.0,"gold_loss":0.0,"damage_taken":0.0,"relics_obtained":["Golden Idol"]},{"damage_healed":0.0,"max_hp_gain":0.0,"max_hp_loss":0.0,"gold_gain":0.0,"event_name":"World of Goop","player_choice":"Left Gold","floor":8.0,"gold_loss":48.0,"damage_taken":0.0},{"damage_healed":0.0,"max_hp_gain":0.0,"max_hp_loss":0.0,"gold_gain":0.0,"event_name":"Accursed Blacksmith","player_choice":"Rummage","floor":11.0,"gold_loss":0.0,"damage_taken":0.0,"relics_obtained":["WarpedTongs"],"cards_obtained":["Pain"]}],"is_beta":false,"boss_relics":[{"not_picked":["Orrery","Empty Cage"],"picked":"Runic Dome"}],"items_purged_floors":[],"is_endless":false,"potions_floor_spawned":[3,5,10,18],"killed_by":"3 Byrds","ascension_level":20}