{"gold_per_floor":[109,109,129,148,29,55,55,69,69,69,81,112,37,71,71,71],"floor_reached":16,"playtime":794,"items_purged":["Strike_G"],"score":290,"play_id":"398c6abe-1e8a-4d5c-a575-1d1f66dae0cf","local_time":"20190405010934","is_ascension_mode":true,"campfire_choices":[{"data":"Dagger Spray","floor":7,"key":"SMITH"},{"data":"Storm of Steel","floor":10,"key":"SMITH"},{"floor":15,"key":"REST"}],"neow_cost":"NONE","seed_source_timestamp":312668117855921,"circlet_count":0,"master_deck":["AscendersBane","Defend_G","Defend_G","Defend_G","Defend_G","Defend_G","Strike_G","Strike_G","Strike_G","Survivor","Neutralize","Backstab","Cloak And Dagger","Dagger Spray+1","Backstab","Storm of Steel+1","Well Laid Plans","Crippling Poison","Escape Plan"],"relics":["Ring of the Snake","PreservedInsect","Omamori","Dodecahedron","Frozen Egg 2"],"potions_floor_usage":[6,6,14],"damage_taken":[{"damage":2,"enemies":"Small Slimes","floor":1,"turns":5},{"damage":0,"enemies":"Cultist","floor":3,"turns":4},{"damage":2,"enemies":"Jaw Worm","floor":4,"turns":6},{"damage":31,"enemies":"Gremlin Nob","floor":6,"turns":4},{"damage":6,"enemies":"2 Fungi Beasts","floor":8,"turns":3},{"damage":13,"enemies":"Blue Slaver","floor":11,"turns":2},{"damage":0,"enemies":"3 Sentries","floor":12,"turns":4},{"damage":7,"enemies":"Lagavulin","floor":14,"turns":6},{"damage":30,"enemies":"The Guardian","floor":16,"turns":10}],"seed_played":"-2573126695371145034","potions_obtained":[{"floor":1,"key":"Swift Potion"},{"floor":4,"key":"Poison Potion"},{"floor":12,"key":"GhostInAJar"}],"is_trial":false,"path_per_floor":["M","?","M","M","$","E","R","M","T","R","M","E","$","E","R","B"],"character_chosen":"THE_SILENT","items_purchased":["Backstab","Escape Plan"],"campfire_rested":1,"item_purchase_floors":[5,13],"current_hp_per_floor":[63,63,63,61,61,30,30,24,24,24,11,11,11,4,25,0],"gold":71,"neow_bonus":"TEN_PERCENT_HP_BONUS","is_prod":false,"is_daily":false,"chose_seed":false,"campfire_upgraded":2,"win_rate":0,"timestamp":1554440974,"path_taken":["M","?","M","M","$","E","R","M","T","R","?","E","$","E","R","BOSS"],"build_version":"2019-01-23","purchased_purges":1,"victory":false,"max_hp_per_floor":[72,72,72,72,72,72,72,72,72,72,72,72,72,72,72,72],"card_choices":[{"not_picked":["Predator","Quick Slash"],"picked":"Backstab","floor":1},{"not_picked":["PiercingWail","Outmaneuver"],"picked":"Cloak And Dagger","floor":3},{"not_picked":["Accuracy","Blade Dance"],"picked":"Dagger Spray","floor":4},{"not_picked":["Acrobatics","Bane"],"picked":"Storm of Steel","floor":6},{"not_picked":["Poisoned Stab","Bane"],"picked":"Well Laid Plans","floor":8},{"not_picked":["Blade Dance","Expertise","Setup"],"picked":"SKIP","floor":11},{"not_picked":["Bullet Time","Reflex"],"picked":"Crippling Poison","floor":12},{"not_picked":["Bullet Time","Slice","Underhanded Strike"],"picked":"SKIP","floor":14}],"player_experience":1603130,"relics_obtained":[{"floor":6,"key":"PreservedInsect"},{"floor":9,"key":"Omamori"},{"floor":12,"key":"Dodecahedron"},{"floor":14,"key":"Frozen Egg 2"}],"event_choices":[{"cards_removed":["Strike_G"],"damage_healed":0,"gold_gain":0,"player_choice":"Offered Basic","damage_taken":0,"max_hp_gain":0,"max_hp_loss":0,"event_name":"Bonfire Elementals","floor":2,"gold_loss":0}],"is_beta":false,"boss_relics":[],"items_purged_floors":[5],"is_endless":false,"potions_floor_spawned":[1,4,12],"killed_by":"The Guardian","ascension_level":20}