{"gold_per_floor":[112,18,18,93,93,123,149,229,264,289,301,324,346,358,370,454,466,491,53,53,73,93,93,118,59,59,79,79,79,79,140,140,140],"floor_reached":33,"playtime":1370,"items_purged":["Acrobatics"],"score":674,"play_id":"3c94a811-c7a2-497e-a8ab-51b032c5b6b1","local_time":"20180827004050","is_ascension_mode":true,"campfire_choices":[{"data":"Neutralize","floor":11,"key":"SMITH"},{"data":"Dodge and Roll","floor":15,"key":"SMITH"},{"floor":23,"key":"REST"},{"data":"Noxious Fumes","floor":28,"key":"SMITH"},{"floor":32,"key":"REST"}],"neow_cost":"NONE","seed_source_timestamp":1003151247058816,"circlet_count":0,"master_deck":["Survivor","Neutralize+1","AscendersBane","Poisoned Stab","Infinite Blades","Backstab","Dagger Throw","Dodge and Roll+1","Cloak And Dagger","All Out Attack","Tools of the Trade","PiercingWail","Poisoned Stab","Dagger Throw","Dagger Throw","Dodge and Roll","Calculated Gamble","Skewer","Dagger Throw","Backflip","Dagger Spray+1","Noxious Fumes+1","Tactician","Backflip","Cloak And Dagger","Cloak And Dagger+1"],"relics":["Ring of the Snake","NeowsBlessing","MawBank","Pantograph","Oddly Smooth Stone","Bird Faced Urn","Nilry\u0027s Codex","Art of War","Question Card","Nloth\u0027s Gift","Tiny Chest"],"potions_floor_usage":[16,24,31,31,33],"damage_taken":[{"damage":0,"enemies":"Small Slimes","floor":1,"turns":1},{"damage":0,"enemies":"3 Sentries","floor":6,"turns":1},{"damage":0,"enemies":"2 Louse","floor":7,"turns":1},{"damage":0,"enemies":"Cultist","floor":10,"turns":3},{"damage":19,"enemies":"Large Slime","floor":12,"turns":6},{"damage":0,"enemies":"Red Slaver","floor":13,"turns":4},{"damage":31,"enemies":"The Guardian","floor":16,"turns":18},{"damage":3,"enemies":"3 Byrds","floor":18,"turns":6},{"damage":5,"enemies":"Shell Parasite","floor":21,"turns":7},{"damage":3,"enemies":"3 Cultists","floor":22,"turns":5},{"damage":0,"enemies":"Gremlin Leader","floor":24,"turns":8},{"damage":8,"enemies":"Cultist and Chosen","floor":27,"turns":7},{"damage":61,"enemies":"Slavers","floor":31,"turns":8},{"damage":84,"enemies":"Champ","floor":33,"turns":15}],"seed_played":"-5971016434877149029","potions_obtained":[{"floor":1,"key":"Regen Potion"},{"floor":5,"key":"GhostInAJar"},{"floor":16,"key":"Weak Potion"},{"floor":24,"key":"Regen Potion"}],"is_trial":false,"path_per_floor":["M","$","?","?","?","E","M","T","T","M","R","M","M","$","R","B",null,"M","$","?","M","M","R","E","$","T","M","R","?","?","E","R"],"character_chosen":"THE_SILENT","items_purchased":["Infinite Blades","Noxious Fumes","Bird Faced Urn","Cloak And Dagger"],"campfire_rested":2,"item_purchase_floors":[2,19,19,25],"current_hp_per_floor":[59,59,64,53,53,53,53,53,53,53,53,34,34,34,34,40,63,60,60,39,38,37,58,68,68,68,65,65,65,65,23,44,0],"gold":140,"neow_bonus":"THREE_ENEMY_KILL","is_prod":false,"is_daily":false,"chose_seed":false,"campfire_upgraded":3,"win_rate":0,"timestamp":1535355650,"path_taken":["M","$","?","?","?","E","?","?","T","M","R","?","M","?","R","BOSS","M","$","?","M","?","R","E","$","T","M","R","?","?","E","R","BOSS"],"build_version":"2018-08-23v2","purchased_purges":1,"victory":false,"max_hp_per_floor":[66,66,71,71,71,71,71,71,71,71,71,71,71,71,71,71,71,71,71,71,71,71,71,71,71,71,71,71,71,71,71,71,71],"card_choices":[{"not_picked":["Choke","Masterful Stab"],"picked":"Poisoned Stab","floor":1},{"not_picked":["Deadly Poison","Underhanded Strike"],"picked":"Backstab","floor":6},{"not_picked":["Quick Slash","Well Laid Plans"],"picked":"Dagger Throw","floor":7},{"not_picked":["Deadly Poison","Catalyst"],"picked":"Dodge and Roll","floor":10},{"not_picked":["Poisoned Stab","Backstab"],"picked":"Cloak And Dagger","floor":12},{"not_picked":["Bullet Time","Underhanded Strike"],"picked":"All Out Attack","floor":13},{"not_picked":["Envenom","Bullet Time"],"picked":"Tools of the Trade","floor":16},{"not_picked":["Acrobatics","Deflect"],"picked":"Dagger Spray+1","floor":18},{"not_picked":["Tactician","Blade Dance","Slice"],"picked":"SKIP","floor":21},{"not_picked":["Blade Dance","Slice"],"picked":"Tactician","floor":21},{"not_picked":["Underhanded Strike","Slice"],"picked":"Backflip","floor":22},{"not_picked":["Caltrops","Phantasmal Killer","All Out Attack"],"picked":"SKIP","floor":24},{"not_picked":["Accuracy","PiercingWail","Eviscerate","Acrobatics"],"picked":"SKIP","floor":27},{"not_picked":["Wraith Form v2","Bullet Time","Outmaneuver"],"picked":"Cloak And Dagger+1","floor":31}],"player_experience":908192,"relics_obtained":[{"floor":6,"key":"MawBank"},{"floor":8,"key":"Pantograph"},{"floor":9,"key":"Oddly Smooth Stone"},{"floor":20,"key":"Nilry\u0027s Codex"},{"floor":24,"key":"Art of War"},{"floor":26,"key":"Question Card"},{"floor":31,"key":"Tiny Chest"}],"event_choices":[{"event_name":"Big Fish","player_choice":"Donut","floor":3,"damage_taken":0},{"event_name":"World of Goop","player_choice":"Gather Gold","floor":4,"damage_taken":0},{"event_name":"The Lab","player_choice":"Got Potions","floor":5,"damage_taken":0},{"event_name":"Cursed Tome","player_choice":"Obtained Book","floor":20,"damage_taken":0},{"event_name":"N\u0027loth","player_choice":"Traded a Pandora\u0027s Box","floor":29,"damage_taken":0},{"event_name":"The Mausoleum","player_choice":"No","floor":30,"damage_taken":0}],"is_beta":true,"boss_relics":[{"not_picked":["WristBlade","Ectoplasm"],"picked":"Pandora\u0027s Box"}],"items_purged_floors":[19],"is_endless":false,"potions_floor_spawned":[1,7,16,18,24],"killed_by":"Champ","ascension_level":19}