{"gold_per_floor":[113,126,46,124,134,134,144,144,144,49,77,77,112,125,125,202,202,219,219,230,230,230,28,28,59,59,75,75,105,124,44,44,119,169,180,196,214,230,230,230,264,264,264,264,264,264,275,44,44,44],"floor_reached":51,"playtime":5730,"items_purged":[],"score":1279,"play_id":"f419c3f3-ce5c-49f8-be44-78d4d1552cae","local_time":"20190423151324","is_ascension_mode":true,"campfire_choices":[{"data":"Zap","floor":6,"key":"SMITH"},{"floor":8,"key":"REST"},{"data":"Defragment","floor":15,"key":"SMITH"},{"floor":24,"key":"REST"},{"floor":32,"key":"REST"},{"data":"Loop","floor":40,"key":"SMITH"},{"data":"Redo","floor":42,"key":"SMITH"},{"floor":44,"key":"REST"},{"data":"Loop","floor":49,"key":"SMITH"}],"neow_cost":"NONE","seed_source_timestamp":15218263614292,"circlet_count":0,"master_deck":["AscendersBane","Strike_B","Defend_B","Defend_B","Defend_B","Defend_B","Zap+1","Dualcast","Fission+1","Buffer+1","Aggregate+1","Beam Cell","Sweeping Beam","Doom and Gloom","Barrage","Cold Snap","Conserve Battery","Melter","Defragment+1","Redo+1","Conserve Battery","Echo Form+1","Darkness","Ghostly+1","Ghostly","Ghostly","Ghostly","Ghostly","Conserve Battery+1","Stack","Shame","Undo","Glacier","Loop+1","Hologram+1","Dark Shackles","Redo","Loop+1"],"relics":["Astrolabe","Smiling Mask","Cables","Potion Belt","Strawberry","Velvet Choker","PreservedInsect","Dream Catcher","Matryoshka","DataDisk","Mummified Hand","Tiny House","Anchor","Bag of Preparation","Bird Faced Urn","Kunai","War Paint","Art of War"],"potions_floor_usage":[19,25,37,50,50],"damage_taken":[{"damage":0,"enemies":"2 Louse","floor":1,"turns":4},{"damage":18,"enemies":"Small Slimes","floor":2,"turns":6},{"damage":7,"enemies":"Jaw Worm","floor":5,"turns":4},{"damage":0,"enemies":"Looter","floor":7,"turns":4},{"damage":20,"enemies":"3 Sentries","floor":11,"turns":6},{"damage":11,"enemies":"Gremlin Nob","floor":13,"turns":3},{"damage":15,"enemies":"3 Louse","floor":14,"turns":3},{"damage":15,"enemies":"Hexaghost","floor":16,"turns":8},{"damage":19,"enemies":"3 Byrds","floor":18,"turns":4},{"damage":27,"enemies":"Colosseum Slavers","floor":19,"turns":4},{"damage":9,"enemies":"Shell Parasite","floor":20,"turns":5},{"damage":2,"enemies":"Gremlin Leader","floor":25,"turns":7},{"damage":3,"enemies":"Snake Plant","floor":27,"turns":4},{"damage":6,"enemies":"Book of Stabbing","floor":29,"turns":7},{"damage":8,"enemies":"Cultist and Chosen","floor":30,"turns":8},{"damage":15,"enemies":"Champ","floor":33,"turns":14},{"damage":0,"enemies":"3 Shapes","floor":35,"turns":8},{"damage":5,"enemies":"3 Darklings","floor":36,"turns":4},{"damage":0,"enemies":"Transient","floor":37,"turns":5},{"damage":0,"enemies":"Spire Growth","floor":38,"turns":5},{"damage":0,"enemies":"Giant Head","floor":41,"turns":9},{"damage":0,"enemies":"Sphere and 2 Shapes","floor":47,"turns":7},{"damage":26,"enemies":"Awakened One","floor":50,"turns":11}],"seed_played":"-1253016675734986295","potions_obtained":[{"floor":5,"key":"Ancient Potion"},{"floor":13,"key":"Poison Potion"},{"floor":14,"key":"Swift Potion"},{"floor":16,"key":"LiquidBronze"},{"floor":20,"key":"Regen Potion"},{"floor":30,"key":"Explosive Potion"},{"floor":34,"key":"GamblersBrew"},{"floor":36,"key":"Dexterity Potion"}],"is_trial":false,"path_per_floor":["M","M","$","?","M","R","M","R","T","$","E","?","E","M","R","B",null,"M","?","M","?","?","$","R","E","T","M","?","E","M","$","R","B",null,"M","M","M","M","T","R","E","R","T","R","?","?","M","$","R","B",null],"character_chosen":"DEFECT","items_purchased":["Doom and Gloom","Conserve Battery","Melter","PreservedInsect","Conserve Battery","Glacier","Loop","Art of War"],"campfire_rested":4,"item_purchase_floors":[3,10,10,23,23,31,48,48],"current_hp_per_floor":[64,46,46,46,39,39,39,60,60,60,40,40,36,21,21,6,60,41,14,5,5,5,5,16,29,29,26,26,20,12,12,23,8,36,36,31,31,31,31,31,31,31,31,44,44,44,44,44,44,22],"gold":44,"neow_bonus":"BOSS_RELIC","is_prod":false,"is_daily":false,"chose_seed":false,"campfire_upgraded":5,"win_rate":0,"timestamp":1556025204,"path_taken":["M","M","$","?","M","R","M","R","T","$","E","?","E","M","R","BOSS","M","?","M","?","?","$","R","E","T","M","?","E","M","?","R","BOSS","M","M","?","M","?","R","E","R","T","R","?","?","M","$","R","BOSS"],"build_version":"2019-01-23","purchased_purges":0,"victory":true,"max_hp_per_floor":[71,71,71,71,71,71,71,71,71,71,71,71,78,78,78,78,78,78,78,78,39,39,39,39,39,39,39,39,39,39,39,39,39,44,44,44,44,44,44,44,44,44,44,44,44,44,44,44,44,44],"card_choices":[{"not_picked":["Coolheaded","Recycle"],"picked":"Beam Cell","floor":1},{"not_picked":["Chill","Gash"],"picked":"Sweeping Beam","floor":2},{"not_picked":["Reinforced Body","Leap"],"picked":"Barrage","floor":5},{"not_picked":["Redo","Rip and Tear"],"picked":"Cold Snap","floor":7},{"not_picked":["Coolheaded","Blizzard"],"picked":"Defragment","floor":11},{"not_picked":["Darkness","Multi-Cast"],"picked":"Redo","floor":13},{"not_picked":["Redo","Auto Shields"],"picked":"Conserve Battery","floor":14},{"not_picked":["Reboot","Core Surge"],"picked":"Echo Form","floor":16},{"not_picked":["Leap","Beam Cell"],"picked":"Darkness","floor":18},{"not_picked":["Auto Shields","Turbo","Streamline"],"picked":"SKIP","floor":20},{"not_picked":["Rip and Tear","Chaos"],"picked":"Stack","floor":25},{"not_picked":["Doom and Gloom","Beam Cell+1","Rebound"],"picked":"SKIP","floor":27},{"not_picked":["Rebound","Barrage","FTL"],"picked":"SKIP","floor":29},{"not_picked":["Rip and Tear","Beam Cell"],"picked":"Undo","floor":30},{"not_picked":["Storm","Rebound"],"picked":"Loop","floor":34},{"not_picked":["Redo","Go for the Eyes","Turbo+1"],"picked":"SKIP","floor":35},{"not_picked":["Undo+1","Coolheaded"],"picked":"Hologram+1","floor":36},{"not_picked":["Compile Driver","Recycle","Heatsinks"],"picked":"SKIP","floor":37},{"not_picked":["Steam","Blizzard","Turbo+1"],"picked":"SKIP","floor":38},{"not_picked":["Melter","Creative AI","Rebound"],"picked":"SKIP","floor":41},{"not_picked":["Apotheosis","Purity"],"picked":"Dark Shackles","floor":45},{"not_picked":["Barrage","Chill"],"picked":"Redo","floor":47}],"player_experience":265687,"relics_obtained":[{"floor":9,"key":"Smiling Mask"},{"floor":11,"key":"Cables"},{"floor":13,"key":"Strawberry"},{"floor":25,"key":"Dream Catcher"},{"floor":26,"key":"Matryoshka"},{"floor":29,"key":"Mummified Hand"},{"floor":39,"key":"Anchor"},{"floor":39,"key":"Bag of Preparation"},{"floor":41,"key":"Bird Faced Urn"},{"floor":43,"key":"Kunai"},{"floor":43,"key":"War Paint"}],"event_choices":[{"damage_healed":0,"gold_gain":78,"player_choice":"Gained Gold","damage_taken":0,"max_hp_gain":0,"max_hp_loss":0,"event_name":"Golden Wing","floor":4,"gold_loss":0},{"damage_healed":0,"gold_gain":0,"player_choice":"Searched \u00271\u0027 times","damage_taken":0,"relics_obtained":["Potion Belt"],"max_hp_gain":0,"max_hp_loss":0,"event_name":"Dead Adventurer","floor":12,"gold_loss":0},{"damage_healed":0,"gold_gain":0,"player_choice":"Fight","damage_taken":0,"max_hp_gain":0,"max_hp_loss":0,"event_name":"Colosseum","floor":19,"gold_loss":0},{"damage_healed":0,"gold_gain":0,"player_choice":"Fled From Nobs","damage_taken":0,"max_hp_gain":0,"max_hp_loss":0,"event_name":"Colosseum","floor":19,"gold_loss":0},{"damage_healed":0,"gold_gain":0,"player_choice":"Became a Ghost","damage_taken":0,"max_hp_gain":0,"max_hp_loss":39,"event_name":"Ghosts","floor":21,"gold_loss":0,"cards_obtained":["Ghostly","Ghostly","Ghostly","Ghostly","Ghostly"]},{"damage_healed":0,"gold_gain":0,"player_choice":"Ignored","damage_taken":0,"max_hp_gain":0,"max_hp_loss":0,"event_name":"Cursed Tome","floor":22,"gold_loss":0},{"damage_healed":0,"gold_gain":0,"player_choice":"Stole Relic","damage_taken":0,"relics_obtained":["DataDisk"],"max_hp_gain":0,"max_hp_loss":0,"event_name":"Addict","floor":28,"gold_loss":0,"cards_obtained":["Shame"]},{"damage_healed":0,"gold_gain":0,"player_choice":"Memory 1","damage_taken":0,"max_hp_gain":0,"max_hp_loss":0,"event_name":"SensoryStone","floor":45,"gold_loss":0},{"damage_healed":0,"gold_gain":0,"player_choice":"Full Heal","damage_taken":0,"max_hp_gain":0,"max_hp_loss":0,"event_name":"Wheel of Change","floor":46,"gold_loss":0}],"is_beta":false,"boss_relics":[{"not_picked":["Pandora\u0027s Box","Cursed Key"],"picked":"Velvet Choker"},{"not_picked":["Orrery","Eternal Feather"],"picked":"Tiny House"}],"items_purged_floors":[],"is_endless":false,"potions_floor_spawned":[5,13,14,16,20,30,36],"ascension_level":14}