{"gold_per_floor":[113,129,143,154,98,127,127,159,237,255,255,327,359,378,378,378],"floor_reached":16,"playtime":820,"items_purged":[],"score":244,"play_id":"b0f97a70-eb22-47ae-ae9d-48636a452c0b","local_time":"20190319004732","is_ascension_mode":true,"campfire_choices":[{"data":"Perfected Strike","floor":7,"key":"SMITH"},{"data":"Infernal Blade","floor":11,"key":"SMITH"},{"data":"Armaments","floor":15,"key":"SMITH"}],"neow_cost":"NONE","seed_source_timestamp":169704282729618,"circlet_count":0,"master_deck":["AscendersBane","Strike_R","Strike_R","Strike_R","Strike_R","Strike_R","Defend_R","Defend_R","Defend_R","Defend_R","Bash","Infernal Blade+1","Infernal Blade","Perfected Strike+1","Clothesline","Shrug It Off","Spot Weakness","Shrug It Off","Armaments+1","Barricade"],"relics":["Burning Blood","Question Card","Thread and Needle","Bottled Lightning","Regal Pillow"],"potions_floor_usage":[6,6,8,13],"damage_taken":[{"damage":14,"enemies":"Jaw Worm","floor":1,"turns":4},{"damage":7,"enemies":"2 Louse","floor":2,"turns":2},{"damage":0,"enemies":"Cultist","floor":3,"turns":2},{"damage":14,"enemies":"Exordium Wildlife","floor":4,"turns":4},{"damage":27,"enemies":"Gremlin Nob","floor":6,"turns":4},{"damage":27,"enemies":"3 Sentries","floor":8,"turns":8},{"damage":0,"enemies":"Large Slime","floor":10,"turns":4},{"damage":6,"enemies":"Gremlin Nob","floor":13,"turns":3},{"damage":0,"enemies":"Blue Slaver","floor":14,"turns":4},{"damage":37,"enemies":"Hexaghost","floor":16,"turns":11}],"seed_played":"4103999469062757438","potions_obtained":[{"floor":1,"key":"PowerPotion"},{"floor":6,"key":"Swift Potion"},{"floor":8,"key":"FearPotion"}],"is_trial":false,"path_per_floor":["M","M","M","M","$","E","R","E","T","M","R","?","E","M","R","B"],"character_chosen":"IRONCLAD","items_purchased":["Strength Potion"],"campfire_rested":0,"item_purchase_floors":[5],"current_hp_per_floor":[67,66,72,64,64,43,43,22,22,28,28,28,28,34,34,0],"gold":378,"neow_bonus":"TEN_PERCENT_HP_BONUS","is_prod":false,"is_daily":false,"chose_seed":false,"campfire_upgraded":3,"win_rate":0,"timestamp":1552970852,"path_taken":["M","M","M","M","$","E","R","E","T","M","R","?","E","M","R","BOSS"],"build_version":"2019-01-23","purchased_purges":0,"victory":false,"max_hp_per_floor":[82,82,82,82,82,82,82,82,82,82,82,82,82,82,82,82],"card_choices":[{"not_picked":["Flex","Havoc"],"picked":"Infernal Blade","floor":1},{"not_picked":["Entrench","Havoc"],"picked":"Infernal Blade","floor":2},{"not_picked":["Iron Wave","Wild Strike"],"picked":"Perfected Strike","floor":3},{"not_picked":["Cleave","Seeing Red"],"picked":"Clothesline","floor":4},{"not_picked":["Havoc","Infernal Blade"],"picked":"Shrug It Off","floor":6},{"not_picked":["Clothesline","Havoc","Flex"],"picked":"Spot Weakness","floor":8},{"not_picked":["Twin Strike","Wild Strike","Fire Breathing"],"picked":"Shrug It Off","floor":10},{"not_picked":["Spot Weakness","Inflame","Rampage"],"picked":"Armaments","floor":13},{"not_picked":["Burning Pact","Seeing Red","Iron Wave"],"picked":"Barricade","floor":14}],"player_experience":1243020,"relics_obtained":[{"floor":6,"key":"Question Card"},{"floor":8,"key":"Thread and Needle"},{"floor":9,"key":"Bottled Lightning"},{"floor":13,"key":"Regal Pillow"}],"event_choices":[{"damage_healed":0,"gold_gain":72,"player_choice":"Gained Gold","damage_taken":0,"max_hp_gain":0,"max_hp_loss":0,"event_name":"Golden Wing","floor":12,"gold_loss":0}],"is_beta":false,"boss_relics":[],"items_purged_floors":[],"is_endless":false,"potions_floor_spawned":[1,6,8],"killed_by":"Hexaghost","ascension_level":20}