{"path_per_floor":["M","M","?","$","?","R","E","?","T","R","M","?","?","M","R","B",null,"M","?","M","?","?","R","M"],"character_chosen":"THE_SILENT","items_purchased":["Molten Egg 2","Flechettes"],"gold_per_floor":[118,135,385,22,22,22,50,50,50,50,64,64,64,85,85,210,210,233,148,127,127,127,127,148,148],"floor_reached":25,"campfire_rested":1,"playtime":1270,"current_hp_per_floor":[63,51,51,51,51,51,7,7,7,26,26,1,22,21,21,1,49,9,9,32,32,32,32,18,0],"items_purged":["Regret"],"gold":148,"score":318,"play_id":"acf2cb61-b953-4b17-932d-2afc1f06e481","local_time":"20180328172607","is_prod":false,"is_daily":false,"is_ascension_mode":true,"campfire_upgraded":3,"timestamp":1522272367,"path_taken":["M","M","?","$","?","R","E","?","T","R","M","?","?","?","R","BOSS","M","?","?","?","?","R","M","E"],"build_version":"2018-03-22v2","purchased_purges":1,"victory":false,"master_deck":["Defend_G+1","Defend_G+1","Defend_G+1","Defend_G+1","Defend_G+1","Strike_G+1","Strike_G+1","Strike_G+1","Strike_G+1","Strike_G+1","Survivor+1","Neutralize+1","AscendersBane","Burst+1","Acrobatics","Flechettes+1","Dagger Throw+1","Acrobatics","Underhanded Strike+1","A Thousand Cuts+1","Backflip","Acrobatics+1"],"max_hp_per_floor":[70,70,70,70,70,70,70,65,65,65,65,65,65,65,65,65,65,65,65,65,65,65,65,65,65],"relics":["Ring of the Snake","Molten Egg 2","Blue Candle","Golden Idol","Torii","Toolbox","Lizard Tail","Vajra","Bronze Scales"],"card_choices":[{"not_picked":["Slice","Cloak And Dagger"],"picked":"Burst","floor":1},{"not_picked":["Endless Agony","Poisoned Stab"],"picked":"Acrobatics","floor":2},{"not_picked":["Backstab","Bullet Time"],"picked":"Dagger Throw","floor":7},{"not_picked":["Quick Slash","Outmaneuver"],"picked":"Acrobatics","floor":11},{"not_picked":["Finisher","Tools of the Trade"],"picked":"Underhanded Strike","floor":14},{"not_picked":["Doppelganger","Bullet Time"],"picked":"A Thousand Cuts","floor":16},{"not_picked":["PiercingWail","Dodge and Roll"],"picked":"Backflip","floor":18},{"not_picked":["Deadly Poison","Noxious Fumes"],"picked":"Acrobatics","floor":20}],"player_experience":616342,"potions_floor_usage":[16],"damage_taken":[{"damage":0,"enemies":"2 Louse","floor":1,"turns":3},{"damage":12,"enemies":"Cultist","floor":2,"turns":8},{"damage":44,"enemies":"Gremlin Nob","floor":7,"turns":5},{"damage":0,"enemies":"Small Slimes","floor":11,"turns":3},{"damage":1,"enemies":"3 Louse","floor":14,"turns":3},{"damage":20,"enemies":"The Guardian","floor":16,"turns":16},{"damage":40,"enemies":"Shell Parasite","floor":18,"turns":9},{"damage":9,"enemies":"2 Thieves","floor":20,"turns":5},{"damage":14,"enemies":"Snecko","floor":24,"turns":5},{"damage":22,"enemies":"Slavers","floor":25,"turns":1}],"event_choices":[{"event_name":"Golden Shrine","player_choice":"Desecrate","floor":3,"damage_taken":0},{"event_name":"Liars Game","player_choice":"disagreed","floor":5,"damage_taken":0},{"event_name":"Golden Idol","player_choice":"Lose Max HP","floor":8,"damage_taken":0},{"event_name":"Scrap Ooze","player_choice":"success","floor":12,"damage_taken":25},{"event_name":"Big Fish","player_choice":"Banana","floor":13,"damage_taken":0},{"event_name":"Addict","player_choice":"Obtained Relic","floor":19,"damage_taken":0},{"event_name":"Back to Basics","player_choice":"Simplicity","floor":21,"damage_taken":0},{"event_name":"The Mausoleum","player_choice":"Yes","floor":22,"damage_taken":0}],"boss_relics":[{"not_picked":["Orrery","Runic Pyramid"],"picked":"Lizard Tail"}],"potions_floor_spawned":[14],"seed_played":"2990107115059313893","killed_by":"Slavers","ascension_level":12,"is_trial":false}