{"gold_per_floor":[117,117,135,21,33,33,60,60,60,60,75,75,101,114,114,193,193,211,224,224,224,224,235,263,273,273,93,107,87,100,61,61,135,135,152,152,152,72,88,122,122,154,177,177,188,188,40,59,59,59,59,59,19,45,45],"floor_reached":55,"playtime":2493,"items_purged":["Strike_G","Normality"],"score":1259,"play_id":"ed3f6369-f2c7-4578-95ba-d0823581cf07","local_time":"20190319142036","is_ascension_mode":true,"campfire_choices":[{"data":"Skewer","floor":6.0,"key":"SMITH"},{"data":"Dagger Spray","floor":8.0,"key":"SMITH"},{"data":"Terror","floor":10.0,"key":"SMITH"},{"data":"Wraith Form v2","floor":12.0,"key":"SMITH"},{"data":"Backflip","floor":15.0,"key":"SMITH"},{"data":"Accuracy","floor":32.0,"key":"SMITH"},{"floor":41.0,"key":"REST"},{"data":"Noxious Fumes","floor":44.0,"key":"SMITH"},{"floor":46.0,"key":"RECALL"},{"floor":49.0,"key":"REST"},{"floor":52,"key":"REST"}],"neow_cost":"NONE","seed_source_timestamp":0,"circlet_count":0,"master_deck":["AscendersBane","Defend_G","Defend_G","Defend_G","Defend_G","Defend_G","Strike_G","Strike_G","Strike_G","Survivor","Neutralize+1","Dagger Spray+1","Terror+1","Skewer+1","Dash","Backflip+1","Wraith Form v2+1","Infinite Blades","Sucker Punch","Backflip","After Image","Well Laid Plans","Accuracy+1","Adrenaline","PiercingWail","Deflect+1","Blur","Noxious Fumes+1","Calculated Gamble","Dash+1","Regret","Infinite Blades","Catalyst","Parasite","Blur+1","Blur","Acrobatics+1"],"special_seed":0,"relics":["Ring of the Snake","Pear","Paper Crane","Pantograph","Lantern","Cursed Key","Blue Candle","Orrery","Ancient Tea Set","Mummified Hand","Bag of Preparation","Centennial Puzzle"],"potions_floor_usage":[55,55],"damage_taken":[{"damage":0.0,"enemies":"Small Slimes","floor":1.0,"turns":6.0},{"damage":7.0,"enemies":"Cultist","floor":3.0,"turns":4.0},{"damage":0.0,"enemies":"Jaw Worm","floor":5.0,"turns":4.0},{"damage":4.0,"enemies":"3 Sentries","floor":7.0,"turns":8.0},{"damage":3.0,"enemies":"Red Slaver","floor":11.0,"turns":5.0},{"damage":12.0,"enemies":"Lagavulin","floor":13.0,"turns":5.0},{"damage":0.0,"enemies":"Blue Slaver","floor":14.0,"turns":2.0},{"damage":8.0,"enemies":"The Guardian","floor":16.0,"turns":13.0},{"damage":1.0,"enemies":"2 Thieves","floor":18.0,"turns":4.0},{"damage":1.0,"enemies":"3 Byrds","floor":19.0,"turns":5.0},{"damage":7.0,"enemies":"Centurion and Healer","floor":23.0,"turns":7.0},{"damage":13.0,"enemies":"Gremlin Leader","floor":24.0,"turns":8.0},{"damage":3.0,"enemies":"Snake Plant","floor":25.0,"turns":4.0},{"damage":8.0,"enemies":"Chosen and Byrds","floor":28.0,"turns":7.0},{"damage":15.0,"enemies":"Cultist and Chosen","floor":30.0,"turns":7.0},{"damage":14.0,"enemies":"Automaton","floor":33.0,"turns":14.0},{"damage":0.0,"enemies":"Orb Walker","floor":35.0,"turns":4.0},{"damage":21.0,"enemies":"3 Darklings","floor":39.0,"turns":7.0},{"damage":29.0,"enemies":"Giant Head","floor":40.0,"turns":11.0},{"damage":2.0,"enemies":"Reptomancer","floor":42.0,"turns":6.0},{"damage":1.0,"enemies":"Maw","floor":45.0,"turns":7.0},{"damage":15.0,"enemies":"Writhing Mass","floor":48.0,"turns":7.0},{"damage":58.0,"enemies":"Donu and Deca","floor":50.0,"turns":12.0},{"damage":51,"enemies":"Shield and Spear","floor":54,"turns":12},{"damage":50,"enemies":"The Heart","floor":55,"turns":6}],"seed_played":"-9041495415079316819","potions_obtained":[{"floor":3.0,"key":"Fire Potion"},{"floor":13.0,"key":"Explosive Potion"},{"floor":16.0,"key":"Swift Potion"},{"floor":19.0,"key":"Strength Potion"},{"floor":23.0,"key":"Regen Potion"},{"floor":29.0,"key":"LiquidBronze"},{"floor":33.0,"key":"Explosive Potion"},{"floor":40.0,"key":"SteroidPotion"},{"floor":42.0,"key":"Poison Potion"},{"floor":45.0,"key":"GhostInAJar"}],"is_trial":false,"path_per_floor":["M","?","M","$","M","R","E","R","T","R","M","R","E","M","R","B",null,"M","M","?","$","?","M","E","M","T","$","M","?","M","$","R","B",null,"M","?","$","$","M","E","R","E","T","R","M","R","$","M","R","B",null,"R","$","E","B"],"character_chosen":"THE_SILENT","items_purchased":["Skewer","Well Laid Plans","Accuracy","Noxious Fumes","Infinite Blades","Catalyst","Blur"],"campfire_rested":3,"item_purchase_floors":[4,27,31,38,47,47,53],"current_hp_per_floor":[59,69,62,62,62,62,58,58,58,58,55,55,43,43,43,60,72,71,70,70,70,70,63,65,62,62,62,54,54,39,39,39,50,70,70,70,70,70,49,20,42,40,40,40,39,39,39,24,46,13,60,76,76,25,0],"gold":45,"neow_bonus":"UPGRADE_CARD","is_prod":false,"is_daily":false,"chose_seed":false,"campfire_upgraded":7,"win_rate":0,"timestamp":1553019636,"path_taken":["M","?","M","?","M","R","E","R","T","R","?","R","E","M","R","BOSS","M","M","?","$","?","M","E","M","T","$","M","?","?","$","R","BOSS","M","?","?","$","M","E","R","E","T","R","M","R","$","M","R","BOSS","R","$","E","BOSS"],"build_version":"2019-03-15","purchased_purges":2,"victory":false,"max_hp_per_floor":[66,76,76,76,76,76,76,76,76,76,76,76,76,76,76,76,76,76,76,76,76,76,76,76,76,76,76,76,76,76,76,76,76,76,76,76,76,76,76,76,76,76,76,76,76,76,76,76,76,76,76,76,76,76,76],"card_choices":[{"not_picked":["Catalyst","Bane"],"picked":"Dagger Spray","floor":1.0},{"not_picked":["Slice","Tactician"],"picked":"Terror","floor":3.0},{"not_picked":["Blur","Expertise"],"picked":"Dash","floor":5.0},{"not_picked":["Sucker Punch","Flying Knee"],"picked":"Backflip","floor":7.0},{"not_picked":["Concentrate","Deadly Poison"],"picked":"Wraith Form v2","floor":11.0},{"not_picked":["All Out Attack","Dagger Spray","Dagger Throw"],"picked":"SKIP","floor":13.0},{"not_picked":["Outmaneuver","Acrobatics"],"picked":"Infinite Blades","floor":14.0},{"not_picked":["Dagger Throw","Underhanded Strike"],"picked":"Sucker Punch","floor":18.0},{"not_picked":["Quick Slash","Deadly Poison","Prepared"],"picked":"SKIP","floor":19.0},{"not_picked":["Finisher","Quick Slash","Reflex"],"picked":"SKIP","floor":23.0},{"not_picked":["Flying Knee","Slice"],"picked":"Backflip","floor":24.0},{"not_picked":["Leg Sweep","Tactician"],"picked":"After Image","floor":25.0},{"not_picked":["Slice","Outmaneuver","Dagger Spray+1"],"picked":"SKIP","floor":28.0},{"not_picked":["Deflect+1","Acrobatics","Backflip"],"picked":"SKIP","floor":30.0},{"not_picked":["Storm of Steel","Tools of the Trade"],"picked":"Adrenaline","floor":33.0},{"not_picked":["Dodge and Roll","Flechettes"],"picked":"PiercingWail","floor":34.0},{"not_picked":["Flying Knee","Underhanded Strike"],"picked":"Deflect+1","floor":34.0},{"not_picked":["Sucker Punch","All Out Attack+1"],"picked":"Blur","floor":35.0},{"not_picked":["Prepared","Bullet Time"],"picked":"Calculated Gamble","floor":39.0},{"not_picked":["Backstab","Dagger Spray","Dodge and Roll"],"picked":"SKIP","floor":40.0},{"not_picked":["Flying Knee","Bouncing Flask"],"picked":"Dash+1","floor":42.0},{"not_picked":["Prepared+1","Dash+1","Heel Hook+1"],"picked":"SKIP","floor":45.0},{"not_picked":["Quick Slash","Accuracy"],"picked":"Blur+1","floor":48.0},{"not_picked":["Distraction","Concentrate"],"picked":"Acrobatics+1","floor":54}],"player_experience":2226646,"relics_obtained":[{"floor":2.0,"key":"Pear"},{"floor":7.0,"key":"Paper Crane"},{"floor":9.0,"key":"Pantograph"},{"floor":13.0,"key":"Lantern"},{"floor":24.0,"key":"Blue Candle"},{"floor":40.0,"key":"Ancient Tea Set"},{"floor":42.0,"key":"Mummified Hand"},{"floor":43.0,"key":"Bag of Preparation"},{"floor":54,"key":"Centennial Puzzle"}],"event_choices":[{"damage_healed":0.0,"max_hp_gain":0.0,"max_hp_loss":0.0,"gold_gain":0.0,"event_name":"Wheel of Change","player_choice":"Relic","floor":2.0,"gold_loss":0.0,"damage_taken":0.0},{"damage_healed":0.0,"max_hp_gain":0.0,"max_hp_loss":0.0,"gold_gain":0.0,"event_name":"The Mausoleum","player_choice":"Ignored","floor":20.0,"gold_loss":0.0,"damage_taken":0.0},{"damage_healed":0.0,"max_hp_gain":0.0,"max_hp_loss":0.0,"gold_gain":0.0,"event_name":"Vampires","player_choice":"Ignored","floor":22.0,"gold_loss":0.0,"damage_taken":0.0},{"damage_healed":0.0,"max_hp_gain":0.0,"max_hp_loss":0.0,"gold_gain":0.0,"event_name":"The Woman in Blue","player_choice":"Bought 1 Potion","floor":29.0,"gold_loss":0.0,"damage_taken":0.0},{"cards_removed":["Strike_G"],"damage_healed":0.0,"max_hp_gain":0.0,"max_hp_loss":0.0,"gold_gain":0.0,"event_name":"Bonfire Elementals","player_choice":"Offered Basic","floor":36.0,"gold_loss":0.0,"damage_taken":0.0}],"is_beta":true,"boss_relics":[{"not_picked":["Astrolabe","Coffee Dripper"],"picked":"Cursed Key"},{"not_picked":["Snecko Eye","Tiny House"],"picked":"Orrery"}],"items_purged_floors":[4,27],"is_endless":false,"potions_floor_spawned":[3,13,16,18,19,23,30,33,40,42,45],"killed_by":"The Heart","ascension_level":15}