{"gold_per_floor":[116,128,139,139,113,113,128,153,177,327,353,353,353,365,377,389],"floor_reached":16,"playtime":513,"items_purged":[],"score":216,"play_id":"6c9a86cb-4f28-4030-b083-ce074e668fa9","local_time":"20190419003650","is_ascension_mode":true,"campfire_choices":[{"data":"Wild Strike","floor":6,"key":"SMITH"},{"data":"True Grit","floor":12,"key":"SMITH"},{"data":"True Grit","floor":15,"key":"SMITH"}],"neow_cost":"NONE","seed_source_timestamp":627165252580560,"circlet_count":0,"master_deck":["AscendersBane","Strike_R","Strike_R","Strike_R","Strike_R","Strike_R","Defend_R","Defend_R","Defend_R","Defend_R","Bash","Wild Strike+1","Shrug It Off","Bludgeon+1","True Grit+1","Shrug It Off","Feel No Pain","Doubt","True Grit+1"],"relics":["Burning Blood","Blood Vial","Oddly Smooth Stone","PreservedInsect","MawBank"],"potions_floor_usage":[8,11,16,16],"damage_taken":[{"damage":1,"enemies":"Cultist","floor":1,"turns":4},{"damage":10,"enemies":"Small Slimes","floor":2,"turns":4},{"damage":0,"enemies":"Jaw Worm","floor":3,"turns":4},{"damage":8,"enemies":"Blue Slaver","floor":7,"turns":3},{"damage":40,"enemies":"Lagavulin","floor":8,"turns":7},{"damage":53,"enemies":"Gremlin Nob","floor":11,"turns":5},{"damage":12,"enemies":"Slime Boss","floor":16,"turns":6}],"seed_played":"-2458170855236575652","potions_obtained":[{"floor":1,"key":"Dexterity Potion"},{"floor":7,"key":"BloodPotion"},{"floor":11,"key":"PowerPotion"},{"floor":14,"key":"PowerPotion"}],"is_trial":false,"path_per_floor":["M","M","M","?","$","R","M","E","T","?","E","R","T","?","R","B"],"character_chosen":"IRONCLAD","items_purchased":["True Grit"],"campfire_rested":0,"item_purchase_floors":[5],"current_hp_per_floor":[80,76,82,82,82,82,80,46,46,46,9,9,9,9,9,0],"gold":389,"neow_bonus":"TEN_PERCENT_HP_BONUS","is_prod":false,"is_daily":false,"chose_seed":false,"campfire_upgraded":3,"win_rate":0,"timestamp":1555648610,"path_taken":["M","?","M","?","$","R","M","E","T","?","E","R","?","?","R","BOSS"],"build_version":"2019-01-23","purchased_purges":0,"victory":false,"max_hp_per_floor":[82,82,82,82,82,82,82,82,82,82,82,82,82,82,82,82],"card_choices":[{"not_picked":["Dual Wield","Havoc"],"picked":"Wild Strike","floor":1},{"not_picked":["Hemokinesis","True Grit"],"picked":"Shrug It Off","floor":2},{"not_picked":["Blood for Blood","Rampage"],"picked":"Bludgeon","floor":3},{"not_picked":["Battle Trance","Thunderclap"],"picked":"Shrug It Off","floor":7},{"not_picked":["Clash","Anger"],"picked":"Feel No Pain","floor":8},{"not_picked":["Power Through","Carnage"],"picked":"True Grit","floor":11}],"player_experience":1857839,"relics_obtained":[{"floor":8,"key":"Blood Vial"},{"floor":9,"key":"Oddly Smooth Stone"},{"floor":11,"key":"PreservedInsect"},{"floor":13,"key":"MawBank"}],"event_choices":[{"damage_healed":0,"gold_gain":0,"player_choice":"Grow","damage_taken":0,"max_hp_gain":0,"max_hp_loss":0,"event_name":"Living Wall","floor":4,"gold_loss":0,"cards_upgraded":["Bludgeon"]},{"damage_healed":0,"gold_gain":150,"player_choice":"AGREE","damage_taken":0,"max_hp_gain":0,"max_hp_loss":0,"event_name":"Liars Game","floor":10,"gold_loss":0,"cards_obtained":["Doubt"]},{"damage_healed":0,"gold_gain":0,"player_choice":"Got Potions","damage_taken":0,"max_hp_gain":0,"max_hp_loss":0,"event_name":"Lab","floor":14,"gold_loss":0}],"is_beta":false,"boss_relics":[],"items_purged_floors":[],"is_endless":false,"potions_floor_spawned":[1,7,11],"killed_by":"Slime Boss","ascension_level":20}