{"gold_per_floor":[367,13,31,31,51,51,68,68,144,163,163,197,197,217,217,293,293,307,325,37,37,52,52,71,71,123,123,123,150,163,190,190,190],"floor_reached":33,"playtime":1205,"items_purged":[],"score":574,"play_id":"ab5963af-9f75-421e-af9a-e6032799c187","local_time":"20190424231610","is_ascension_mode":true,"campfire_choices":[{"data":"Neutralize","floor":6,"key":"SMITH"},{"data":"Dagger Spray","floor":8,"key":"SMITH"},{"data":"Survivor","floor":13,"key":"SMITH"},{"floor":15,"key":"RECALL"},{"data":"Calculated Gamble","floor":23,"key":"SMITH"},{"floor":25,"key":"REST"},{"floor":32,"key":"REST"}],"neow_cost":"PERCENT_DAMAGE","seed_source_timestamp":191128150648090,"circlet_count":0,"master_deck":["AscendersBane","Defend_G","Defend_G","Defend_G","Defend_G","Defend_G","Strike_G","Strike_G","Strike_G","Strike_G","Strike_G","Survivor+1","Neutralize+1","Dagger Spray+1","Dash+1","Quick Slash+1","Masterful Stab+1","Deadly Poison+1","Dagger Spray+1","Slice+1","Skewer+1","Die Die Die+1","Dash+1","Calculated Gamble+1","Acrobatics","Choke+1"],"relics":["Ring of the Snake","Molten Egg 2","Matryoshka","Anchor","Busted Crown","Singing Bowl","Regal Pillow","PreservedInsect","Mummified Hand","Oddly Smooth Stone"],"potions_floor_usage":[12,16,33,33],"damage_taken":[{"damage":0,"enemies":"2 Louse","floor":1,"turns":4},{"damage":0,"enemies":"Jaw Worm","floor":3,"turns":4},{"damage":0,"enemies":"Cultist","floor":5,"turns":3},{"damage":0,"enemies":"Looter","floor":7,"turns":3},{"damage":0,"enemies":"3 Louse","floor":10,"turns":4},{"damage":15,"enemies":"Gremlin Nob","floor":12,"turns":4},{"damage":0,"enemies":"2 Fungi Beasts","floor":14,"turns":2},{"damage":20,"enemies":"Slime Boss","floor":16,"turns":8},{"damage":0,"enemies":"Chosen","floor":18,"turns":3},{"damage":5,"enemies":"Spheric Guardian","floor":19,"turns":4},{"damage":13,"enemies":"Snecko","floor":22,"turns":4},{"damage":6,"enemies":"Centurion and Healer","floor":24,"turns":4},{"damage":27,"enemies":"Book of Stabbing","floor":29,"turns":4},{"damage":0,"enemies":"Chosen and Byrds","floor":30,"turns":4},{"damage":12,"enemies":"Slavers","floor":31,"turns":2},{"damage":64,"enemies":"Champ","floor":33,"turns":11}],"seed_played":"-3447692770555697535","potions_obtained":[{"floor":1,"key":"PowerPotion"},{"floor":10,"key":"Explosive Potion"},{"floor":14,"key":"LiquidBronze"},{"floor":19,"key":"Dexterity Potion"}],"is_trial":false,"path_per_floor":["M","$","M","?","M","R","M","R","T","M","?","E","R","M","R","B",null,"M","M","$","?","M","R","M","R","T","?","?","E","M","E","R","B"],"character_chosen":"THE_SILENT","items_purchased":["Molten Egg 2","Dash+1","Singing Bowl"],"campfire_rested":2,"item_purchase_floors":[2,2,20],"current_hp_per_floor":[44,44,44,44,44,44,44,44,44,44,44,29,29,29,29,9,52,52,47,47,47,34,34,30,50,50,50,50,25,27,17,54,0],"gold":190,"neow_bonus":"TWO_FIFTY_GOLD","is_prod":false,"is_daily":false,"chose_seed":false,"campfire_upgraded":4,"win_rate":0,"timestamp":1556162170,"path_taken":["M","$","M","?","M","R","M","R","T","M","?","E","R","M","R","BOSS","M","?","$","?","M","R","M","R","T","?","?","E","M","E","R","BOSS"],"build_version":"2019-01-23","purchased_purges":0,"victory":false,"max_hp_per_floor":[66,66,66,66,66,66,66,66,66,66,66,66,66,66,66,66,66,66,66,66,66,66,66,68,68,68,68,68,70,72,74,74,74],"card_choices":[{"not_picked":["Infinite Blades","Dodge and Roll"],"picked":"Dagger Spray","floor":1},{"not_picked":["Reflex","Flying Knee+1"],"picked":"Quick Slash+1","floor":3},{"not_picked":["Eviscerate+1","Deadly Poison"],"picked":"Masterful Stab+1","floor":5},{"not_picked":["Deflect","Blade Dance"],"picked":"Deadly Poison","floor":7},{"not_picked":["Calculated Gamble","Crippling Poison"],"picked":"Dagger Spray+1","floor":10},{"not_picked":["Bouncing Flask","Choke+1"],"picked":"Slice+1","floor":12},{"not_picked":["Outmaneuver","Setup"],"picked":"Skewer+1","floor":14},{"not_picked":["Venomology","Envenom"],"picked":"Die Die Die+1","floor":16},{"not_picked":[],"picked":"Dash+1","floor":18},{"not_picked":[],"picked":"Calculated Gamble","floor":19},{"not_picked":[],"picked":"Acrobatics","floor":22},{"not_picked":["Calculated Gamble"],"picked":"Singing Bowl","floor":24},{"not_picked":["Heel Hook+1"],"picked":"Singing Bowl","floor":29},{"not_picked":["Dagger Spray+1"],"picked":"Singing Bowl","floor":30},{"not_picked":["Blur"],"picked":"Singing Bowl","floor":31}],"player_experience":1923707,"relics_obtained":[{"floor":9,"key":"Matryoshka"},{"floor":12,"key":"Anchor"},{"floor":26,"key":"Regal Pillow"},{"floor":26,"key":"PreservedInsect"},{"floor":29,"key":"Mummified Hand"},{"floor":31,"key":"Oddly Smooth Stone"}],"event_choices":[{"damage_healed":0,"gold_gain":0,"player_choice":"Leave","damage_taken":0,"max_hp_gain":0,"max_hp_loss":0,"event_name":"The Cleric","floor":4,"gold_loss":0},{"damage_healed":0,"gold_gain":0,"player_choice":"Upgraded","damage_taken":0,"max_hp_gain":0,"max_hp_loss":0,"event_name":"Upgrade Shrine","floor":11,"gold_loss":0,"cards_upgraded":["Deadly Poison"]},{"damage_healed":0,"gold_gain":0,"player_choice":"Ignored","damage_taken":0,"max_hp_gain":0,"max_hp_loss":0,"event_name":"Beggar","floor":21,"gold_loss":0},{"damage_healed":0,"gold_gain":0,"player_choice":"Read","damage_taken":0,"max_hp_gain":0,"max_hp_loss":0,"event_name":"The Library","floor":27,"gold_loss":0,"cards_obtained":["Choke"]},{"damage_healed":0,"gold_gain":0,"player_choice":"Ignored","damage_taken":0,"max_hp_gain":0,"max_hp_loss":0,"event_name":"The Mausoleum","floor":28,"gold_loss":0}],"is_beta":false,"boss_relics":[{"not_picked":["Astrolabe","Velvet Choker"],"picked":"Busted Crown"}],"items_purged_floors":[],"is_endless":false,"potions_floor_spawned":[1,10,14,19,24,29],"killed_by":"Champ","ascension_level":20}