{"gold_per_floor":[118,43,193,193,193,193,225,235,280,292,292,311,311,311,311,311],"floor_reached":16,"playtime":200,"items_purged":["Strike_R"],"score":240,"play_id":"960b0f3f-f2a8-497e-8be8-2c5fc2edc2e2","local_time":"20190209112815","is_ascension_mode":true,"campfire_choices":[{"data":"Clothesline","floor":6,"key":"SMITH"},{"data":"Flame Barrier","floor":11,"key":"SMITH"},{"data":"Sword Boomerang","floor":13,"key":"SMITH"},{"data":"Defend_R","floor":15,"key":"SMITH"}],"neow_cost":"NONE","seed_source_timestamp":3541688973699,"circlet_count":0,"master_deck":["AscendersBane","Strike_R","Strike_R","Strike_R","Strike_R","Defend_R+1","Defend_R","Defend_R","Defend_R+1","Bash+1","Clothesline+1","Doubt","Flame Barrier+1","Sword Boomerang+1"],"relics":["Burning Blood","NeowsBlessing","Pear","Omamori","Du-Vu Doll"],"potions_floor_usage":[16],"damage_taken":[{"damage":0,"enemies":"Jaw Worm","floor":1,"turns":1},{"damage":0,"enemies":"Gremlin Nob","floor":7,"turns":1},{"damage":0,"enemies":"2 Louse","floor":8,"turns":1},{"damage":0,"enemies":"Cultist","floor":10,"turns":3},{"damage":18,"enemies":"3 Louse","floor":12,"turns":4},{"damage":71,"enemies":"Hexaghost","floor":16,"turns":9}],"seed_played":"-5637669177613207042","potions_obtained":[{"floor":7,"key":"SkillPotion"},{"floor":12,"key":"Ancient Potion"}],"is_trial":false,"path_per_floor":["M","$","?","?","?","R","E","M","T","M","R","M","R","T","R","B"],"character_chosen":"IRONCLAD","items_purchased":[],"campfire_rested":0,"item_purchase_floors":[],"current_hp_per_floor":[74,74,74,79,55,55,71,77,77,83,83,71,71,71,71,0],"gold":311,"neow_bonus":"THREE_ENEMY_KILL","is_prod":false,"is_daily":false,"chose_seed":false,"campfire_upgraded":4,"win_rate":0,"timestamp":1549736895,"path_taken":["M","$","?","?","?","R","E","M","T","M","R","M","R","?","R","BOSS"],"build_version":"2019-02-06","purchased_purges":1,"victory":false,"max_hp_per_floor":[75,75,75,80,80,80,90,90,90,90,90,90,90,90,90,90],"card_choices":[{"not_picked":["Anger","Pummel"],"picked":"Clothesline","floor":1},{"not_picked":["Armaments","Whirlwind"],"picked":"Flame Barrier","floor":7},{"not_picked":["Clash","Second Wind"],"picked":"Sword Boomerang","floor":8},{"not_picked":["Perfected Strike","Dropkick","Whirlwind"],"picked":"SKIP","floor":10},{"not_picked":["Hemokinesis","Seeing Red","Sword Boomerang"],"picked":"SKIP","floor":12}],"player_experience":1086025,"relics_obtained":[{"floor":7,"key":"Pear"},{"floor":9,"key":"Omamori"},{"floor":14,"key":"Du-Vu Doll"}],"event_choices":[{"damage_healed":0,"gold_gain":150,"player_choice":"AGREE","damage_taken":0,"max_hp_gain":0,"max_hp_loss":0,"event_name":"Liars Game","floor":3,"gold_loss":0,"cards_obtained":["Doubt"]},{"damage_healed":0,"gold_gain":0,"player_choice":"Donut","damage_taken":0,"max_hp_gain":5,"max_hp_loss":0,"event_name":"Big Fish","floor":4,"gold_loss":0},{"damage_healed":0,"gold_gain":0,"player_choice":"Entered Light","damage_taken":24,"max_hp_gain":0,"max_hp_loss":0,"event_name":"Shining Light","floor":5,"gold_loss":0,"cards_upgraded":["Defend_R","Bash"]}],"is_beta":true,"boss_relics":[],"items_purged_floors":[2],"is_endless":false,"potions_floor_spawned":[7,12],"killed_by":"Hexaghost","ascension_level":19}