{"gold_per_floor":[15,15,15,27,1,1,29,29,29,29,56,71,32,46,46,121,121,134,134,147,197,216,216,249,13,37,67,80,80,103,113,113,190,190,209,224,224,224,224,257,257,277,277,277],"floor_reached":44,"playtime":2428,"items_purged":[],"score":1093,"play_id":"ee845180-ac65-456b-954b-e9169bbc1708","local_time":"20190408175912","is_ascension_mode":true,"campfire_choices":[{"data":"A Thousand Cuts","floor":6,"key":"SMITH"},{"data":"Deadly Poison","floor":10,"key":"SMITH"},{"data":"Cloak And Dagger","floor":15,"key":"SMITH"},{"floor":23,"key":"REST"},{"data":"Footwork","floor":29,"key":"SMITH"},{"data":"Caltrops","floor":32,"key":"SMITH"},{"data":"Strike_G","floor":41,"key":"PURGE"}],"neow_cost":"NO_GOLD","seed_source_timestamp":630887670277585,"circlet_count":0,"master_deck":["AscendersBane","Defend_G","Defend_G","Defend_G","Defend_G","Defend_G","Strike_G","Survivor","Neutralize","Crippling Poison+1","A Thousand Cuts+1","PiercingWail","PiercingWail","Cloak And Dagger+1","Deadly Poison+1","Dodge and Roll","Poisoned Stab+1","Choke+1","Terror","Glass Knife+1","PiercingWail+1","Footwork+1","Bane+1","Well Laid Plans","Caltrops+1","Deflect","Malaise","Choke+1","PiercingWail","Catalyst"],"relics":["Ring of the Snake","Bottled Tornado","Peace Pipe","Question Card","Mercury Hourglass","Molten Egg 2","Runic Dome","Letter Opener","Lee\u0027s Waffle","Pen Nib","Pear","Omamori","Sozu","WarpedTongs","Blood Vial"],"potions_floor_usage":[16,24,28,33,33],"damage_taken":[{"damage":4,"enemies":"Small Slimes","floor":1,"turns":4},{"damage":6,"enemies":"Jaw Worm","floor":4,"turns":6},{"damage":19,"enemies":"Lagavulin","floor":7,"turns":10},{"damage":12,"enemies":"3 Sentries","floor":11,"turns":5},{"damage":0,"enemies":"Cultist","floor":12,"turns":3},{"damage":1,"enemies":"Blue Slaver","floor":14,"turns":3},{"damage":0,"enemies":"Slime Boss","floor":16,"turns":6},{"damage":17,"enemies":"Spheric Guardian","floor":18,"turns":4},{"damage":8,"enemies":"Shell Parasite","floor":20,"turns":3},{"damage":13,"enemies":"Snecko","floor":22,"turns":4},{"damage":30,"enemies":"Book of Stabbing","floor":24,"turns":6},{"damage":3,"enemies":"Gremlin Leader","floor":27,"turns":4},{"damage":13,"enemies":"Shelled Parasite and Fungi","floor":28,"turns":5},{"damage":18,"enemies":"Snake Plant","floor":31,"turns":3},{"damage":27,"enemies":"Automaton","floor":33,"turns":8},{"damage":0,"enemies":"3 Darklings","floor":35,"turns":2},{"damage":2,"enemies":"3 Shapes","floor":36,"turns":2},{"damage":33,"enemies":"Nemesis","floor":40,"turns":7},{"damage":28,"enemies":"Spire Growth","floor":42,"turns":4},{"damage":27,"enemies":"Giant Head","floor":44,"turns":5}],"seed_played":"1812619607244240491","potions_obtained":[{"floor":4,"key":"GamblersBrew"},{"floor":11,"key":"GhostInAJar"},{"floor":22,"key":"Explosive Potion"},{"floor":24,"key":"Swift Potion"},{"floor":27,"key":"Weak Potion"},{"floor":28,"key":"PowerPotion"},{"floor":33,"key":"GhostInAJar"}],"is_trial":false,"path_per_floor":["M","?","T","M","$","R","E","T","T","R","E","M","$","M","R","B",null,"M","?","M","?","M","R","E","$","T","E","M","R","T","M","R","B",null,"M","M","?","?","?","E","R","M","T","E"],"character_chosen":"THE_SILENT","items_purchased":["Cloak And Dagger","Choke+1","Lee\u0027s Waffle","Bane+1"],"campfire_rested":1,"item_purchase_floors":[5,13,25,25],"current_hp_per_floor":[55,55,55,49,49,49,30,30,30,30,18,18,18,17,17,17,54,37,50,42,42,29,48,18,73,73,80,67,67,67,49,49,22,68,68,66,83,83,83,50,50,24,24,0],"gold":277,"neow_bonus":"TRANSFORM_TWO_CARDS","is_prod":false,"is_daily":false,"chose_seed":false,"campfire_upgraded":5,"win_rate":0,"timestamp":1554760752,"path_taken":["M","?","?","M","$","R","E","?","T","R","E","M","$","M","R","BOSS","M","?","M","?","M","R","E","$","T","E","?","R","?","M","R","BOSS","M","M","?","?","?","E","R","M","T","E"],"build_version":"2019-01-23","purchased_purges":0,"victory":false,"max_hp_per_floor":[66,66,66,66,66,66,66,66,66,66,66,66,66,66,66,66,66,66,66,66,66,66,66,66,73,73,83,83,83,83,83,83,83,83,83,83,83,83,83,83,83,83,83,83],"card_choices":[{"not_picked":["Underhanded Strike","Poisoned Stab"],"picked":"PiercingWail","floor":1},{"not_picked":["Slice","Poisoned Stab"],"picked":"PiercingWail","floor":4},{"not_picked":["Deflect","Riddle With Holes"],"picked":"Deadly Poison","floor":7},{"not_picked":["Venomology","Setup","Eviscerate"],"picked":"Dodge and Roll","floor":11},{"not_picked":["Acrobatics","Infinite Blades","Deadly Poison"],"picked":"Poisoned Stab+1","floor":12},{"not_picked":["Sucker Punch+1","Bane+1","Dagger Throw+1"],"picked":"Terror","floor":14},{"not_picked":["Corpse Explosion","Unload+1","Burst"],"picked":"Glass Knife+1","floor":16},{"not_picked":["Deadly Poison","Acrobatics","Outmaneuver"],"picked":"PiercingWail+1","floor":18},{"not_picked":["PiercingWail+1","Prepared","Reflex"],"picked":"Footwork","floor":20},{"not_picked":["Concentrate","Dagger Throw+1","Riddle With Holes+1","Cloak And Dagger"],"picked":"SKIP","floor":22},{"not_picked":["Quick Slash+1","Phantasmal Killer","Flechettes+1","Grand Finale+1"],"picked":"SKIP","floor":24},{"not_picked":["Cloak And Dagger","Dagger Throw+1","Slice+1"],"picked":"Well Laid Plans","floor":27},{"not_picked":["Bane+1","Blade Dance+1","Deadly Poison+1"],"picked":"Caltrops","floor":28},{"not_picked":["Well Laid Plans","Bane+1","Dagger Throw+1"],"picked":"Deflect","floor":31},{"not_picked":["Corpse Explosion","Glass Knife+1","Venomology"],"picked":"Malaise","floor":33},{"not_picked":["Backflip","Slice+1","Cloak And Dagger"],"picked":"Choke+1","floor":35},{"not_picked":["Acrobatics","Cloak And Dagger+1","Outmaneuver+1"],"picked":"PiercingWail","floor":36},{"not_picked":["Underhanded Strike+1","Prepared","Dodge and Roll","Quick Slash+1"],"picked":"SKIP","floor":40},{"not_picked":["Crippling Poison","Prepared","Finisher+1"],"picked":"Catalyst","floor":42}],"player_experience":1736825,"relics_obtained":[{"floor":3,"key":"Bottled Tornado"},{"floor":7,"key":"Peace Pipe"},{"floor":8,"key":"Question Card"},{"floor":9,"key":"Mercury Hourglass"},{"floor":11,"key":"Molten Egg 2"},{"floor":24,"key":"Letter Opener"},{"floor":26,"key":"Pen Nib"},{"floor":27,"key":"Pear"},{"floor":30,"key":"Omamori"},{"floor":40,"key":"Blood Vial"}],"event_choices":[{"damage_healed":0,"gold_gain":0,"player_choice":"Grow","damage_taken":0,"max_hp_gain":0,"max_hp_loss":0,"event_name":"Living Wall","floor":2,"gold_loss":0,"cards_upgraded":["Crippling Poison"]},{"damage_healed":13,"gold_gain":0,"player_choice":"Heal","damage_taken":0,"max_hp_gain":0,"max_hp_loss":0,"event_name":"The Library","floor":19,"gold_loss":0},{"damage_healed":0,"gold_gain":50,"player_choice":"Stole From Cult","damage_taken":0,"max_hp_gain":0,"max_hp_loss":0,"event_name":"Nest","floor":21,"gold_loss":0},{"damage_healed":17,"gold_gain":0,"player_choice":"Writhe","damage_taken":0,"max_hp_gain":0,"max_hp_loss":0,"event_name":"Winding Halls","floor":37,"gold_loss":0,"cards_obtained":["Writhe"]},{"cards_removed":["Strike_G"],"damage_healed":0,"gold_gain":0,"player_choice":"Removed Attack","damage_taken":0,"max_hp_gain":0,"max_hp_loss":0,"event_name":"Falling","floor":38,"gold_loss":0},{"damage_healed":0,"gold_gain":0,"player_choice":"Rummage","damage_taken":0,"relics_obtained":["WarpedTongs"],"max_hp_gain":0,"max_hp_loss":0,"event_name":"Accursed Blacksmith","floor":39,"gold_loss":0,"cards_obtained":["Pain"]}],"is_beta":false,"boss_relics":[{"not_picked":["White Beast Statue","WristBlade"],"picked":"Runic Dome"},{"not_picked":["Lizard Tail","Black Star"],"picked":"Sozu"}],"items_purged_floors":[],"is_endless":false,"potions_floor_spawned":[4,11,14,22,24,27,28,33,36,42],"killed_by":"Giant Head","ascension_level":20}