{"gold_per_floor":[115,125,136,136,150,181,181,193,193,193,209,209,223,236,236,335,335,345,360,360,22,22,22,51,65,89,99,99,114,130,141,141,244,244,264,1263,626,626,76,110,110,122,148,171,102,102,117,143,143,143],"floor_reached":50,"playtime":5492,"items_purged":["Normality","Normality"],"score":622,"play_id":"fd1a831c-be63-4370-a236-73009f53317f","local_time":"20180804010130","is_ascension_mode":true,"campfire_choices":[{"data":"Doom and Gloom","floor":7,"key":"SMITH"},{"data":"Barrage","floor":10,"key":"SMITH"},{"data":"Conserve Battery","floor":12,"key":"SMITH"},{"data":"Rebound","floor":15,"key":"SMITH"},{"floor":23,"key":"REST"},{"floor":28,"key":"REST"},{"floor":32,"key":"REST"},{"floor":41,"key":"REST"},{"data":"Apotheosis","floor":49,"key":"SMITH"}],"neow_cost":"NONE","seed_source_timestamp":864199410149511,"circlet_count":0,"master_deck":["Strike_B","Strike_B","Strike_B","Defend_B+1","Defend_B","Defend_B","Zap+1","Dualcast","Cold Snap","Doom and Gloom+1","Turbo","Barrage+1","FTL","Conserve Battery+1","Double Energy+1","Fusion","Rebound+1","Meteor Strike","Stack+1","Turbo+1","Panache","Core Surge","FTL","Go for the Eyes+1","Go for the Eyes+1","Compile Driver","Sweeping Beam","Hologram","Stack","Echo Form","Hologram","Apotheosis+1","Hello World","Compile Driver","Loop","Skim","Double Energy+1"],"relics":["Cracked Core","Art of War","Letter Opener","Blue Candle","Sozu","Bag of Preparation","Spirit Poop","Ornamental Fan","Dream Catcher","Empty Cage","War Paint","Blood Vial","Bottled Tornado","DataDisk","Orichalcum","MawBank","Bag of Marbles"],"potions_floor_usage":[6,14,16,33],"damage_taken":[{"damage":2,"enemies":"Jaw Worm","floor":1,"turns":3},{"damage":0,"enemies":"Small Slimes","floor":2,"turns":3},{"damage":0,"enemies":"Cultist","floor":3,"turns":3},{"damage":6,"enemies":"Blue Slaver","floor":5,"turns":3},{"damage":16,"enemies":"3 Sentries","floor":6,"turns":8},{"damage":3,"enemies":"Exordium Thugs","floor":8,"turns":3},{"damage":4,"enemies":"Exordium Wildlife","floor":11,"turns":3},{"damage":4,"enemies":"Looter","floor":13,"turns":3},{"damage":0,"enemies":"Exordium Thugs","floor":14,"turns":2},{"damage":29,"enemies":"Hexaghost","floor":16,"turns":10},{"damage":25,"enemies":"2 Thieves","floor":18,"turns":3},{"damage":17,"enemies":"Spheric Guardian","floor":19,"turns":4},{"damage":14,"enemies":"Gremlin Leader","floor":24,"turns":5},{"damage":5,"enemies":"Cultist and Chosen","floor":25,"turns":5},{"damage":26,"enemies":"3 Cultists","floor":27,"turns":4},{"damage":8,"enemies":"Snake Plant","floor":29,"turns":5},{"damage":0,"enemies":"Centurion and Healer","floor":30,"turns":4},{"damage":8,"enemies":"Snecko","floor":31,"turns":4},{"damage":12,"enemies":"Champ","floor":33,"turns":10},{"damage":8,"enemies":"Flame Bruiser 1 Orb","floor":35,"turns":3},{"damage":47,"enemies":"Nemesis","floor":40,"turns":7},{"damage":0,"enemies":"3 Darklings","floor":42,"turns":4},{"damage":14,"enemies":"4 Shapes","floor":44,"turns":3},{"damage":6,"enemies":"Spire Growth","floor":47,"turns":5},{"damage":73,"enemies":"Time Eater","floor":50,"turns":7}],"seed_played":"-1594855275283075187","potions_obtained":[{"floor":2,"key":"EssenceOfSteel"},{"floor":6,"key":"Fire Potion"},{"floor":8,"key":"Weak Potion"},{"floor":11,"key":"FearPotion"}],"is_trial":false,"path_per_floor":["M","M","M","?","M","E","R","M","T","R","M","R","M","M","R","B",null,"M","M","?","$","?","R","E","M","T","M","R","M","M","M","R","B",null,"M","?","$","?","$","E","R","M","T","M","$","?","M","T","R"],"character_chosen":"DEFECT","items_purchased":["Panache","Bag of Preparation","Apotheosis","Hello World","War Paint","Blood Vial","Bottled Tornado","Compile Driver","DataDisk","Skim"],"campfire_rested":4,"item_purchase_floors":[21,21,37,37,37,37,39,39,39,45],"current_hp_per_floor":[73,73,73,73,67,51,51,48,48,48,44,44,40,40,40,11,75,50,33,33,33,33,55,41,36,36,10,32,24,24,16,38,26,75,67,67,67,67,67,22,44,46,46,34,34,66,60,60,60,0],"gold":143,"neow_bonus":"UPGRADE_CARD","is_prod":false,"is_daily":false,"chose_seed":false,"campfire_upgraded":5,"win_rate":0,"timestamp":1533358890,"path_taken":["M","M","M","?","M","E","R","M","T","R","M","R","M","M","R","BOSS","M","M","?","$","?","R","E","M","T","M","R","M","M","?","R","BOSS","M","?","$","?","$","E","R","M","T","?","$","?","M","?","R","BOSS"],"build_version":"2018-08-02","purchased_purges":2,"victory":false,"max_hp_per_floor":[75,75,75,75,75,75,75,75,75,75,75,75,75,75,75,75,75,75,75,75,75,75,75,75,75,75,75,75,75,75,75,75,75,75,75,75,75,75,75,75,75,75,75,75,75,66,66,66,66,66],"card_choices":[{"not_picked":["Coolheaded","Barrage"],"picked":"Cold Snap","floor":1},{"not_picked":["Rebound","Heatsinks"],"picked":"Doom and Gloom","floor":2},{"not_picked":["Leap","Steam Power"],"picked":"Turbo","floor":3},{"not_picked":["Doom and Gloom","Compile Driver"],"picked":"Barrage","floor":5},{"not_picked":["Barrage","Meteor Strike"],"picked":"FTL","floor":6},{"not_picked":["FTL","Barrage"],"picked":"Conserve Battery","floor":8},{"not_picked":["Capacitor","White Noise"],"picked":"Double Energy","floor":11},{"not_picked":["Stack","Beam Cell"],"picked":"Fusion","floor":13},{"not_picked":["Gash","Hologram"],"picked":"Rebound","floor":14},{"not_picked":["Biased Cognition","Electrodynamics"],"picked":"Meteor Strike","floor":16},{"not_picked":["Streamline","Barrage"],"picked":"Stack+1","floor":18},{"not_picked":["Heatsinks+1","Scrape"],"picked":"Turbo+1","floor":19},{"not_picked":["BootSequence","Rebound"],"picked":"Core Surge","floor":24},{"not_picked":["Chaos","Heatsinks"],"picked":"FTL","floor":25},{"not_picked":["Stack+1","Barrage"],"picked":"Go for the Eyes+1","floor":27},{"not_picked":["Hologram","Chaos"],"picked":"Go for the Eyes+1","floor":28},{"not_picked":["Genetic Algorithm+1","Double Energy"],"picked":"Compile Driver","floor":29},{"not_picked":["Cold Snap","Rebound"],"picked":"Sweeping Beam","floor":30},{"not_picked":["Sweeping Beam+1","Stack"],"picked":"Hologram","floor":31},{"not_picked":["Sunder","Leap"],"picked":"Stack","floor":32},{"not_picked":["Meteor Strike","Reboot"],"picked":"Echo Form","floor":33},{"not_picked":["Conserve Battery+1","Ball Lightning"],"picked":"Hologram","floor":35},{"not_picked":["Self Repair","Barrage+1"],"picked":"Loop","floor":40},{"not_picked":["Sweeping Beam","BootSequence","Compile Driver"],"picked":"SKIP","floor":42},{"not_picked":["Recycle+1","Redo+1","Sweeping Beam"],"picked":"SKIP","floor":44},{"not_picked":["Go for the Eyes+1","Chaos+1"],"picked":"Double Energy+1","floor":47}],"player_experience":211446,"relics_obtained":[{"floor":6,"key":"Letter Opener"},{"floor":9,"key":"Blue Candle"},{"floor":24,"key":"Ornamental Fan"},{"floor":26,"key":"Dream Catcher"},{"floor":40,"key":"Orichalcum"},{"floor":43,"key":"MawBank"},{"floor":48,"key":"Bag of Marbles"}],"event_choices":[{"event_name":"Big Fish","player_choice":"Box","floor":4,"damage_taken":0},{"event_name":"Drug Dealer","player_choice":"Ignored","floor":20,"damage_taken":0},{"event_name":"Bonfire Elementals","player_choice":"CURSE","floor":22,"damage_taken":0},{"event_name":"MindBloom","player_choice":"Gold","floor":36,"damage_taken":0},{"event_name":"Tomb of Lord Red Mask","player_choice":"Ignored","floor":38,"damage_taken":0},{"event_name":"The Moai Head","player_choice":"Heal","floor":46,"damage_taken":0}],"is_beta":false,"boss_relics":[{"not_picked":["Busted Crown","Orrery"],"picked":"Sozu"},{"not_picked":["Fusion Hammer","Philosopher\u0027s Stone"],"picked":"Empty Cage"}],"items_purged_floors":[37,39],"is_endless":false,"potions_floor_spawned":[2,6,8,11,18,24,30,31,40,42,44],"killed_by":"Time Eater","ascension_level":3}