{"gold_per_floor":[113,288,288,306,306,306,321,321,376,394,417,452,473,493,493,617,617,637,655,214,214,239,273,273,288,336,357,357,272,308,321,321,451,451,469,122,180,180,196,231,231,231,231,323,353,385,0,31,43,55,67,79,41,74,74],"floor_reached":56,"playtime":3928,"items_purged":["Doubt","Defend_R","Defend_R"],"score":1296,"play_id":"c37e6dc2-b1ea-4842-a5bf-e5bcc4ef332a","local_time":"20190320040611","is_ascension_mode":false,"campfire_choices":[{"data":"True Grit","floor":6,"key":"SMITH"},{"data":"Bash","floor":8,"key":"SMITH"},{"data":"Flame Barrier","floor":15,"key":"SMITH"},{"data":"Carnage","floor":24,"key":"SMITH"},{"data":"Burning Pact","floor":28,"key":"SMITH"},{"data":"Impervious","floor":32,"key":"SMITH"},{"floor":41,"key":"RECALL"},{"floor":49,"key":"REST"},{"data":"Corruption","floor":52,"key":"SMITH"}],"neow_cost":"PERCENT_DAMAGE","seed_source_timestamp":264887972107118,"circlet_count":0,"master_deck":["Defend_R","Bash+1","Evolve","True Grit+1","Shrug It Off","Anger","Fiend Fire","Flame Barrier+1","Burning Pact+1","Reaper","Pommel Strike","Impervious+1","Bite","Bite","Bite","Bite","Bite","Feel No Pain+1","Carnage+1","Offering","True Grit+1","Uppercut+1","Disarm","Havoc+1","Disarm+1","Disarm+1","Corruption+1","Spot Weakness+1","Sentinel","Limit Break"],"relics":["Burning Blood","Nunchaku","Golden Idol","Ancient Tea Set","Orichalcum","Mark of Pain","Matryoshka","Shuriken","Gremlin Horn","Smiling Mask","Art of War","Mummified Hand","Orrery","Dead Branch","StoneCalendar","Pen Nib","Pear","MawBank","Red Mask","Bottled Flame"],"potions_floor_usage":[10,11,12,16,18,19,23,30,30,33,37,40,48,54,55,55],"damage_taken":[{"damage":5,"enemies":"Jaw Worm","floor":1,"turns":4},{"damage":2,"enemies":"2 Louse","floor":4,"turns":4},{"damage":9,"enemies":"Small Slimes","floor":7,"turns":4},{"damage":5,"enemies":"3 Louse","floor":10,"turns":4},{"damage":9,"enemies":"2 Fungi Beasts","floor":11,"turns":4},{"damage":14,"enemies":"Gremlin Nob","floor":12,"turns":3},{"damage":11,"enemies":"Lots of Slimes","floor":13,"turns":5},{"damage":1,"enemies":"Exordium Wildlife","floor":14,"turns":4},{"damage":7,"enemies":"Hexaghost","floor":16,"turns":8},{"damage":16,"enemies":"Spheric Guardian","floor":18,"turns":6},{"damage":28,"enemies":"2 Thieves","floor":19,"turns":5},{"damage":13,"enemies":"Centurion and Healer","floor":22,"turns":7},{"damage":18,"enemies":"Slavers","floor":23,"turns":7},{"damage":8,"enemies":"Snake Plant","floor":25,"turns":4},{"damage":2,"enemies":"Shelled Parasite and Fungi","floor":27,"turns":5},{"damage":0,"enemies":"Gremlin Leader","floor":30,"turns":4},{"damage":0,"enemies":"Centurion and Healer","floor":31,"turns":6},{"damage":43,"enemies":"Automaton","floor":33,"turns":9},{"damage":6,"enemies":"Orb Walker","floor":35,"turns":4},{"damage":14,"enemies":"2 Orb Walkers","floor":37,"turns":4},{"damage":6,"enemies":"3 Shapes","floor":39,"turns":3},{"damage":28,"enemies":"Nemesis","floor":40,"turns":7},{"damage":25,"enemies":"Jaw Worm Horde","floor":45,"turns":3},{"damage":12,"enemies":"3 Darklings","floor":46,"turns":2},{"damage":20,"enemies":"Maw","floor":48,"turns":4},{"damage":6,"enemies":"Awakened One","floor":50,"turns":6},{"damage":22,"enemies":"Shield and Spear","floor":54,"turns":5},{"damage":41,"enemies":"The Heart","floor":55,"turns":5}],"seed_played":"5409445728413365771","potions_obtained":[{"floor":1,"key":"Poison Potion"},{"floor":10,"key":"Ancient Potion"},{"floor":11,"key":"Swift Potion"},{"floor":14,"key":"SkillPotion"},{"floor":16,"key":"Swift Potion"},{"floor":18,"key":"Strength Potion"},{"floor":25,"key":"Weak Potion"},{"floor":27,"key":"Fire Potion"},{"floor":31,"key":"LiquidBronze"},{"floor":33,"key":"GamblersBrew"},{"floor":35,"key":"Block Potion"},{"floor":38,"key":"SpeedPotion"},{"floor":38,"key":"Poison Potion"},{"floor":40,"key":"GamblersBrew"},{"floor":46,"key":"PowerPotion"},{"floor":48,"key":"Explosive Potion"}],"is_trial":false,"path_per_floor":["M","?","?","M","?","R","M","R","T","M","M","E","M","M","R","B",null,"M","M","$","?","M","E","R","M","T","M","R","?","E","M","R","B",null,"M","$","?","?","M","E","R","?","T","T","M","M","?","M","R","B",null,"R","$","E","B",null],"character_chosen":"IRONCLAD","items_purchased":["Matryoshka","Impervious","PowerPotion","Dead Branch"],"campfire_rested":1,"item_purchase_floors":[20,20,20,36],"current_hp_per_floor":[57,57,54,58,38,38,35,35,35,36,33,25,20,25,25,24,80,70,58,58,56,56,56,56,56,56,56,56,56,56,56,56,42,56,56,56,56,56,56,48,48,48,58,58,49,47,47,45,64,66,66,66,66,66,35],"gold":74,"neow_bonus":"REMOVE_TWO","is_prod":false,"is_daily":false,"chose_seed":false,"campfire_upgraded":7,"win_rate":0,"timestamp":1553069171,"path_taken":["M","?","?","M","?","R","M","R","T","M","M","E","M","M","R","BOSS","M","M","$","?","M","E","R","M","T","M","R","?","E","M","R","BOSS","M","$","?","?","?","E","R","?","T","?","M","M","?","M","R","BOSS","R","$","E","BOSS"],"build_version":"2019-01-23","purchased_purges":3,"victory":true,"max_hp_per_floor":[80,80,80,80,80,80,80,80,80,80,80,80,80,80,80,80,80,80,80,80,56,56,56,56,56,56,56,56,56,56,56,56,56,56,56,56,56,56,56,56,56,56,66,66,66,66,66,66,66,66,66,66,66,66,66],"card_choices":[{"not_picked":["Rampage","Warcry"],"picked":"Evolve","floor":1},{"not_picked":["Spot Weakness","Sever Soul"],"picked":"True Grit","floor":4},{"not_picked":["Ghostly Armor","Heavy Blade"],"picked":"Shrug It Off","floor":7},{"not_picked":["Sword Boomerang","Flex"],"picked":"Anger","floor":10},{"not_picked":["Iron Wave","Flex"],"picked":"Fiend Fire","floor":11},{"not_picked":["Ghostly Armor","Thunderclap"],"picked":"Flame Barrier","floor":12},{"not_picked":["Headbutt","Wild Strike"],"picked":"Burning Pact","floor":13},{"not_picked":["Heavy Blade","Dual Wield"],"picked":"Headbutt","floor":14},{"not_picked":["Fiend Fire","Limit Break"],"picked":"Reaper","floor":16},{"not_picked":["Blood for Blood","Havoc+1"],"picked":"Pommel Strike","floor":18},{"not_picked":["Pummel","Cleave","Rupture"],"picked":"SKIP","floor":19},{"not_picked":["Pummel+1","Body Slam"],"picked":"Feel No Pain+1","floor":22},{"not_picked":["Warcry","Sword Boomerang"],"picked":"Carnage","floor":23},{"not_picked":["Perfected Strike+1","Iron Wave+1","Armaments"],"picked":"SKIP","floor":25},{"not_picked":["Flex+1","Heavy Blade","Berserk"],"picked":"SKIP","floor":27},{"not_picked":["Pommel Strike","Combust","Iron Wave"],"picked":"SKIP","floor":30},{"not_picked":["Twin Strike+1","Body Slam+1","Perfected Strike"],"picked":"SKIP","floor":31},{"not_picked":["Double Tap","Immolate"],"picked":"Offering","floor":33},{"not_picked":["Wild Strike","Havoc"],"picked":"True Grit+1","floor":34},{"not_picked":["Clothesline","Perfected Strike"],"picked":"Uppercut+1","floor":34},{"not_picked":["Pummel+1","Thunderclap+1"],"picked":"Disarm","floor":34},{"not_picked":["Headbutt+1","Warcry"],"picked":"Havoc+1","floor":35},{"not_picked":["Rage","Sword Boomerang+1"],"picked":"Disarm+1","floor":37},{"not_picked":["Flame Barrier","Armaments+1"],"picked":"Disarm+1","floor":39},{"not_picked":["Blood for Blood+1","Body Slam+1"],"picked":"Corruption","floor":40},{"not_picked":["Pummel+1","Brutality"],"picked":"Spot Weakness+1","floor":45},{"not_picked":["Warcry","Sword Boomerang","Twin Strike+1"],"picked":"SKIP","floor":46},{"not_picked":["Twin Strike","Armaments+1"],"picked":"Sentinel","floor":48},{"not_picked":["Heavy Blade+1","Wild Strike+1"],"picked":"Limit Break","floor":54}],"player_experience":1287235,"relics_obtained":[{"floor":9,"key":"Ancient Tea Set"},{"floor":12,"key":"Orichalcum"},{"floor":23,"key":"Shuriken"},{"floor":26,"key":"Gremlin Horn"},{"floor":26,"key":"Smiling Mask"},{"floor":30,"key":"Mummified Hand"},{"floor":37,"key":"StoneCalendar"},{"floor":40,"key":"Pen Nib"},{"floor":43,"key":"Pear"},{"floor":43,"key":"MawBank"},{"floor":54,"key":"Bottled Flame"}],"event_choices":[{"damage_healed":0,"gold_gain":175,"player_choice":"AGREE","damage_taken":0,"max_hp_gain":0,"max_hp_loss":0,"event_name":"Liars Game","floor":2,"gold_loss":0,"cards_obtained":["Doubt"]},{"damage_healed":0,"gold_gain":0,"player_choice":"Success","damage_taken":3,"relics_obtained":["Nunchaku"],"max_hp_gain":0,"max_hp_loss":0,"event_name":"Scrap Ooze","floor":3,"gold_loss":0},{"damage_healed":0,"gold_gain":0,"player_choice":"Take Damage","damage_taken":20,"relics_obtained":["Golden Idol"],"max_hp_gain":0,"max_hp_loss":0,"event_name":"Golden Idol","floor":5,"gold_loss":0},{"damage_healed":0,"gold_gain":0,"player_choice":"Became a vampire","damage_taken":0,"max_hp_gain":0,"max_hp_loss":24,"event_name":"Vampires","floor":21,"gold_loss":0,"cards_obtained":["Bite","Bite","Bite","Bite","Bite"]},{"damage_healed":0,"gold_gain":0,"player_choice":"Obtained Relic","damage_taken":0,"relics_obtained":["Art of War"],"max_hp_gain":0,"max_hp_loss":0,"event_name":"Addict","floor":29,"gold_loss":85},{"damage_healed":0,"gold_gain":0,"player_choice":"Fight","damage_taken":0,"max_hp_gain":0,"max_hp_loss":0,"event_name":"Mysterious Sphere","floor":37,"gold_loss":0},{"damage_healed":0,"gold_gain":0,"player_choice":"Got Potions","damage_taken":0,"max_hp_gain":0,"max_hp_loss":0,"event_name":"Lab","floor":38,"gold_loss":0},{"cards_removed":["Headbutt"],"damage_healed":0,"gold_gain":0,"player_choice":"Removed Attack","damage_taken":0,"max_hp_gain":0,"max_hp_loss":0,"event_name":"Falling","floor":42,"gold_loss":0},{"damage_healed":0,"gold_gain":0,"player_choice":"Paid","damage_taken":0,"relics_obtained":["Red Mask"],"max_hp_gain":0,"max_hp_loss":0,"event_name":"Tomb of Lord Red Mask","floor":47,"gold_loss":397}],"is_beta":false,"boss_relics":[{"not_picked":["Pandora\u0027s Box","Astrolabe"],"picked":"Mark of Pain"},{"not_picked":["Calling Bell","Fusion Hammer"],"picked":"Orrery"}],"items_purged_floors":[20,36,53],"is_endless":false,"potions_floor_spawned":[1,10,11,14,16,18,25,27,31,33,35,40,46,48],"ascension_level":0}