{"gold_per_floor":[115,127,127,127,142,142,170,186,486,586,621,94,13,24,24,121,121,139,139,26,42,61,91,91,107,107,117,149,161,178,189,189,288,288,300,400,400,400,415,434,448,23,23,23,52,62,62,62,62,62],"floor_reached":50,"playtime":7754,"items_purged":["Strike_R","Uppercut"],"score":602,"play_id":"fe9f70df-c3c7-463c-980f-290bfcc881a3","local_time":"20190511190942","is_ascension_mode":true,"campfire_choices":[{"data":"Whirlwind","floor":6,"key":"SMITH"},{"floor":15,"key":"REST"},{"data":"Immolate","floor":24,"key":"SMITH"},{"floor":32,"key":"REST"},{"floor":44,"key":"REST"},{"floor":49,"key":"REST"}],"neow_cost":"NONE","seed_source_timestamp":822895921938240,"circlet_count":0,"master_deck":["Defend_R+1","Defend_R","Defend_R","Defend_R+1","Bash","Brutality","Uppercut+1","Whirlwind+1","Power Through","Double Tap","Ghostly Armor","Rampage","Dark Shackles","Shrug It Off","Immolate+1","Evolve","Battle Trance","Limit Break","Cleave+1","True Grit+1","Warcry+1","Impervious","Warcry+1","Shrug It Off+1","Double Tap","Impervious"],"relics":["Burning Blood","Bottled Tornado","Old Coin","Calipers","Frozen Eye","Empty Cage","War Paint","Dodecahedron","Vajra","Philosopher\u0027s Stone","Torii","Pear","Girya","Orichalcum"],"potions_floor_usage":[11,16,23,23,30,33,33,33,46,50,50],"damage_taken":[{"damage":3,"enemies":"Jaw Worm","floor":1,"turns":5},{"damage":3,"enemies":"2 Louse","floor":2,"turns":3},{"damage":5,"enemies":"Cultist","floor":5,"turns":3},{"damage":22,"enemies":"Gremlin Nob","floor":7,"turns":4},{"damage":2,"enemies":"Looter","floor":8,"turns":2},{"damage":26,"enemies":"3 Sentries","floor":11,"turns":5},{"damage":9,"enemies":"Exordium Thugs","floor":14,"turns":2},{"damage":20,"enemies":"Hexaghost","floor":16,"turns":9},{"damage":4,"enemies":"Chosen","floor":18,"turns":6},{"damage":3,"enemies":"Spheric Guardian","floor":21,"turns":5},{"damage":2,"enemies":"Chosen and Byrds","floor":22,"turns":3},{"damage":22,"enemies":"Book of Stabbing","floor":23,"turns":7},{"damage":5,"enemies":"Snake Plant","floor":25,"turns":6},{"damage":12,"enemies":"Shelled Parasite and Fungi","floor":27,"turns":5},{"damage":16,"enemies":"Gremlin Leader","floor":28,"turns":5},{"damage":17,"enemies":"Centurion and Healer","floor":29,"turns":5},{"damage":7,"enemies":"Snake Plant","floor":30,"turns":5},{"damage":11,"enemies":"Snecko","floor":31,"turns":6},{"damage":46,"enemies":"Collector","floor":33,"turns":12},{"damage":2,"enemies":"3 Darklings","floor":35,"turns":3},{"damage":13,"enemies":"Mind Bloom Boss Battle","floor":36,"turns":7},{"damage":1,"enemies":"Orb Walker","floor":39,"turns":3},{"damage":65,"enemies":"Maw","floor":40,"turns":10},{"damage":9,"enemies":"4 Shapes","floor":41,"turns":4},{"damage":8,"enemies":"Reptomancer","floor":45,"turns":8},{"damage":36,"enemies":"Spire Growth","floor":46,"turns":6},{"damage":61,"enemies":"Awakened One","floor":50,"turns":7}],"seed_played":"-682356598830401945","potions_obtained":[{"floor":1,"key":"AttackPotion"},{"floor":8,"key":"Swift Potion"},{"floor":11,"key":"Swift Potion"},{"floor":18,"key":"Poison Potion"},{"floor":22,"key":"Dexterity Potion"},{"floor":27,"key":"Dexterity Potion"},{"floor":28,"key":"AttackPotion"},{"floor":31,"key":"Poison Potion"},{"floor":35,"key":"Strength Potion"},{"floor":40,"key":"SteroidPotion"}],"is_trial":false,"path_per_floor":["M","M","?","?","M","R","E","M","T","?","E","$","$","M","R","B",null,"M","?","$","M","M","E","R","M","T","M","E","M","M","M","R","B",null,"M","?","?","?","M","M","M","$","T","R","E","M","?","$","R","B"],"character_chosen":"IRONCLAD","items_purchased":["Frozen Eye","Double Tap","Ghostly Armor","Rampage","Dark Shackles","Evolve","Uppercut","Pear","BloodPotion"],"campfire_rested":4,"item_purchase_floors":[12,12,12,12,13,20,20,42,42],"current_hp_per_floor":[80,80,73,73,74,74,58,62,62,62,42,42,42,39,63,49,80,80,80,80,80,80,64,64,65,65,59,49,38,37,32,56,16,80,80,73,73,73,78,19,16,26,26,53,51,30,30,30,57,0],"gold":62,"neow_bonus":"TRANSFORM_CARD","is_prod":false,"is_daily":false,"chose_seed":false,"campfire_upgraded":2,"win_rate":0,"timestamp":1557616182,"path_taken":["M","M","?","?","?","R","E","M","T","?","E","?","$","M","R","BOSS","M","?","?","M","?","E","R","M","T","M","E","M","M","M","R","BOSS","M","?","?","?","M","?","M","$","T","R","E","?","?","?","R","BOSS"],"build_version":"2019-01-23","purchased_purges":2,"victory":false,"max_hp_per_floor":[80,80,80,80,80,80,80,80,80,80,80,80,80,80,80,80,80,80,80,80,80,80,80,80,80,80,80,80,80,80,80,80,80,80,80,80,80,80,80,80,80,90,90,90,90,90,90,90,90,90],"card_choices":[{"not_picked":["Iron Wave","Headbutt"],"picked":"Uppercut","floor":1},{"not_picked":["Intimidate","Burning Pact"],"picked":"Whirlwind","floor":2},{"not_picked":["Cleave","Warcry","Flex"],"picked":"SKIP","floor":5},{"not_picked":["Evolve","Sentinel","Perfected Strike"],"picked":"SKIP","floor":7},{"not_picked":["Combust","Heavy Blade"],"picked":"Power Through","floor":8},{"not_picked":["Hemokinesis","Searing Blow"],"picked":"Cleave","floor":11},{"not_picked":["Carnage","Shockwave"],"picked":"Shrug It Off","floor":14},{"not_picked":["Barricade","Dark Embrace"],"picked":"Immolate","floor":16},{"not_picked":["Sword Boomerang","Anger","Flex"],"picked":"SKIP","floor":18},{"not_picked":["Pommel Strike+1","Body Slam"],"picked":"Battle Trance","floor":21},{"not_picked":["Inflame","Sword Boomerang"],"picked":"Limit Break","floor":22},{"not_picked":["Rage","Reckless Charge","Carnage"],"picked":"SKIP","floor":23},{"not_picked":["Warcry","Shockwave"],"picked":"Battle Trance","floor":25},{"not_picked":["Intimidate","Rupture"],"picked":"Cleave+1","floor":27},{"not_picked":["Infernal Blade","Body Slam+1"],"picked":"True Grit+1","floor":28},{"not_picked":["Wild Strike","Dropkick+1","Havoc+1"],"picked":"SKIP","floor":29},{"not_picked":["Uppercut","Wild Strike","Perfected Strike"],"picked":"SKIP","floor":30},{"not_picked":["Combust","Hemokinesis+1"],"picked":"Warcry+1","floor":31},{"not_picked":["Juggernaut","Bludgeon"],"picked":"Impervious","floor":33},{"not_picked":["Infernal Blade+1","Combust","Havoc+1"],"picked":"SKIP","floor":35},{"not_picked":["Iron Wave","Second Wind+1"],"picked":"Warcry+1","floor":36},{"not_picked":["Body Slam","Clothesline+1"],"picked":"Shrug It Off+1","floor":39},{"not_picked":["Sword Boomerang+1","Anger+1","Reckless Charge"],"picked":"SKIP","floor":40},{"not_picked":["Seeing Red+1","Shrug It Off"],"picked":"Double Tap","floor":41},{"not_picked":["Intimidate","Entrench"],"picked":"Impervious","floor":45},{"not_picked":["Headbutt","Dropkick+1","Clash+1"],"picked":"SKIP","floor":46}],"player_experience":200257,"relics_obtained":[{"floor":7,"key":"Bottled Tornado"},{"floor":9,"key":"Old Coin"},{"floor":11,"key":"Calipers"},{"floor":23,"key":"War Paint"},{"floor":26,"key":"Dodecahedron"},{"floor":28,"key":"Vajra"},{"floor":36,"key":"Torii"},{"floor":43,"key":"Girya"},{"floor":45,"key":"Orichalcum"}],"event_choices":[{"cards_removed":["Strike_R"],"damage_healed":0,"gold_gain":0,"player_choice":"Card Removal","damage_taken":7,"max_hp_gain":0,"max_hp_loss":0,"event_name":"Golden Wing","floor":3,"gold_loss":0},{"damage_healed":0,"gold_gain":0,"player_choice":"Upgraded","damage_taken":0,"max_hp_gain":0,"max_hp_loss":0,"event_name":"Upgrade Shrine","floor":4,"gold_loss":0,"cards_upgraded":["Uppercut"]},{"damage_healed":0,"gold_gain":100,"player_choice":"Pray","damage_taken":0,"max_hp_gain":0,"max_hp_loss":0,"event_name":"Golden Shrine","floor":10,"gold_loss":0},{"damage_healed":0,"gold_gain":0,"cards_transformed":["Cleave"],"player_choice":"Transformed","damage_taken":0,"max_hp_gain":0,"max_hp_loss":0,"event_name":"Transmorgrifier","floor":19,"gold_loss":0,"cards_obtained":["Havoc"]},{"damage_healed":0,"gold_gain":0,"player_choice":"Fight","damage_taken":0,"max_hp_gain":0,"max_hp_loss":0,"event_name":"MindBloom","floor":36,"gold_loss":0},{"cards_removed":["Battle Trance"],"damage_healed":0,"gold_gain":0,"player_choice":"Removed Skill","damage_taken":0,"max_hp_gain":0,"max_hp_loss":0,"event_name":"Falling","floor":37,"gold_loss":0},{"cards_removed":["Havoc"],"damage_healed":0,"gold_gain":0,"player_choice":"Purged","damage_taken":0,"max_hp_gain":0,"max_hp_loss":0,"event_name":"Purifier","floor":38,"gold_loss":0},{"damage_healed":0,"gold_gain":0,"player_choice":"Ignored","damage_taken":0,"max_hp_gain":0,"max_hp_loss":0,"event_name":"Mysterious Sphere","floor":47,"gold_loss":0}],"is_beta":false,"boss_relics":[{"not_picked":["Astrolabe","Pandora\u0027s Box"],"picked":"Empty Cage"},{"not_picked":["Sozu","Fusion Hammer"],"picked":"Philosopher\u0027s Stone"}],"items_purged_floors":[12,42],"is_endless":false,"potions_floor_spawned":[1,8,11,18,22,27,28,29,31,35,40,45],"killed_by":"Awakened One","ascension_level":1}