{"gold_per_floor":[219,2,16,34,49,49,63,92,143,177,177,197,224,224,224,301,301,319,419,469,489,23,23,48,61,61,73,73,402,412,432,432,432],"floor_reached":33,"playtime":1429,"items_purged":[],"score":793,"play_id":"4076bf13-5e3c-4e9b-8a9a-5f2b8e66be24","local_time":"20190506183302","is_ascension_mode":true,"campfire_choices":[{"data":"Combust","floor":6,"key":"SMITH"},{"data":"Anger","floor":15,"key":"SMITH"},{"floor":23,"key":"REST"},{"floor":28,"key":"REST"},{"floor":32,"key":"REST"}],"neow_cost":"NONE","seed_source_timestamp":550236889305470,"circlet_count":0,"master_deck":["AscendersBane","Strike_R","Strike_R","Strike_R","Strike_R","Strike_R","Defend_R","Defend_R","Defend_R","Defend_R","Bash+1","Metallicize","Combust+1","Anger+1","Twin Strike","Sword Boomerang","Immolate","Uppercut","Burning Pact","Pommel Strike","Battle Trance","Blood for Blood+1","Battle Trance"],"relics":["Burning Blood","Vajra","Lantern","Happy Flower","Mercury Hourglass","Oddly Smooth Stone","Runic Dome","StoneCalendar","Ornamental Fan","Bag of Preparation","Medical Kit","Omamori","Bottled Lightning","Old Coin"],"potions_floor_usage":[8,12,19,24,24,33,33],"damage_taken":[{"damage":12,"enemies":"Cultist","floor":1,"turns":4},{"damage":1,"enemies":"Small Slimes","floor":3,"turns":4},{"damage":9,"enemies":"Jaw Worm","floor":4,"turns":5},{"damage":14,"enemies":"Exordium Thugs","floor":5,"turns":4},{"damage":11,"enemies":"Blue Slaver","floor":7,"turns":4},{"damage":0,"enemies":"Gremlin Nob","floor":8,"turns":2},{"damage":24,"enemies":"3 Sentries","floor":10,"turns":6},{"damage":5,"enemies":"Gremlin Gang","floor":12,"turns":6},{"damage":27,"enemies":"Gremlin Nob","floor":13,"turns":4},{"damage":5,"enemies":"Slime Boss","floor":16,"turns":6},{"damage":13,"enemies":"2 Thieves","floor":18,"turns":2},{"damage":27,"enemies":"Colosseum Slavers","floor":19,"turns":4},{"damage":10,"enemies":"Colosseum Nobs","floor":19,"turns":3},{"damage":15,"enemies":"Shell Parasite","floor":21,"turns":3},{"damage":18,"enemies":"Book of Stabbing","floor":24,"turns":4},{"damage":1,"enemies":"3 Cultists","floor":25,"turns":2},{"damage":2,"enemies":"Snecko","floor":27,"turns":2},{"damage":30,"enemies":"Slavers","floor":29,"turns":3},{"damage":24,"enemies":"Snake Plant","floor":30,"turns":3},{"damage":2,"enemies":"3 Cultists","floor":31,"turns":2},{"damage":71,"enemies":"Champ","floor":33,"turns":8}],"seed_played":"8737682320795950705","potions_obtained":[{"floor":3,"key":"SteroidPotion"},{"floor":11,"key":"Regen Potion"},{"floor":12,"key":"Fire Potion"},{"floor":16,"key":"LiquidBronze"},{"floor":19,"key":"SteroidPotion"},{"floor":29,"key":"Fire Potion"},{"floor":30,"key":"Strength Potion"},{"floor":31,"key":"Dexterity Potion"}],"is_trial":false,"path_per_floor":["M","$","M","M","M","R","M","E","T","E","?","M","E","?","R","B",null,"M","?","?","M","$","R","E","M","T","M","R","E","M","M","R","B"],"character_chosen":"IRONCLAD","items_purchased":["Vajra","Fire Potion","Bag of Preparation","Medical Kit","Battle Trance"],"campfire_rested":3,"item_purchase_floors":[2,2,22,22,22],"current_hp_per_floor":[62,62,67,64,56,56,51,57,57,39,39,55,34,34,34,35,65,58,33,33,24,24,46,34,39,39,43,65,41,23,27,49,0],"gold":432,"neow_bonus":"HUNDRED_GOLD","is_prod":false,"is_daily":false,"chose_seed":false,"campfire_upgraded":2,"win_rate":0,"timestamp":1557192782,"path_taken":["M","$","?","M","M","R","M","E","T","E","?","?","E","?","R","BOSS","M","?","?","M","$","R","E","?","T","M","R","E","M","M","R","BOSS"],"build_version":"2019-04-23","purchased_purges":0,"victory":false,"max_hp_per_floor":[75,75,75,75,75,75,75,75,75,75,75,75,75,75,75,75,75,75,75,75,75,75,75,75,75,75,75,75,75,75,75,75,75],"card_choices":[{"not_picked":["Iron Wave","Ghostly Armor"],"picked":"Metallicize","floor":1},{"not_picked":["Flex","Ghostly Armor"],"picked":"Combust","floor":3},{"not_picked":["Rampage","Warcry"],"picked":"Anger","floor":4},{"not_picked":["Headbutt","Warcry"],"picked":"Twin Strike","floor":5},{"not_picked":["Wild Strike","Heavy Blade","Anger"],"picked":"SKIP","floor":7},{"not_picked":["Carnage","Headbutt"],"picked":"Sword Boomerang","floor":8},{"not_picked":["Bludgeon","Clash","Twin Strike"],"picked":"SKIP","floor":10},{"not_picked":["Anger","Clash","Clothesline"],"picked":"SKIP","floor":12},{"not_picked":["Reckless Charge","Clothesline","Thunderclap"],"picked":"SKIP","floor":13},{"not_picked":["Bludgeon","Barricade"],"picked":"Immolate","floor":16},{"not_picked":["Flex","Anger"],"picked":"Uppercut","floor":18},{"not_picked":["Dual Wield","Twin Strike"],"picked":"Burning Pact","floor":19},{"not_picked":["Burning Pact","Armaments"],"picked":"Pommel Strike","floor":21},{"not_picked":["Sword Boomerang","Clothesline","Perfected Strike+1"],"picked":"SKIP","floor":24},{"not_picked":["Sword Boomerang","Flex","Seeing Red"],"picked":"SKIP","floor":25},{"not_picked":["Entrench","Hemokinesis"],"picked":"Blood for Blood+1","floor":27},{"not_picked":["Pommel Strike","Immolate","Bludgeon"],"picked":"SKIP","floor":29},{"not_picked":["Dual Wield","Sword Boomerang","Pommel Strike"],"picked":"SKIP","floor":30},{"not_picked":["Twin Strike","Hemokinesis"],"picked":"Battle Trance","floor":31}],"player_experience":6216855,"relics_obtained":[{"floor":8,"key":"Lantern"},{"floor":9,"key":"Happy Flower"},{"floor":10,"key":"Mercury Hourglass"},{"floor":13,"key":"Oddly Smooth Stone"},{"floor":19,"key":"StoneCalendar"},{"floor":19,"key":"Ornamental Fan"},{"floor":24,"key":"Omamori"},{"floor":26,"key":"Bottled Lightning"},{"floor":29,"key":"Old Coin"}],"event_choices":[{"damage_healed":0,"gold_gain":0,"player_choice":"Got Potions","damage_taken":0,"max_hp_gain":0,"max_hp_loss":0,"event_name":"Lab","floor":11,"gold_loss":0},{"damage_healed":0,"gold_gain":0,"player_choice":"Upgraded","damage_taken":0,"max_hp_gain":0,"max_hp_loss":0,"event_name":"Upgrade Shrine","floor":14,"gold_loss":0,"cards_upgraded":["Bash"]},{"damage_healed":0,"gold_gain":0,"player_choice":"Fight","damage_taken":0,"max_hp_gain":0,"max_hp_loss":0,"event_name":"Colosseum","floor":19,"gold_loss":0},{"damage_healed":0,"gold_gain":0,"player_choice":"Fought Nobs","damage_taken":0,"max_hp_gain":0,"max_hp_loss":0,"event_name":"Colosseum","floor":19,"gold_loss":0},{"damage_healed":0,"gold_gain":50,"player_choice":"Pray","damage_taken":0,"max_hp_gain":0,"max_hp_loss":0,"event_name":"Golden Shrine","floor":20,"gold_loss":0}],"is_beta":true,"boss_relics":[{"not_picked":["White Beast Statue","Runic Cube"],"picked":"Runic Dome"}],"items_purged_floors":[],"is_endless":false,"potions_floor_spawned":[3,5,12,13,16,19,19,29,30,31],"killed_by":"Champ","ascension_level":20}