{"gold_per_floor":[109,109,184,239,259,259,289,289,312,312,23,50,68,95,95,172,172,190,206,216,141,11,11,37,37,37,37,37,52,86,101,101,179,179,191,18,69,69,69,69,19,52,52,52,52],"floor_reached":45,"playtime":2181,"items_purged":["Strike_G","Strike_G","Strike_G"],"score":1136,"play_id":"0974eecb-9451-4976-b7ae-61c7e30fb985","local_time":"20190424001149","is_ascension_mode":true,"campfire_choices":[{"data":"Dash","floor":6,"key":"SMITH"},{"data":"Masterful Stab","floor":8,"key":"SMITH"},{"floor":10,"key":"REST"},{"data":"Noxious Fumes","floor":15,"key":"SMITH"},{"data":"Noxious Fumes","floor":23,"key":"SMITH"},{"data":"Caltrops","floor":25,"key":"SMITH"},{"floor":28,"key":"REST"},{"data":"Well Laid Plans","floor":32,"key":"SMITH"},{"data":"Corpse Explosion","floor":40,"key":"SMITH"},{"floor":44,"key":"REST"}],"neow_cost":"NONE","seed_source_timestamp":107072911470607,"circlet_count":0,"master_deck":["AscendersBane","Defend_G","Defend_G","Defend_G","Defend_G","Defend_G","Strike_G","Survivor","Neutralize+1","Dash+1","Dodge and Roll","Masterful Stab+1","Noxious Fumes+1","Deflect","Deadly Poison","Leg Sweep","Corpse Explosion+1","Noxious Fumes+1","Crippling Poison","Well Laid Plans+1","Caltrops+1","Backflip","Cloak And Dagger","Blur","After Image+1","Skewer+1","Choke+1","Escape Plan"],"relics":["Ring of the Serpent","Happy Flower","Smiling Mask","PreservedInsect","Dodecahedron","Lantern","Runic Dome","Pantograph","Calipers","Blood Vial","Pen Nib","Potion Belt","Mango","Ornamental Fan"],"potions_floor_usage":[7,16,19,24,30,42,45],"damage_taken":[{"damage":3,"enemies":"2 Louse","floor":1,"turns":3},{"damage":0,"enemies":"Small Slimes","floor":5,"turns":5},{"damage":20,"enemies":"Gremlin Nob","floor":7,"turns":4},{"damage":6,"enemies":"Lagavulin","floor":12,"turns":5},{"damage":0,"enemies":"Jaw Worm","floor":13,"turns":2},{"damage":0,"enemies":"Gremlin Nob","floor":14,"turns":3},{"damage":12,"enemies":"Hexaghost","floor":16,"turns":9},{"damage":3,"enemies":"Shell Parasite","floor":18,"turns":5},{"damage":0,"enemies":"Chosen","floor":19,"turns":4},{"damage":10,"enemies":"Snake Plant","floor":20,"turns":5},{"damage":14,"enemies":"Book of Stabbing","floor":24,"turns":5},{"damage":3,"enemies":"3 Cultists","floor":29,"turns":3},{"damage":10,"enemies":"Gremlin Leader","floor":30,"turns":5},{"damage":2,"enemies":"Chosen and Byrds","floor":31,"turns":4},{"damage":0,"enemies":"Champ","floor":33,"turns":13},{"damage":7,"enemies":"3 Shapes","floor":35,"turns":4},{"damage":25,"enemies":"2 Orb Walkers","floor":37,"turns":6},{"damage":48,"enemies":"Reptomancer","floor":42,"turns":7},{"damage":39,"enemies":"Giant Head","floor":45,"turns":8}],"seed_played":"5307807490991646087","potions_obtained":[{"floor":1,"key":"FearPotion"},{"floor":5,"key":"SpeedPotion"},{"floor":14,"key":"Poison Potion"},{"floor":18,"key":"SpeedPotion"},{"floor":20,"key":"Swift Potion"},{"floor":24,"key":"Weak Potion"},{"floor":29,"key":"Explosive Potion"},{"floor":42,"key":"Block Potion"}],"is_trial":false,"path_per_floor":["M","?","?","?","M","R","E","R","T","R","$","E","M","E","R","B",null,"M","M","M","?","$","R","E","R","T","T","R","M","E","M","R","B",null,"M","$","?","?","?","R","$","E","T","R","E"],"character_chosen":"THE_SILENT","items_purchased":["PreservedInsect","Noxious Fumes","Well Laid Plans","Potion Belt"],"campfire_rested":3,"item_purchase_floors":[11,11,22,36],"current_hp_per_floor":[56,56,45,45,45,45,25,25,25,44,44,38,38,38,38,26,56,53,53,43,43,43,43,29,29,29,29,48,47,39,39,39,66,66,59,59,50,50,50,50,50,4,4,28,0],"gold":52,"neow_bonus":"UPGRADE_CARD","is_prod":false,"is_daily":false,"chose_seed":false,"campfire_upgraded":7,"win_rate":0,"timestamp":1556079109,"path_taken":["M","?","?","?","M","R","E","R","T","R","$","E","M","E","R","BOSS","M","M","M","?","$","R","E","R","T","?","R","M","E","?","R","BOSS","M","?","?","?","?","R","$","E","T","R","E"],"build_version":"2019-01-23","purchased_purges":3,"victory":false,"max_hp_per_floor":[66,66,66,66,66,66,66,66,66,66,66,66,66,66,66,66,66,66,66,66,66,66,66,66,66,66,66,66,66,66,66,66,66,66,66,66,80,80,80,80,80,80,80,80,80],"card_choices":[{"not_picked":["Riddle With Holes","Blade Dance"],"picked":"Dash","floor":1},{"not_picked":["Outmaneuver","Prepared"],"picked":"Dodge and Roll","floor":5},{"not_picked":["Distraction","Deflect"],"picked":"Masterful Stab","floor":7},{"not_picked":["Masterful Stab","Dagger Spray"],"picked":"Deflect","floor":12},{"not_picked":["Sucker Punch","Dagger Throw"],"picked":"Deadly Poison","floor":13},{"not_picked":["Cloak And Dagger","Setup"],"picked":"Leg Sweep","floor":14},{"not_picked":["Bullet Time","Storm of Steel"],"picked":"Corpse Explosion","floor":16},{"not_picked":["Slice","Cloak And Dagger"],"picked":"Noxious Fumes","floor":18},{"not_picked":["Quick Slash","Underhanded Strike"],"picked":"Prepared+1","floor":19},{"not_picked":["Skewer","Setup"],"picked":"Crippling Poison","floor":20},{"not_picked":["Prepared+1","Tactician"],"picked":"Caltrops","floor":24},{"not_picked":["Caltrops","Underhanded Strike"],"picked":"Backflip","floor":29},{"not_picked":["Setup","Deflect"],"picked":"Cloak And Dagger","floor":30},{"not_picked":["Concentrate","Sucker Punch"],"picked":"Blur","floor":31},{"not_picked":["Die Die Die","A Thousand Cuts"],"picked":"After Image","floor":33},{"not_picked":["Underhanded Strike","Expertise+1"],"picked":"Skewer+1","floor":35},{"not_picked":["Cloak And Dagger","PiercingWail"],"picked":"Choke+1","floor":37},{"not_picked":["All Out Attack","Corpse Explosion"],"picked":"Escape Plan","floor":42}],"player_experience":1900203,"relics_obtained":[{"floor":7,"key":"Happy Flower"},{"floor":9,"key":"Smiling Mask"},{"floor":12,"key":"Dodecahedron"},{"floor":14,"key":"Lantern"},{"floor":24,"key":"Pantograph"},{"floor":26,"key":"Calipers"},{"floor":27,"key":"Blood Vial"},{"floor":30,"key":"Pen Nib"},{"floor":37,"key":"Mango"},{"floor":42,"key":"Ornamental Fan"}],"event_choices":[{"damage_healed":0,"gold_gain":0,"player_choice":"Leave","damage_taken":0,"max_hp_gain":0,"max_hp_loss":0,"event_name":"The Cleric","floor":2,"gold_loss":0},{"damage_healed":0,"gold_gain":75,"player_choice":"Gather Gold","damage_taken":11,"max_hp_gain":0,"max_hp_loss":0,"event_name":"World of Goop","floor":3,"gold_loss":0},{"damage_healed":0,"gold_gain":55,"player_choice":"Gained Gold","damage_taken":0,"max_hp_gain":0,"max_hp_loss":0,"event_name":"Golden Wing","floor":4,"gold_loss":0},{"cards_removed":["Strike_G"],"damage_healed":0,"gold_gain":0,"player_choice":"Gave Gold","damage_taken":0,"max_hp_gain":0,"max_hp_loss":0,"event_name":"Beggar","floor":21,"gold_loss":75},{"damage_healed":0,"gold_gain":0,"player_choice":"Fight","damage_taken":0,"max_hp_gain":0,"max_hp_loss":0,"event_name":"Mysterious Sphere","floor":37,"gold_loss":0},{"cards_removed":["Prepared"],"damage_healed":0,"gold_gain":0,"player_choice":"Removed Skill","damage_taken":0,"max_hp_gain":0,"max_hp_loss":0,"event_name":"Falling","floor":38,"gold_loss":0},{"damage_healed":0,"gold_gain":0,"player_choice":"Upgraded","damage_taken":0,"max_hp_gain":0,"max_hp_loss":0,"event_name":"Upgrade Shrine","floor":39,"gold_loss":0,"cards_upgraded":["After Image"]}],"is_beta":false,"boss_relics":[{"not_picked":["Astrolabe","Empty Cage"],"picked":"Runic Dome"},{"not_picked":["HoveringKite","WristBlade"],"picked":"Ring of the Serpent"}],"items_purged_floors":[11,22,41],"is_endless":false,"potions_floor_spawned":[1,5,14,18,20,24,29,42],"killed_by":"Giant Head","ascension_level":20}