{"gold_per_floor":[215,227,246,246,258,258,83,108,120,204,235,247,288,300,312,400,412,438,450,512,536,548,591,623,661,973,985,1027,1055,1067,1160,1172,1256,1268,1298,1310,567,579,592,592,621,621,621,639,639,639,658,687,687,687,687,687,99,134,134],"floor_reached":56,"playtime":3388,"items_purged":["Strike_R","Strike_R"],"score":2003,"play_id":"1c0ad1ca-813f-44fc-bf57-8177a0ba55b1","local_time":"20190425232854","is_ascension_mode":true,"campfire_choices":[{"data":"Uppercut","floor":6.0,"key":"SMITH"},{"data":"Bash","floor":12.0,"key":"SMITH"},{"data":"Flame Barrier","floor":15.0,"key":"SMITH"},{"floor":27.0,"key":"REST"},{"data":"Barricade","floor":32.0,"key":"SMITH"},{"floor":40.0,"key":"RECALL"},{"floor":46.0,"key":"REST"},{"floor":49.0,"key":"REST"},{"data":"Demon Form","floor":52.0,"key":"SMITH"}],"neow_cost":"NONE","seed_source_timestamp":1324667049501687,"circlet_count":0,"master_deck":["AscendersBane","Strike_R","Strike_R","Defend_R","Defend_R","Defend_R","Defend_R","Bash+1","Flame Barrier+1","Uppercut+1","Barricade+1","Anger","Shrug It Off","Headbutt","Havoc","Shrug It Off","Demon Form+1","Feel No Pain","Disarm+1","Sword Boomerang","Clumsy","Offering","Shrug It Off","Shockwave","Feel No Pain","Offering","Dark Embrace","Burning Pact+1","Regret","Feel No Pain+1","Offering","Master of Strategy","Entrench"],"special_seed":0,"relics":["Burning Blood","MawBank","Lantern","Mercury Hourglass","Mummified Hand","Charon\u0027s Ashes","Cursed Key","Omamori","Letter Opener","Old Coin","Champion Belt","Blue Candle","Orrery","Oddly Smooth Stone","Self Forming Clay","DollysMirror","Regal Pillow","Pantograph","Membership Card","Kunai","Ginger"],"potions_floor_usage":[55,55],"damage_taken":[{"damage":6.0,"enemies":"Cultist","floor":1.0,"turns":3.0},{"damage":1.0,"enemies":"Small Slimes","floor":2.0,"turns":5.0},{"damage":0.0,"enemies":"Jaw Worm","floor":3.0,"turns":5.0},{"damage":3.0,"enemies":"Blue Slaver","floor":5.0,"turns":6.0},{"damage":21.0,"enemies":"Lagavulin","floor":8.0,"turns":8.0},{"damage":0.0,"enemies":"2 Fungi Beasts","floor":11.0,"turns":3.0},{"damage":6.0,"enemies":"Gremlin Nob","floor":13.0,"turns":3.0},{"damage":7.0,"enemies":"Slime Boss","floor":16.0,"turns":11.0},{"damage":13.0,"enemies":"3 Byrds","floor":18.0,"turns":4.0},{"damage":2.0,"enemies":"Shell Parasite","floor":21.0,"turns":5.0},{"damage":22.0,"enemies":"Gremlin Leader","floor":23.0,"turns":6.0},{"damage":17.0,"enemies":"Centurion and Healer","floor":24.0,"turns":7.0},{"damage":25.0,"enemies":"Slavers","floor":25.0,"turns":5.0},{"damage":14.0,"enemies":"Book of Stabbing","floor":28.0,"turns":5.0},{"damage":3.0,"enemies":"Cultist and Chosen","floor":29.0,"turns":6.0},{"damage":26.0,"enemies":"Automaton","floor":33.0,"turns":14.0},{"damage":1.0,"enemies":"Orb Walker","floor":35.0,"turns":5.0},{"damage":16.0,"enemies":"3 Darklings","floor":38.0,"turns":6.0},{"damage":12.0,"enemies":"Writhing Mass","floor":39.0,"turns":8.0},{"damage":12.0,"enemies":"Giant Head","floor":41.0,"turns":6.0},{"damage":17.0,"enemies":"Transient","floor":44.0,"turns":5.0},{"damage":28.0,"enemies":"Jaw Worm Horde","floor":47.0,"turns":4.0},{"damage":51.0,"enemies":"Nemesis","floor":48.0,"turns":21.0},{"damage":25.0,"enemies":"Time Eater","floor":50.0,"turns":14.0},{"damage":34.0,"enemies":"Shield and Spear","floor":54.0,"turns":8.0},{"damage":40,"enemies":"The Heart","floor":55,"turns":9}],"seed_played":"-5489677817484220162","potions_obtained":[{"floor":2.0,"key":"Weak Potion"},{"floor":5.0,"key":"GamblersBrew"},{"floor":21.0,"key":"SkillPotion"},{"floor":24.0,"key":"LiquidBronze"},{"floor":28.0,"key":"Energy Potion"},{"floor":29.0,"key":"PowerPotion"},{"floor":33.0,"key":"GamblersBrew"},{"floor":54.0,"key":"BloodPotion"}],"is_trial":false,"path_per_floor":["M","M","M","?","M","R","$","E","T","T","M","R","E","?","R","B",null,"M","$","?","M","?","E","M","E","T","R","E","M","?","T","R","B",null,"M","?","$","M","M","R","E","?","T","M","T","R","M","E","R","B",null,"R","$","E","B",null],"character_chosen":"IRONCLAD","items_purchased":["Anger","Shrug It Off","Oddly Smooth Stone","Self Forming Clay","DollysMirror","Dark Embrace","SkillPotion","Membership Card","Kunai","Offering","Master of Strategy"],"campfire_rested":3,"item_purchase_floors":[7,7,37,37,37,37,53,53,53,53,53],"current_hp_per_floor":[68,73,75,80,80,80,80,65,65,65,71,71,71,71,71,70,78,71,71,71,75,75,59,48,29,29,53,45,48,48,48,48,28,67,72,72,72,62,56,56,50,50,50,39,39,76,54,9,46,52,70,70,70,42,40],"gold":134,"neow_bonus":"HUNDRED_GOLD","is_prod":false,"is_daily":false,"chose_seed":false,"campfire_upgraded":5,"win_rate":0,"timestamp":1556249334,"path_taken":["M","?","M","?","M","R","?","E","T","?","M","R","E","?","R","BOSS","M","$","?","M","?","E","M","E","T","R","E","M","?","?","R","BOSS","M","?","$","M","M","R","E","?","T","M","?","R","M","E","R","BOSS","R","$","E","BOSS"],"build_version":"2019-04-23","purchased_purges":2,"victory":true,"max_hp_per_floor":[75,75,75,80,80,80,80,80,80,80,80,80,80,80,80,80,80,80,80,80,80,80,80,80,80,80,80,80,80,80,80,80,80,80,80,80,80,80,80,80,80,76,76,76,76,76,76,76,76,76,76,76,76,76,76],"card_choices":[{"not_picked":["Havoc","Iron Wave"],"picked":"Flame Barrier","floor":1.0},{"not_picked":["Flex","Perfected Strike"],"picked":"Uppercut","floor":2.0},{"not_picked":["True Grit","Thunderclap"],"picked":"Barricade","floor":3.0},{"not_picked":["Twin Strike","Havoc","Spot Weakness"],"picked":"SKIP","floor":5.0},{"not_picked":["Ghostly Armor","Rupture"],"picked":"Headbutt","floor":8.0},{"not_picked":["Sword Boomerang","Havoc","Evolve"],"picked":"SKIP","floor":11.0},{"not_picked":["Sword Boomerang","Evolve"],"picked":"Havoc","floor":11.0},{"not_picked":["Iron Wave","Pommel Strike"],"picked":"Shrug It Off","floor":13.0},{"not_picked":["Reaper","Fiend Fire"],"picked":"Demon Form","floor":16.0},{"not_picked":["Shrug It Off","Clothesline","Second Wind"],"picked":"SKIP","floor":18.0},{"not_picked":["Burning Pact","Armaments"],"picked":"Feel No Pain","floor":21.0},{"not_picked":["Clash+1","Reckless Charge"],"picked":"Disarm+1","floor":23.0},{"not_picked":["Intimidate","Rupture","Havoc"],"picked":"SKIP","floor":24.0},{"not_picked":["Warcry","Spot Weakness","Thunderclap"],"picked":"SKIP","floor":25.0},{"not_picked":["Perfected Strike","Burning Pact","True Grit"],"picked":"SKIP","floor":28.0},{"not_picked":["Combust","Pommel Strike"],"picked":"Sword Boomerang","floor":29.0},{"not_picked":["Exhume","Feed"],"picked":"Offering","floor":33.0},{"not_picked":["Searing Blow","Warcry"],"picked":"Shrug It Off","floor":34.0},{"not_picked":["Power Through","Pommel Strike"],"picked":"Shockwave","floor":34.0},{"not_picked":["Headbutt","Wild Strike"],"picked":"Feel No Pain","floor":35.0},{"not_picked":["Clothesline","Armaments","Clash"],"picked":"SKIP","floor":38.0},{"not_picked":["Rampage","Body Slam","Clothesline+1"],"picked":"SKIP","floor":39.0},{"not_picked":["Uppercut","Bludgeon"],"picked":"Burning Pact+1","floor":41.0},{"not_picked":["Sever Soul","Wild Strike","Clothesline"],"picked":"SKIP","floor":44.0},{"not_picked":["Wild Strike","Flex","Iron Wave+1"],"picked":"SKIP","floor":47.0},{"not_picked":["Headbutt","Second Wind+1"],"picked":"Feel No Pain+1","floor":48.0},{"not_picked":["Heavy Blade","Second Wind+1"],"picked":"Entrench","floor":54.0}],"player_experience":2458493,"relics_obtained":[{"floor":8.0,"key":"MawBank"},{"floor":9.0,"key":"Lantern"},{"floor":10.0,"key":"Mercury Hourglass"},{"floor":13.0,"key":"Mummified Hand"},{"floor":23.0,"key":"Omamori"},{"floor":25.0,"key":"Letter Opener"},{"floor":26.0,"key":"Old Coin"},{"floor":28.0,"key":"Champion Belt"},{"floor":31.0,"key":"Blue Candle"},{"floor":41.0,"key":"Regal Pillow"},{"floor":48.0,"key":"Pantograph"},{"floor":54.0,"key":"Ginger"}],"event_choices":[{"damage_healed":0.0,"max_hp_gain":5.0,"max_hp_loss":0.0,"gold_gain":0.0,"event_name":"Big Fish","player_choice":"Donut","floor":4.0,"gold_loss":0.0,"damage_taken":0.0},{"damage_healed":0.0,"max_hp_gain":0.0,"max_hp_loss":0.0,"gold_gain":0.0,"event_name":"Dead Adventurer","player_choice":"Searched \u00271\u0027 times","floor":14.0,"gold_loss":0.0,"damage_taken":0.0,"relics_obtained":["Charon\u0027s Ashes"]},{"damage_healed":0.0,"max_hp_gain":0.0,"max_hp_loss":0.0,"gold_gain":50.0,"event_name":"Nest","player_choice":"Stole From Cult","floor":20.0,"gold_loss":0.0,"damage_taken":0.0},{"damage_healed":0.0,"max_hp_gain":0.0,"max_hp_loss":0.0,"gold_gain":0.0,"event_name":"Ghosts","player_choice":"Ignored","floor":22.0,"gold_loss":0.0,"damage_taken":0.0},{"damage_healed":0.0,"max_hp_gain":0.0,"max_hp_loss":0.0,"gold_gain":0.0,"event_name":"Forgotten Altar","player_choice":"Smashed Altar","floor":30.0,"gold_loss":0.0,"damage_taken":0.0,"cards_obtained":["Decay"]},{"cards_removed":["Strike_R"],"damage_healed":0.0,"max_hp_gain":0.0,"max_hp_loss":0.0,"gold_gain":0.0,"event_name":"Falling","player_choice":"Removed Attack","floor":36.0,"gold_loss":0.0,"damage_taken":0.0},{"damage_healed":0.0,"max_hp_gain":0.0,"max_hp_loss":4.0,"gold_gain":0.0,"event_name":"Winding Halls","player_choice":"Max HP","floor":42.0,"gold_loss":0.0,"damage_taken":0.0}],"is_beta":true,"boss_relics":[{"not_picked":["Fusion Hammer","White Beast Statue"],"picked":"Cursed Key"},{"not_picked":["Eternal Feather","Tiny House"],"picked":"Orrery"}],"items_purged_floors":[7,53],"is_endless":false,"potions_floor_spawned":[2,5,21,24,28,29,33,38,41,47,54],"ascension_level":15}