{"gold_per_floor":[114,128,143,163,181,181,193,220,220,220,220,145,78,105,105,181,181,199,199,199,199,28,61,76,104,104,104,122,122,153,153,153,226,226,238,113,129,483,483,483,500,500,500,500,513,513,546,646,646,646,646,646,63,89,89],"floor_reached":56,"playtime":2226,"items_purged":["Strike_B","Strike_B","Strike_B","Strike_B"],"score":1953,"play_id":"e95b6154-3381-48da-8273-a8a7b15c03f6","local_time":"20190409195229","is_ascension_mode":true,"campfire_choices":[{"data":"Coolheaded","floor":6,"key":"SMITH"},{"floor":11,"key":"REST"},{"data":"Electrodynamics","floor":15,"key":"SMITH"},{"floor":29,"key":"REST"},{"floor":32,"key":"REST"},{"data":"Defragment","floor":40,"key":"SMITH"},{"floor":42,"key":"REST"},{"floor":46,"key":"RECALL"},{"data":"Capacitor","floor":49,"key":"SMITH"},{"data":"PanicButton","floor":52,"key":"SMITH"}],"neow_cost":"NONE","seed_source_timestamp":2362581500192000,"circlet_count":0,"master_deck":["AscendersBane","Defend_B","Defend_B","Defend_B","Defend_B","Zap","Dualcast","Coolheaded+1","Gash","Glacier","Electrodynamics+1","Coolheaded","Capacitor+1","Gash","All For One","Static Discharge","Cold Snap","Coolheaded","Defragment+1","Steam+1","Gash","Core Surge","Echo Form","BootSequence","Clumsy","PanicButton+1","PanicButton"],"relics":["Cracked Core","Centennial Puzzle","Blue Candle","Turnip","Juzu Bracelet","Cursed Key","Incense Burner","Darkstone Periapt","Happy Flower","DataDisk","Runic Pyramid","Old Coin","Bird Faced Urn","Calipers","Strawberry","Toy Ornithopter","Sundial"],"potions_floor_usage":[8,25,28,38,55,55],"damage_taken":[{"damage":1,"enemies":"Cultist","floor":1,"turns":3},{"damage":1,"enemies":"2 Louse","floor":2,"turns":4},{"damage":0,"enemies":"Jaw Worm","floor":3,"turns":4},{"damage":3,"enemies":"Exordium Thugs","floor":4,"turns":4},{"damage":9,"enemies":"Blue Slaver","floor":5,"turns":4},{"damage":3,"enemies":"Red Slaver","floor":7,"turns":3},{"damage":35,"enemies":"Gremlin Nob","floor":8,"turns":5},{"damage":3,"enemies":"Lagavulin","floor":14,"turns":10},{"damage":16,"enemies":"Slime Boss","floor":16,"turns":11},{"damage":1,"enemies":"Chosen","floor":18,"turns":5},{"damage":18,"enemies":"Gremlin Leader","floor":23,"turns":5},{"damage":0,"enemies":"Spheric Guardian","floor":24,"turns":5},{"damage":9,"enemies":"Book of Stabbing","floor":25,"turns":5},{"damage":9,"enemies":"Chosen and Byrds","floor":28,"turns":3},{"damage":27,"enemies":"Gremlin Leader","floor":30,"turns":6},{"damage":29,"enemies":"Automaton","floor":33,"turns":8},{"damage":7,"enemies":"3 Shapes","floor":35,"turns":3},{"damage":14,"enemies":"3 Darklings","floor":37,"turns":4},{"damage":6,"enemies":"2 Orb Walkers","floor":38,"turns":4},{"damage":18,"enemies":"Writhing Mass","floor":41,"turns":5},{"damage":0,"enemies":"4 Shapes","floor":45,"turns":3},{"damage":3,"enemies":"Reptomancer","floor":47,"turns":9},{"damage":1,"enemies":"Mind Bloom Boss Battle","floor":48,"turns":6},{"damage":25,"enemies":"Awakened One","floor":50,"turns":12},{"damage":41,"enemies":"Shield and Spear","floor":54,"turns":9},{"damage":7,"enemies":"The Heart","floor":55,"turns":13}],"seed_played":"8361868520543103523","potions_obtained":[{"floor":3,"key":"FocusPotion"},{"floor":7,"key":"Fruit Juice"},{"floor":14,"key":"GamblersBrew"},{"floor":33,"key":"SpeedPotion"},{"floor":37,"key":"Regen Potion"},{"floor":45,"key":"SmokeBomb"}],"is_trial":false,"path_per_floor":["M","M","M","M","M","R","M","E","T","?","R","$","$","E","R","B",null,"M","?","?","?","$","E","M","E","T","$","M","R","E","?","R","B",null,"M","$","M","?","?","R","M","R","T","?","M","R","E","?","R","B",null,"R","$","E","B",null],"character_chosen":"DEFECT","items_purchased":["Capacitor","Gash","Coolheaded","Strawberry","Ancient Potion","Toy Ornithopter"],"campfire_rested":4,"item_purchase_floors":[13,22,22,53,53,53],"current_hp_per_floor":[63,62,62,59,50,50,47,17,17,17,39,39,39,36,36,20,62,61,61,61,61,61,43,43,34,40,40,31,55,28,28,52,23,67,60,60,46,52,52,52,34,58,64,54,54,54,51,64,64,53,79,79,86,57,74],"gold":89,"neow_bonus":"RANDOM_COMMON_RELIC","is_prod":false,"is_daily":false,"chose_seed":false,"campfire_upgraded":5,"win_rate":0,"timestamp":1554853949,"path_taken":["M","M","?","M","M","R","M","E","T","?","R","?","$","E","R","BOSS","M","?","?","?","$","E","M","E","T","?","M","R","E","?","R","BOSS","M","$","M","?","?","R","M","R","T","?","M","R","E","?","R","BOSS","R","$","E","BOSS"],"build_version":"2019-04-04","purchased_purges":4,"victory":true,"max_hp_per_floor":[71,71,71,71,71,71,71,76,76,76,76,76,76,76,76,76,76,76,76,76,76,76,76,76,76,82,82,82,82,82,82,82,82,82,82,82,82,82,82,82,82,82,88,88,88,88,88,88,88,88,88,88,95,95,95],"card_choices":[{"not_picked":["Rebound","Reprogram","Go for the Eyes"],"picked":"SKIP","floor":1},{"not_picked":["Aggregate","Hyperbeam"],"picked":"Coolheaded","floor":2},{"not_picked":["Stack","Leap"],"picked":"Gash","floor":3},{"not_picked":["Stack","Fusion"],"picked":"Glacier","floor":4},{"not_picked":["Sweeping Beam","Ball Lightning"],"picked":"Electrodynamics","floor":5},{"not_picked":["Barrage","Hologram"],"picked":"Coolheaded","floor":7},{"not_picked":["Consume","Hello World","Aggregate"],"picked":"SKIP","floor":8},{"not_picked":["Compile Driver","Meteor Strike"],"picked":"Gash","floor":14},{"not_picked":["Amplify","Fission"],"picked":"All For One","floor":16},{"not_picked":["Scrape","Lockon","Hello World+1"],"picked":"SKIP","floor":18},{"not_picked":["Redo","Loop"],"picked":"Defragment","floor":23},{"not_picked":["Leap","Redo"],"picked":"Steam+1","floor":24},{"not_picked":["Fusion","Steam Power","Redo+1"],"picked":"SKIP","floor":25},{"not_picked":["Stack","Hello World"],"picked":"Gash","floor":28},{"not_picked":["Rip and Tear","Compile Driver"],"picked":"Core Surge","floor":30},{"not_picked":["Buffer","Core Surge"],"picked":"Echo Form","floor":33},{"not_picked":["Barrage+1","Coolheaded","Fusion"],"picked":"SKIP","floor":35},{"not_picked":["Scrape","Go for the Eyes"],"picked":"BootSequence","floor":37},{"not_picked":["Force Field","Compile Driver","Rip and Tear"],"picked":"SKIP","floor":41},{"not_picked":["Trip","Transmutation"],"picked":"PanicButton","floor":44},{"not_picked":["Panache","Thinking Ahead"],"picked":"PanicButton","floor":44},{"not_picked":["Blizzard","Turbo","Ball Lightning"],"picked":"SKIP","floor":45},{"not_picked":["Doom and Gloom+1","Barrage+1","Steam Power"],"picked":"SKIP","floor":47},{"not_picked":["Beam Cell+1","Coolheaded","Lockon"],"picked":"SKIP","floor":54}],"player_experience":2381022,"relics_obtained":[{"floor":8,"key":"Blue Candle"},{"floor":9,"key":"Turnip"},{"floor":14,"key":"Juzu Bracelet"},{"floor":23,"key":"Incense Burner"},{"floor":25,"key":"Darkstone Periapt"},{"floor":26,"key":"Happy Flower"},{"floor":30,"key":"DataDisk"},{"floor":38,"key":"Old Coin"},{"floor":47,"key":"Bird Faced Urn"},{"floor":48,"key":"Calipers"},{"floor":54,"key":"Sundial"}],"event_choices":[{"damage_healed":0,"gold_gain":0,"player_choice":"Ignored","damage_taken":0,"max_hp_gain":0,"max_hp_loss":0,"event_name":"Shining Light","floor":10,"gold_loss":0},{"damage_healed":0,"gold_gain":0,"player_choice":"Ignored","damage_taken":0,"max_hp_gain":0,"max_hp_loss":0,"event_name":"Vampires","floor":19,"gold_loss":0},{"damage_healed":0,"gold_gain":0,"player_choice":"Got Potions","damage_taken":0,"max_hp_gain":0,"max_hp_loss":0,"event_name":"Lab","floor":20,"gold_loss":0},{"damage_healed":0,"gold_gain":0,"player_choice":"2 cards matched","damage_taken":0,"max_hp_gain":0,"max_hp_loss":0,"event_name":"Match and Keep!","floor":21,"gold_loss":0,"cards_obtained":["Static Discharge","Cold Snap"]},{"cards_removed":["Clumsy"],"damage_healed":0,"gold_gain":0,"player_choice":"Purged","damage_taken":0,"max_hp_gain":0,"max_hp_loss":0,"event_name":"Purifier","floor":31,"gold_loss":0},{"damage_healed":0,"gold_gain":0,"player_choice":"Fight","damage_taken":0,"max_hp_gain":0,"max_hp_loss":0,"event_name":"Mysterious Sphere","floor":38,"gold_loss":0},{"cards_removed":["Gash"],"damage_healed":0,"gold_gain":0,"player_choice":"Removed Attack","damage_taken":0,"max_hp_gain":0,"max_hp_loss":0,"event_name":"Falling","floor":39,"gold_loss":0},{"damage_healed":0,"gold_gain":0,"player_choice":"Memory 3","damage_taken":10,"max_hp_gain":0,"max_hp_loss":0,"event_name":"SensoryStone","floor":44,"gold_loss":0},{"damage_healed":0,"gold_gain":0,"player_choice":"Fight","damage_taken":0,"max_hp_gain":0,"max_hp_loss":0,"event_name":"MindBloom","floor":48,"gold_loss":0}],"is_beta":true,"boss_relics":[{"not_picked":["Calling Bell","Busted Crown"],"picked":"Cursed Key"},{"not_picked":["Fusion Hammer","Sozu"],"picked":"Runic Pyramid"}],"items_purged_floors":[12,22,36,53],"is_endless":false,"potions_floor_spawned":[3,7,14,24,33,37,45,47,54],"ascension_level":15}