{"gold_per_floor":[116,216,228,153,171,171,199,219,219,231,269,299,14,39,39,116,116,129,129,142,142,142,142,142,176,176,190,200,232,232,260,260,335,335,351,366,366,241,241,266,227,227,227,257,257,287,137,153,153,153,153,153,105,139,139],"floor_reached":55,"playtime":1535,"items_purged":["Strike_R","Strike_R","Strike_R"],"score":1498,"play_id":"d13478c4-b6d2-4d91-8984-9bc15271f5c9","local_time":"20190319234144","is_ascension_mode":true,"campfire_choices":[{"data":"Perfected Strike","floor":6,"key":"SMITH"},{"data":"Perfected Strike","floor":10,"key":"SMITH"},{"data":"Pommel Strike","floor":15,"key":"SMITH"},{"data":"Battle Trance","floor":23,"key":"SMITH"},{"data":"Perfected Strike","floor":32,"key":"SMITH"},{"floor":42,"key":"RECALL"},{"data":"Flame Barrier","floor":45,"key":"SMITH"},{"data":"Shrug It Off","floor":49,"key":"SMITH"},{"floor":52,"key":"REST"}],"neow_cost":"NONE","seed_source_timestamp":562496295027399,"circlet_count":0,"master_deck":["AscendersBane","Strike_R","Strike_R","Defend_R","Defend_R+1","Defend_R","Bash+1","Perfected Strike+1","Battle Trance+1","Twin Strike","Pommel Strike","Perfected Strike+1","Reaper","Pommel Strike+1","Impervious+1","True Grit+1","Pommel Strike+1","Perfected Strike+1","Demon Form","Flame Barrier+1","Corruption","Clothesline+1","Shrug It Off+1","Inflame+1","Barricade"],"relics":["Burning Blood","PreservedInsect","MawBank","Mercury Hourglass","Medical Kit","Lantern","Velvet Choker","Enchiridion","War Paint","Gremlin Horn","Art of War","Oddly Smooth Stone","Runic Dome","Ornamental Fan","Prayer Wheel","Bag of Marbles","Orichalcum","Mummified Hand"],"potions_floor_usage":[7,16,33,33,33,33,50,55,55],"damage_taken":[{"damage":13,"enemies":"Small Slimes","floor":1,"turns":5},{"damage":1,"enemies":"Cultist","floor":3,"turns":3},{"damage":1,"enemies":"2 Louse","floor":5,"turns":2},{"damage":15,"enemies":"3 Sentries","floor":7,"turns":6},{"damage":6,"enemies":"Looter","floor":8,"turns":2},{"damage":15,"enemies":"Lagavulin","floor":11,"turns":4},{"damage":0,"enemies":"2 Fungi Beasts","floor":12,"turns":2},{"damage":0,"enemies":"Gremlin Nob","floor":14,"turns":2},{"damage":32,"enemies":"Hexaghost","floor":16,"turns":7},{"damage":12,"enemies":"2 Thieves","floor":18,"turns":4},{"damage":0,"enemies":"Spheric Guardian","floor":19,"turns":2},{"damage":14,"enemies":"Centurion and Healer","floor":20,"turns":3},{"damage":0,"enemies":"Gremlin Leader","floor":25,"turns":3},{"damage":0,"enemies":"Snecko","floor":27,"turns":3},{"damage":3,"enemies":"Chosen and Byrds","floor":28,"turns":4},{"damage":21,"enemies":"Book of Stabbing","floor":29,"turns":2},{"damage":0,"enemies":"Gremlin Leader","floor":31,"turns":3},{"damage":56,"enemies":"Collector","floor":33,"turns":10},{"damage":4,"enemies":"3 Darklings","floor":35,"turns":3},{"damage":12,"enemies":"3 Shapes","floor":36,"turns":3},{"damage":20,"enemies":"Giant Head","floor":40,"turns":6},{"damage":11,"enemies":"Nemesis","floor":44,"turns":5},{"damage":17,"enemies":"Reptomancer","floor":46,"turns":5},{"damage":0,"enemies":"Jaw Worm Horde","floor":48,"turns":1},{"damage":77,"enemies":"Time Eater","floor":50,"turns":9},{"damage":33,"enemies":"Shield and Spear","floor":54,"turns":4},{"damage":70,"enemies":"The Heart","floor":55,"turns":6}],"seed_played":"-2495044951854272446","potions_obtained":[{"floor":1,"key":"Fire Potion"},{"floor":8,"key":"EntropicBrew"},{"floor":12,"key":"Weak Potion"},{"floor":20,"key":"Swift Potion"},{"floor":29,"key":"BloodPotion"},{"floor":35,"key":"Ancient Potion"},{"floor":36,"key":"AttackPotion"}],"is_trial":false,"path_per_floor":["M","?","M","$","M","R","E","M","T","R","E","M","$","E","R","B",null,"M","M","M","?","?","R","?","E","T","M","M","E","?","E","R","B",null,"M","M","?","$","?","E","$","R","T","E","R","E","$","M","R","B",null,"R","$","E","B"],"character_chosen":"IRONCLAD","items_purchased":["Medical Kit","Corruption","Orichalcum","PowerPotion"],"campfire_rested":1,"item_purchase_floors":[13,41,47,53],"current_hp_per_floor":[61,61,66,66,71,71,62,62,62,62,53,59,59,65,65,39,66,66,75,75,75,54,54,33,39,39,45,54,39,39,51,51,15,64,74,68,68,68,68,70,70,70,70,65,65,54,54,60,60,11,63,80,80,53,0],"gold":139,"neow_bonus":"UPGRADE_CARD","is_prod":false,"is_daily":false,"chose_seed":false,"campfire_upgraded":7,"win_rate":0,"timestamp":1553053304,"path_taken":["M","?","M","$","M","R","E","M","T","R","E","M","?","E","R","BOSS","M","M","M","?","?","R","?","E","T","M","M","E","?","E","R","BOSS","M","M","?","$","?","E","$","R","T","E","R","E","$","M","R","BOSS","R","$","E","BOSS"],"build_version":"2019-03-15","purchased_purges":3,"victory":false,"max_hp_per_floor":[75,75,75,75,75,75,75,75,75,75,75,75,75,75,75,75,75,75,75,75,75,75,75,80,80,80,80,80,80,80,80,80,80,80,80,80,80,80,80,80,80,80,80,80,80,80,80,80,80,80,80,80,80,80,80],"card_choices":[{"not_picked":["Warcry","Clash"],"picked":"Perfected Strike","floor":1},{"not_picked":["Feel No Pain","True Grit"],"picked":"Battle Trance","floor":3},{"not_picked":["Dropkick","Body Slam"],"picked":"Twin Strike","floor":5},{"not_picked":["Body Slam","Shockwave"],"picked":"Pommel Strike","floor":7},{"not_picked":["Havoc","Sentinel"],"picked":"Perfected Strike","floor":8},{"not_picked":["Clash","Infernal Blade"],"picked":"Reaper","floor":11},{"not_picked":["Anger","Sword Boomerang","Dropkick"],"picked":"SKIP","floor":12},{"not_picked":["Dual Wield","Warcry"],"picked":"Pommel Strike","floor":14},{"not_picked":["Brutality","Demon Form"],"picked":"Impervious","floor":16},{"not_picked":["Battle Trance","Blood for Blood"],"picked":"True Grit+1","floor":18},{"not_picked":["Warcry","Iron Wave"],"picked":"Pommel Strike+1","floor":19},{"not_picked":["Evolve","Combust","Clothesline"],"picked":"SKIP","floor":20},{"not_picked":["Inflame","Clash","Infernal Blade"],"picked":"SKIP","floor":25},{"not_picked":["Body Slam","Spot Weakness"],"picked":"Perfected Strike","floor":27},{"not_picked":["Flex","Anger","Heavy Blade"],"picked":"SKIP","floor":28},{"not_picked":["Reckless Charge","Searing Blow","Whirlwind+1"],"picked":"SKIP","floor":29},{"not_picked":["Thunderclap","Headbutt","Limit Break"],"picked":"SKIP","floor":31},{"not_picked":["Feed","Offering"],"picked":"Demon Form","floor":33},{"not_picked":["Blood for Blood","Thunderclap"],"picked":"Flame Barrier","floor":35},{"not_picked":["Cleave","Dual Wield","Flex"],"picked":"SKIP","floor":36},{"not_picked":["Headbutt","Sever Soul","Dark Embrace"],"picked":"SKIP","floor":40},{"not_picked":["Pummel","Iron Wave","Body Slam"],"picked":"SKIP","floor":44},{"not_picked":["Power Through","Shrug It Off"],"picked":"Clothesline+1","floor":46},{"not_picked":["Wild Strike","Flex"],"picked":"Shrug It Off","floor":48},{"not_picked":["Twin Strike","Thunderclap"],"picked":"Inflame+1","floor":48},{"not_picked":["Rage","Perfected Strike"],"picked":"Barricade","floor":54}],"player_experience":2231488,"relics_obtained":[{"floor":7,"key":"PreservedInsect"},{"floor":9,"key":"MawBank"},{"floor":11,"key":"Mercury Hourglass"},{"floor":14,"key":"Lantern"},{"floor":22,"key":"Enchiridion"},{"floor":25,"key":"War Paint"},{"floor":26,"key":"Gremlin Horn"},{"floor":29,"key":"Art of War"},{"floor":31,"key":"Oddly Smooth Stone"},{"floor":40,"key":"Ornamental Fan"},{"floor":44,"key":"Prayer Wheel"},{"floor":46,"key":"Bag of Marbles"},{"floor":54,"key":"Mummified Hand"}],"event_choices":[{"damage_healed":0,"gold_gain":100,"player_choice":"Gold","damage_taken":0,"max_hp_gain":0,"max_hp_loss":0,"event_name":"Wheel of Change","floor":2,"gold_loss":0},{"damage_healed":0,"gold_gain":0,"player_choice":"Ignored","damage_taken":0,"max_hp_gain":0,"max_hp_loss":0,"event_name":"The Mausoleum","floor":21,"gold_loss":0},{"damage_healed":0,"gold_gain":0,"player_choice":"Obtained Book","damage_taken":21,"max_hp_gain":0,"max_hp_loss":0,"event_name":"Cursed Tome","floor":22,"gold_loss":0},{"damage_healed":0,"gold_gain":0,"player_choice":"Shed Blood","damage_taken":26,"max_hp_gain":5,"max_hp_loss":0,"event_name":"Forgotten Altar","floor":24,"gold_loss":0},{"damage_healed":0,"gold_gain":0,"player_choice":"Ignored","damage_taken":0,"max_hp_gain":0,"max_hp_loss":0,"event_name":"Vampires","floor":30,"gold_loss":0},{"damage_healed":0,"gold_gain":0,"player_choice":"Ignored","damage_taken":0,"max_hp_gain":0,"max_hp_loss":0,"event_name":"Tomb of Lord Red Mask","floor":37,"gold_loss":0},{"cards_removed":["Defend_R"],"damage_healed":0,"gold_gain":0,"player_choice":"Removed Skill","damage_taken":0,"max_hp_gain":0,"max_hp_loss":0,"event_name":"Falling","floor":39,"gold_loss":0}],"is_beta":true,"boss_relics":[{"not_picked":["Sozu","Philosopher\u0027s Stone"],"picked":"Velvet Choker"},{"not_picked":["Tiny House","Calling Bell"],"picked":"Runic Dome"}],"items_purged_floors":[4,13,38],"is_endless":false,"potions_floor_spawned":[1,8,12,14,20,27,29,35,36,48],"killed_by":"The Heart","ascension_level":15}