{"gold_per_floor":[112,31,47,47,47,47,78,91,121,133,151,161,161,187,187,187],"floor_reached":16,"playtime":358,"items_purged":[],"score":274,"play_id":"7765929b-9342-4d02-8af0-d80395d0f038","local_time":"20190110223854","is_ascension_mode":true,"campfire_choices":[{"data":"Zap","floor":6,"key":"SMITH"},{"data":"Genetic Algorithm","floor":13,"key":"SMITH"},{"data":"Fission","floor":15,"key":"SMITH"}],"neow_cost":"NONE","seed_source_timestamp":135494014433918,"circlet_count":0,"master_deck":["AscendersBane","Strike_B","Strike_B","Strike_B","Defend_B","Defend_B","Defend_B","Defend_B","Zap+1","Dualcast","Conserve Battery","Glacier","Cold Snap","Ball Lightning","Sweeping Beam","FTL","Genetic Algorithm+1","Conserve Battery","Fission+1"],"relics":["Cracked Core","NeowsBlessing","Symbiotic Virus","Tiny Chest","Regal Pillow"],"potions_floor_usage":[11,14,16],"damage_taken":[{"damage":0,"enemies":"Cultist","floor":1,"turns":1},{"damage":0,"enemies":"Jaw Worm","floor":3,"turns":1},{"damage":0,"enemies":"Lagavulin","floor":7,"turns":1},{"damage":0,"enemies":"2 Louse","floor":8,"turns":3},{"damage":1,"enemies":"Blue Slaver","floor":10,"turns":3},{"damage":0,"enemies":"Lots of Slimes","floor":11,"turns":1},{"damage":14,"enemies":"Exordium Thugs","floor":12,"turns":4},{"damage":8,"enemies":"Gremlin Nob","floor":14,"turns":3},{"damage":46,"enemies":"Hexaghost","floor":16,"turns":9}],"seed_played":"6599792064157232545","potions_obtained":[{"floor":3,"key":"Explosive Potion"},{"floor":7,"key":"Fire Potion"},{"floor":11,"key":"LiquidBronze"}],"is_trial":false,"path_per_floor":["M","$","M","?","$","R","E","M","T","M","M","M","R","E","R","B"],"character_chosen":"DEFECT","items_purchased":["Glacier"],"campfire_rested":0,"item_purchase_floors":[2],"current_hp_per_floor":[64,64,64,64,64,64,64,64,64,63,63,49,49,41,41,0],"gold":187,"neow_bonus":"THREE_ENEMY_KILL","is_prod":false,"is_daily":false,"chose_seed":false,"campfire_upgraded":3,"win_rate":0,"timestamp":1547185134,"path_taken":["M","$","?","?","$","R","E","?","T","M","M","M","R","E","R","BOSS"],"build_version":"2019-01-09","purchased_purges":0,"victory":false,"max_hp_per_floor":[71,71,71,71,71,71,71,71,71,71,71,71,71,71,71,71],"card_choices":[{"not_picked":["Static Discharge","Consume"],"picked":"Conserve Battery","floor":1},{"not_picked":["Aggregate","Loop"],"picked":"Cold Snap","floor":3},{"not_picked":["Coolheaded","Gash"],"picked":"Ball Lightning","floor":7},{"not_picked":["Rip and Tear","Beam Cell"],"picked":"Sweeping Beam","floor":8},{"not_picked":["Sweeping Beam","Hello World"],"picked":"FTL","floor":10},{"not_picked":["Melter","Sweeping Beam"],"picked":"Genetic Algorithm","floor":11},{"not_picked":["Tempest","Leap"],"picked":"Conserve Battery","floor":12},{"not_picked":["Gash","Barrage"],"picked":"Fission","floor":14}],"player_experience":1035451,"relics_obtained":[{"floor":7,"key":"Symbiotic Virus"},{"floor":9,"key":"Tiny Chest"},{"floor":14,"key":"Regal Pillow"}],"event_choices":[{"cards_removed":["Strike_B"],"damage_healed":0,"gold_gain":0,"player_choice":"Purged","damage_taken":0,"max_hp_gain":0,"max_hp_loss":0,"event_name":"Purifier","floor":4,"gold_loss":0}],"is_beta":true,"boss_relics":[],"items_purged_floors":[],"is_endless":false,"potions_floor_spawned":[3,7,10,11,12],"killed_by":"Hexaghost","ascension_level":20}