{"gold_per_floor":[111,128,140,156,156,190,190,215,215,215,228,228,228,238,238,310,310,325,325,39,57,67,67,92,92,92,92,92,108,108,122,122,198,198,216,75,75,93,105,105,105],"floor_reached":41,"playtime":2797,"items_purged":["Strike_R"],"score":846,"play_id":"56af828c-c342-4330-b2c5-8dfe32e87555","local_time":"20190319002812","is_ascension_mode":true,"campfire_choices":[{"data":"Havoc","floor":7,"key":"SMITH"},{"floor":13,"key":"REST"},{"data":"Feel No Pain","floor":15,"key":"SMITH"},{"floor":23,"key":"REST"},{"floor":25,"key":"REST"},{"data":"Bludgeon","floor":27,"key":"SMITH"},{"data":"Flame Barrier","floor":30,"key":"SMITH"},{"data":"Immolate","floor":32,"key":"SMITH"},{"data":"Limit Break","floor":40,"key":"SMITH"}],"neow_cost":"NONE","seed_source_timestamp":166563469593119,"circlet_count":0,"master_deck":["AscendersBane","Strike_R","Strike_R","Strike_R","Strike_R","Defend_R","Defend_R","Defend_R","Defend_R","Bash","Anger","Wild Strike","Clothesline","Feel No Pain+1","Havoc+1","Flame Barrier+1","Bludgeon+1","Sever Soul","Feed+1","Reckless Charge","Spot Weakness","Immolate+1","Ghostly","Ghostly","Ghostly","Reckless Charge","Limit Break+1","Sever Soul+1","Feel No Pain","Pain"],"relics":["Burning Blood","Ancient Tea Set","Turnip","Pear","Question Card","Mercury Hourglass","Lizard Tail","ClockworkSouvenir","Shuriken","Dodecahedron","Cursed Key","WarpedTongs"],"potions_floor_usage":[6,16,16,16,18,22,33,33,38,39],"damage_taken":[{"damage":2,"enemies":"Cultist","floor":1,"turns":4},{"damage":3,"enemies":"Small Slimes","floor":2,"turns":3},{"damage":6,"enemies":"Jaw Worm","floor":3,"turns":5},{"damage":6,"enemies":"2 Fungi Beasts","floor":4,"turns":4},{"damage":31,"enemies":"3 Sentries","floor":6,"turns":11},{"damage":31,"enemies":"Lagavulin","floor":8,"turns":7},{"damage":14,"enemies":"Exordium Thugs","floor":11,"turns":5},{"damage":0,"enemies":"Large Slime","floor":14,"turns":6},{"damage":32,"enemies":"Hexaghost","floor":16,"turns":9},{"damage":24,"enemies":"Spheric Guardian","floor":18,"turns":6},{"damage":19,"enemies":"3 Byrds","floor":21,"turns":4},{"damage":26,"enemies":"Cultist and Chosen","floor":22,"turns":7},{"damage":63,"enemies":"Slavers","floor":24,"turns":6},{"damage":3,"enemies":"Snake Plant","floor":29,"turns":3},{"damage":15,"enemies":"Chosen and Byrds","floor":31,"turns":6},{"damage":43,"enemies":"Collector","floor":33,"turns":9},{"damage":12,"enemies":"Orb Walker","floor":35,"turns":3},{"damage":20,"enemies":"3 Shapes","floor":38,"turns":5},{"damage":8,"enemies":"3 Darklings","floor":39,"turns":3},{"damage":55,"enemies":"Nemesis","floor":41,"turns":6}],"seed_played":"-6700568476255483154","potions_obtained":[{"floor":3,"key":"SpeedPotion"},{"floor":4,"key":"EssenceOfSteel"},{"floor":11,"key":"Strength Potion"},{"floor":12,"key":"EntropicBrew"},{"floor":16,"key":"BloodPotion"},{"floor":21,"key":"Weak Potion"},{"floor":24,"key":"Ancient Potion"},{"floor":29,"key":"Block Potion"},{"floor":33,"key":"EssenceOfSteel"},{"floor":38,"key":"Fire Potion"}],"is_trial":false,"path_per_floor":["M","M","M","M","?","E","R","E","T","T","M","?","R","M","R","B",null,"M","?","$","M","M","R","E","R","T","R","?","M","R","M","R","B",null,"M","$","?","M","M","R","E"],"character_chosen":"IRONCLAD","items_purchased":["ClockworkSouvenir","Feel No Pain","Strength Potion"],"campfire_rested":3,"item_purchase_floors":[20,36,36],"current_hp_per_floor":[79,82,82,82,71,46,46,31,31,31,23,23,50,56,56,30,77,68,68,68,59,39,67,10,38,38,38,38,41,41,36,36,30,47,41,41,41,27,29,29,0],"gold":105,"neow_bonus":"TEN_PERCENT_HP_BONUS","is_prod":false,"is_daily":false,"chose_seed":false,"campfire_upgraded":6,"win_rate":0,"timestamp":1552969692,"path_taken":["M","M","?","M","?","E","R","E","T","?","M","?","R","M","R","BOSS","M","?","?","M","M","R","E","R","T","R","?","M","R","M","R","BOSS","M","$","?","?","M","R","E"],"build_version":"2019-01-23","purchased_purges":1,"victory":false,"max_hp_per_floor":[82,82,82,82,82,82,82,92,92,92,92,92,92,92,92,92,92,92,92,92,96,96,96,96,96,96,96,48,48,48,52,52,52,52,52,52,52,52,56,56,56],"card_choices":[{"not_picked":["Clash","Heavy Blade"],"picked":"Anger","floor":1},{"not_picked":["Iron Wave","Dropkick"],"picked":"Wild Strike","floor":2},{"not_picked":["Inflame","Clash"],"picked":"Clothesline","floor":3},{"not_picked":["Reckless Charge","Body Slam"],"picked":"Feel No Pain","floor":4},{"not_picked":["Wild Strike","Anger"],"picked":"Havoc","floor":6},{"not_picked":["Fire Breathing","Rage"],"picked":"Flame Barrier","floor":8},{"not_picked":["Warcry","Twin Strike","Shrug It Off"],"picked":"Bludgeon","floor":11},{"not_picked":["Reckless Charge","Sentinel","Infernal Blade"],"picked":"Sever Soul","floor":14},{"not_picked":["Berserk","Offering","Exhume"],"picked":"Feed","floor":16},{"not_picked":["Shrug It Off","Sentinel","Combust+1"],"picked":"Reckless Charge","floor":18},{"not_picked":["Clash","Havoc","Anger","Armaments"],"picked":"SKIP","floor":21},{"not_picked":["Perfected Strike","Anger","Shrug It Off"],"picked":"Spot Weakness","floor":22},{"not_picked":["Anger","Flex","Thunderclap"],"picked":"Immolate","floor":24},{"not_picked":["Perfected Strike","Rupture","Flex"],"picked":"Reckless Charge","floor":29},{"not_picked":["Headbutt","Wild Strike","Entrench+1","Clash"],"picked":"SKIP","floor":31},{"not_picked":["Berserk","Juggernaut","Exhume"],"picked":"Limit Break","floor":33},{"not_picked":["Headbutt","Iron Wave","Dropkick"],"picked":"Sever Soul+1","floor":35},{"not_picked":["Searing Blow","Dual Wield","Flame Barrier","Sword Boomerang"],"picked":"SKIP","floor":38},{"not_picked":["Clothesline","Body Slam","Twin Strike","Whirlwind"],"picked":"SKIP","floor":39}],"player_experience":1239915,"relics_obtained":[{"floor":6,"key":"Turnip"},{"floor":8,"key":"Pear"},{"floor":9,"key":"Question Card"},{"floor":10,"key":"Mercury Hourglass"},{"floor":24,"key":"Shuriken"},{"floor":26,"key":"Dodecahedron"}],"event_choices":[{"damage_healed":0,"gold_gain":0,"player_choice":"Success","damage_taken":11,"relics_obtained":["Ancient Tea Set"],"max_hp_gain":0,"max_hp_loss":0,"event_name":"Scrap Ooze","floor":5,"gold_loss":0},{"damage_healed":0,"gold_gain":0,"player_choice":"Got Potions","damage_taken":0,"max_hp_gain":0,"max_hp_loss":0,"event_name":"Lab","floor":12,"gold_loss":0},{"damage_healed":0,"gold_gain":0,"player_choice":"Upgraded","damage_taken":0,"max_hp_gain":0,"max_hp_loss":0,"event_name":"Upgrade Shrine","floor":19,"gold_loss":0,"cards_upgraded":["Feed"]},{"damage_healed":0,"gold_gain":0,"player_choice":"Became a Ghost","damage_taken":0,"max_hp_gain":0,"max_hp_loss":48,"event_name":"Ghosts","floor":28,"gold_loss":0,"cards_obtained":["Ghostly","Ghostly","Ghostly"]},{"damage_healed":0,"gold_gain":0,"player_choice":"Rummage","damage_taken":0,"relics_obtained":["WarpedTongs"],"max_hp_gain":0,"max_hp_loss":0,"event_name":"Accursed Blacksmith","floor":37,"gold_loss":0,"cards_obtained":["Pain"]}],"is_beta":false,"boss_relics":[{"not_picked":["Runic Cube","Empty Cage"],"picked":"Lizard Tail"},{"not_picked":["Tiny House","Philosopher\u0027s Stone"],"picked":"Cursed Key"}],"items_purged_floors":[20],"is_endless":false,"potions_floor_spawned":[3,4,11,16,21,24,29,33,38],"killed_by":"Nemesis","ascension_level":20}