{"gold_per_floor":[109,109,132,132,146,146,162,162,244,244,280,280,315,338,338,431,431,446,462,377,377,377],"floor_reached":22,"playtime":1114,"items_purged":[],"score":388,"play_id":"8123eb8e-b624-4f11-bda4-fe33db52ed68","local_time":"20190502092819","is_ascension_mode":true,"campfire_choices":[{"data":"Zap","floor":6.0,"key":"SMITH"},{"data":"Go for the Eyes","floor":8.0,"key":"SMITH"},{"data":"Hologram","floor":10.0,"key":"SMITH"},{"data":"Coolheaded","floor":12,"key":"SMITH"},{"data":"Sweeping Beam","floor":15,"key":"SMITH"}],"neow_cost":"PERCENT_DAMAGE","seed_source_timestamp":832712651577772,"circlet_count":0,"master_deck":["AscendersBane","Strike_B","Strike_B","Strike_B","Defend_B","Defend_B","Defend_B","Defend_B","Zap+1","Dualcast","Coolheaded+1","Go for the Eyes+1","Double Energy","Hologram+1","Cold Snap","Cold Snap","Sweeping Beam+1","Electrodynamics","Hyperbeam","Reinforced Body","Sunder"],"special_seed":0,"relics":["Cracked Core","Peace Pipe","Golden Idol","Pantograph","Bag of Preparation","Bottled Lightning","Sozu","Kunai","NlothsMask"],"potions_floor_usage":[11,16,16,18],"damage_taken":[{"damage":7.0,"enemies":"Small Slimes","floor":1.0,"turns":3.0},{"damage":0.0,"enemies":"2 Louse","floor":3.0,"turns":3.0},{"damage":0.0,"enemies":"Cultist","floor":5.0,"turns":4.0},{"damage":6.0,"enemies":"Exordium Wildlife","floor":7.0,"turns":4.0},{"damage":1,"enemies":"Lagavulin","floor":11,"turns":8},{"damage":17,"enemies":"3 Sentries","floor":13,"turns":7},{"damage":2,"enemies":"Looter","floor":14,"turns":3},{"damage":25,"enemies":"The Guardian","floor":16,"turns":15},{"damage":20,"enemies":"Chosen","floor":18,"turns":4},{"damage":8,"enemies":"3 Byrds","floor":19,"turns":4},{"damage":27,"enemies":"Shelled Parasite and Fungi","floor":22,"turns":1}],"seed_played":"5854246458827227846","potions_obtained":[{"floor":7.0,"key":"FocusPotion"},{"floor":13,"key":"Swift Potion"},{"floor":14,"key":"EntropicBrew"}],"is_trial":false,"path_per_floor":["M","?","M","?","M","R","M","R","T","R","E","R","E","M","R","B",null,"M","M","?","?","M"],"character_chosen":"DEFECT","items_purchased":[],"campfire_rested":0,"item_purchase_floors":[],"current_hp_per_floor":[39,39,39,39,39,39,33,33,33,33,32,32,15,13,13,13,51,31,23,23,23,0],"gold":377,"neow_bonus":"ONE_RARE_RELIC","is_prod":false,"is_daily":false,"chose_seed":false,"campfire_upgraded":5,"win_rate":0,"timestamp":1556803699,"path_taken":["M","?","M","?","M","R","M","R","T","R","E","R","E","?","R","BOSS","M","M","?","?","?"],"build_version":"2019-01-23","purchased_purges":0,"victory":false,"max_hp_per_floor":[71,64,64,64,64,64,64,64,64,64,64,64,64,64,64,64,64,64,64,64,64,64],"card_choices":[{"not_picked":["Gash","Go for the Eyes"],"picked":"Coolheaded","floor":1.0},{"not_picked":["Double Energy","Consume"],"picked":"Go for the Eyes","floor":3.0},{"not_picked":["Rebound","Go for the Eyes"],"picked":"Hologram","floor":5.0},{"not_picked":["Scrape","Reinforced Body"],"picked":"Cold Snap","floor":7.0},{"not_picked":["Compile Driver","BootSequence"],"picked":"Cold Snap","floor":11},{"not_picked":["Consume","Sunder"],"picked":"Sweeping Beam","floor":13},{"not_picked":["Turbo","Steam"],"picked":"Electrodynamics","floor":14},{"not_picked":["Fission","Reboot"],"picked":"Hyperbeam","floor":16},{"not_picked":["Stack","Fusion"],"picked":"Reinforced Body","floor":18},{"not_picked":["Redo","Steam Power"],"picked":"Sunder","floor":19}],"player_experience":2243258,"relics_obtained":[{"floor":9.0,"key":"Pantograph"},{"floor":11,"key":"Bag of Preparation"},{"floor":13,"key":"Bottled Lightning"}],"event_choices":[{"damage_healed":0.0,"max_hp_gain":0.0,"max_hp_loss":7.0,"gold_gain":0.0,"event_name":"Golden Idol","player_choice":"Lose Max HP","floor":2.0,"gold_loss":0.0,"damage_taken":0.0,"relics_obtained":["Golden Idol"]},{"damage_healed":0.0,"max_hp_gain":0.0,"max_hp_loss":0.0,"gold_gain":0.0,"cards_transformed":["Strike_B"],"event_name":"Transmorgrifier","player_choice":"Transformed","floor":4.0,"gold_loss":0.0,"damage_taken":0.0,"cards_obtained":["Double Energy"]},{"damage_healed":0,"gold_gain":0,"player_choice":"Obtained Relic","damage_taken":0,"relics_obtained":["Kunai"],"max_hp_gain":0,"max_hp_loss":0,"event_name":"Addict","floor":20,"gold_loss":85},{"damage_healed":0,"gold_gain":0,"player_choice":"Trade","damage_taken":0,"relics_obtained":["NlothsMask"],"max_hp_gain":0,"max_hp_loss":0,"event_name":"FaceTrader","floor":21,"gold_loss":0}],"is_beta":false,"boss_relics":[{"not_picked":["Black Star","Philosopher\u0027s Stone"],"picked":"Sozu"}],"items_purged_floors":[],"is_endless":false,"potions_floor_spawned":[7,13,14,18,19],"killed_by":"Shelled Parasite and Fungi","ascension_level":20}