{"path_per_floor":["M","?","?","$","M","R","M","R","T","M","M","R","M","M","R","B",null,"M","?","M","?","$","E","R","M","T","$"],"character_chosen":"THE_SILENT","items_purchased":["Dash","Noxious Fumes","Well Laid Plans","Infinite Blades","Blood Vial","Happy Flower","Weak Potion"],"gold_per_floor":[114,114,189,2,18,18,33,33,33,50,66,66,77,89,89,186,186,199,149,166,91,52,380,380,390,414,27,27],"floor_reached":28,"campfire_rested":0,"playtime":1108,"current_hp_per_floor":[63,60,49,49,47,47,41,41,41,41,41,41,41,35,35,23,58,43,43,42,42,42,22,22,9,9,9,0],"items_purged":["Slice"],"gold":27,"score":368,"play_id":"1616b0a7-7ec9-4cf7-92cd-4c8eba136945","local_time":"20180328170437","is_prod":false,"is_daily":false,"is_ascension_mode":true,"campfire_upgraded":5,"timestamp":1522271077,"path_taken":["M","?","?","?","M","R","M","R","T","M","M","R","M","M","R","BOSS","M","?","?","?","$","E","R","M","T","$","E"],"build_version":"2018-03-22v2","purchased_purges":2,"victory":false,"master_deck":["Defend_G","Defend_G","Defend_G","Defend_G","Defend_G","Strike_G+1","Strike_G","Strike_G","Strike_G","Survivor","Neutralize","AscendersBane","Dash+1","Noxious Fumes+1","Dagger Spray+1","Footwork+1","Bouncing Flask","Malaise","Expertise+1","A Thousand Cuts+1","Well Laid Plans","Infinite Blades"],"max_hp_per_floor":[70,70,70,70,70,70,70,70,70,70,70,70,70,70,70,70,70,70,70,70,70,70,70,70,70,70,70,70],"relics":["Velvet Choker","Lantern","Whetstone","Runic Dome","Old Coin","Dream Catcher","Blood Vial","Happy Flower"],"card_choices":[{"not_picked":["Backstab","Outmaneuver"],"picked":"Slice","floor":1},{"not_picked":["Dagger Throw","Backflip"],"picked":"Dagger Spray","floor":5},{"not_picked":["Quick Slash","Dagger Throw"],"picked":"Footwork","floor":7},{"not_picked":["PiercingWail","Predator"],"picked":"Bouncing Flask","floor":11},{"not_picked":["Acrobatics","Expertise"],"picked":"Malaise","floor":13},{"not_picked":["Outmaneuver","Noxious Fumes"],"picked":"Expertise","floor":14},{"not_picked":["Adrenaline","Corpse Explosion"],"picked":"A Thousand Cuts","floor":16}],"player_experience":615234,"potions_floor_usage":[11,13,16,16,23,23,23,28],"damage_taken":[{"damage":0,"enemies":"Small Slimes","floor":1,"turns":4},{"damage":2,"enemies":"Cultist","floor":5,"turns":4},{"damage":6,"enemies":"Jaw Worm","floor":7,"turns":4},{"damage":0,"enemies":"Exordium Wildlife","floor":10,"turns":3},{"damage":0,"enemies":"Looter","floor":11,"turns":2},{"damage":0,"enemies":"Large Slime","floor":13,"turns":5},{"damage":6,"enemies":"Lots of Slimes","floor":14,"turns":4},{"damage":24,"enemies":"Slime Boss","floor":16,"turns":12},{"damage":15,"enemies":"Shell Parasite","floor":18,"turns":5},{"damage":1,"enemies":"3 Byrds","floor":20,"turns":5},{"damage":32,"enemies":"Slavers","floor":23,"turns":6},{"damage":13,"enemies":"Snake Plant","floor":25,"turns":5},{"damage":18,"enemies":"Book of Stabbing","floor":28,"turns":2}],"event_choices":[{"event_name":"Scrap Ooze","player_choice":"success","floor":2,"damage_taken":3},{"event_name":"World of Goop","player_choice":"Gather Gold","floor":3,"damage_taken":0},{"event_name":"The Joust","player_choice":"Bet on Owner","floor":19,"damage_taken":0},{"event_name":"Beggar","player_choice":"Gave Gold","floor":21,"damage_taken":0}],"boss_relics":[{"not_picked":["Astrolabe","Lizard Tail"],"picked":"Runic Dome"}],"potions_floor_spawned":[1,5,13,14,16,18,20],"seed_played":"-5718656789596230838","killed_by":"Book of Stabbing","ascension_level":12,"is_trial":false}