{"gold_per_floor":[114,39,55,55,205,238,238,272,572,497,497,528,528,546,546,621,621,632,648,258,271,196,196,196,196,196,213,213,225,225,21,21,92,92,110,164,236,254,273,273,273,273,273,273,301,54,74,88,88,88,88,88,88,17,44,44],"floor_reached":57,"playtime":3563,"items_purged":["Strike_R","Strike_R"],"score":2842,"play_id":"bdc76168-683e-4807-b187-52257d890f72","local_time":"20190412222852","is_ascension_mode":true,"campfire_choices":[{"data":"Whirlwind","floor":7,"key":"SMITH"},{"data":"Bash","floor":15,"key":"SMITH"},{"data":"Impervious","floor":23,"key":"SMITH"},{"data":"Heavy Blade","floor":25,"key":"SMITH"},{"data":"Strike_R","floor":28,"key":"PURGE"},{"data":"Sword Boomerang","floor":32,"key":"SMITH"},{"data":"True Grit","floor":40,"key":"SMITH"},{"data":"Normality","floor":42,"key":"PURGE"},{"data":"Regret","floor":44,"key":"PURGE"},{"floor":49,"key":"RECALL"},{"floor":53,"key":"REST"}],"neow_cost":"NONE","seed_source_timestamp":97901623445544,"circlet_count":0,"master_deck":["AscendersBane","Defend_R","Defend_R","Defend_R","Bash+1","Feel No Pain","Whirlwind+1","Spot Weakness","Burning Pact","Evolve","Impervious+1","Inflame","Feel No Pain","Heavy Blade+1","Clothesline","Sword Boomerang+1","Dark Embrace","Parasite","True Grit+1","Clothesline+1","Havoc","Rupture","Sword Boomerang+1","Dual Wield+1","Shrug It Off","Burning Pact+1"],"relics":["Burning Blood","NeowsBlessing","Calipers","Mercury Hourglass","Old Coin","Regal Pillow","Self Forming Clay","Snecko Eye","Membership Card","Pen Nib","FaceOfCleric","Peace Pipe","MutagenicStrength","Thread and Needle","Calling Bell","Strawberry","Kunai","Mango","FossilizedHelix","Dead Branch","Mummified Hand","PreservedInsect","Toy Ornithopter","Dodecahedron"],"potions_floor_usage":[8,16,19,21,21,36,38,45,50,50,55,55,56],"damage_taken":[{"damage":0,"enemies":"Cultist","floor":1,"turns":1},{"damage":0,"enemies":"Jaw Worm","floor":3,"turns":1},{"damage":0,"enemies":"Lagavulin","floor":6,"turns":1},{"damage":10,"enemies":"3 Sentries","floor":8,"turns":2},{"damage":35,"enemies":"Lagavulin","floor":12,"turns":6},{"damage":5,"enemies":"Small Slimes","floor":14,"turns":3},{"damage":38,"enemies":"Slime Boss","floor":16,"turns":8},{"damage":20,"enemies":"2 Thieves","floor":18,"turns":3},{"damage":29,"enemies":"Spheric Guardian","floor":19,"turns":5},{"damage":12,"enemies":"Chosen and Byrds","floor":21,"turns":5},{"damage":0,"enemies":"Cultist and Chosen","floor":27,"turns":5},{"damage":15,"enemies":"Snecko","floor":29,"turns":5},{"damage":20,"enemies":"Champ","floor":33,"turns":7},{"damage":4,"enemies":"3 Shapes","floor":35,"turns":11},{"damage":23,"enemies":"2 Orb Walkers","floor":36,"turns":3},{"damage":23,"enemies":"3 Darklings","floor":38,"turns":5},{"damage":0,"enemies":"Transient","floor":39,"turns":6},{"damage":34,"enemies":"Giant Head","floor":45,"turns":8},{"damage":0,"enemies":"Maw","floor":47,"turns":5},{"damage":5,"enemies":"Sphere and 2 Shapes","floor":48,"turns":5},{"damage":0,"enemies":"Donu and Deca","floor":50,"turns":9},{"damage":30,"enemies":"Time Eater","floor":51,"turns":8},{"damage":25,"enemies":"Shield and Spear","floor":55,"turns":5},{"damage":66,"enemies":"The Heart","floor":56,"turns":9}],"seed_played":"8322872966663814948","potions_obtained":[{"floor":1,"key":"BloodPotion"},{"floor":3,"key":"GamblersBrew"},{"floor":14,"key":"Regen Potion"},{"floor":18,"key":"EssenceOfSteel"},{"floor":19,"key":"Ancient Potion"},{"floor":35,"key":"FearPotion"},{"floor":39,"key":"Block Potion"},{"floor":55,"key":"BloodPotion"}],"is_trial":false,"path_per_floor":["M","$","M","?","?","E","R","E","T","?","?","E","?","M","R","B",null,"M","M","$","M","?","R","?","R","T","M","R","M","?","$","R","B",null,"M","?","T","M","M","R","?","R","T","R","E","$","M","M","R","B","B",null,"R","$","E","B",null],"character_chosen":"IRONCLAD","items_purchased":["Membership Card","Pen Nib","Feel No Pain","Thread and Needle","BloodPotion","PreservedInsect","Dexterity Potion","PowerPotion","Toy Ornithopter","PowerPotion","Swift Potion","Shrug It Off"],"campfire_rested":1,"item_purchase_floors":[20,20,20,31,31,46,46,46,46,54,54,54],"current_hp_per_floor":[74,74,75,68,68,74,74,70,70,70,70,41,46,47,47,23,66,52,41,41,35,35,35,35,35,35,42,42,34,34,34,34,21,89,92,76,76,70,77,77,77,77,77,77,50,50,57,59,59,76,53,98,113,113,100,55],"gold":44,"neow_bonus":"THREE_ENEMY_KILL","is_prod":false,"is_daily":false,"chose_seed":false,"campfire_upgraded":6,"win_rate":0,"timestamp":1555122532,"path_taken":["M","$","?","?","?","E","R","E","T","?","?","E","?","M","R","BOSS","M","M","$","M","?","R","?","R","T","M","R","?","?","$","R","BOSS","M","?","?","M","?","R","?","R","T","R","E","$","M","M","R","BOSS","BOSS","R","$","E","BOSS"],"build_version":"2019-01-23","purchased_purges":2,"victory":true,"max_hp_per_floor":[75,75,75,75,75,75,75,75,75,75,75,75,80,80,80,80,80,80,80,80,80,80,80,80,80,80,81,81,82,82,82,82,83,104,105,106,106,107,108,108,108,108,108,108,109,109,110,111,111,112,113,113,113,113,114,115],"card_choices":[{"not_picked":["Clash","Flex"],"picked":"Feel No Pain","floor":1},{"not_picked":["Sever Soul","Bloodletting"],"picked":"Whirlwind","floor":3},{"not_picked":["Cleave","Heavy Blade"],"picked":"Spot Weakness","floor":6},{"not_picked":["Second Wind","Wild Strike"],"picked":"Burning Pact","floor":8},{"not_picked":["Sword Boomerang","Havoc"],"picked":"Evolve","floor":12},{"not_picked":["Perfected Strike","Sever Soul","Clash"],"picked":"SKIP","floor":14},{"not_picked":["Brutality","Offering"],"picked":"Impervious","floor":16},{"not_picked":["Twin Strike","True Grit"],"picked":"Inflame","floor":18},{"not_picked":["Sentinel","Armaments","Seeing Red"],"picked":"SKIP","floor":19},{"not_picked":["Havoc","Clash+1"],"picked":"Heavy Blade","floor":21},{"not_picked":["Cleave","Heavy Blade"],"picked":"Clothesline","floor":27},{"not_picked":["Wild Strike","Berserk"],"picked":"Sword Boomerang","floor":29},{"not_picked":["Bludgeon","Barricade"],"picked":"Dark Embrace","floor":33},{"not_picked":["Rage+1","Headbutt"],"picked":"True Grit","floor":35},{"not_picked":["Ghostly Armor","Perfected Strike"],"picked":"Clothesline+1","floor":36},{"not_picked":["Heavy Blade","Anger"],"picked":"Havoc","floor":38},{"not_picked":["Clash","Rampage","Pommel Strike"],"picked":"SKIP","floor":39},{"not_picked":["Feed","Flex"],"picked":"Sword Boomerang+1","floor":45},{"not_picked":["Sword Boomerang","Uppercut","Headbutt"],"picked":"SKIP","floor":47},{"not_picked":["Searing Blow+1","Cleave"],"picked":"Dual Wield+1","floor":48},{"not_picked":["Sever Soul","Flex"],"picked":"Burning Pact+1","floor":55}],"player_experience":1826079,"relics_obtained":[{"floor":6,"key":"Calipers"},{"floor":8,"key":"Mercury Hourglass"},{"floor":9,"key":"Old Coin"},{"floor":12,"key":"Self Forming Clay"},{"floor":26,"key":"Peace Pipe"},{"floor":34,"key":"Strawberry"},{"floor":34,"key":"Kunai"},{"floor":34,"key":"Mango"},{"floor":36,"key":"FossilizedHelix"},{"floor":43,"key":"Dead Branch"},{"floor":45,"key":"Mummified Hand"},{"floor":55,"key":"Dodecahedron"}],"event_choices":[{"cards_removed":["Strike_R"],"damage_healed":0,"gold_gain":0,"player_choice":"Card Removal","damage_taken":7,"max_hp_gain":0,"max_hp_loss":0,"event_name":"Golden Wing","floor":4,"gold_loss":0},{"damage_healed":0,"gold_gain":150,"player_choice":"AGREE","damage_taken":0,"max_hp_gain":0,"max_hp_loss":0,"event_name":"Liars Game","floor":5,"gold_loss":0,"cards_obtained":["Doubt"]},{"cards_removed":["Doubt"],"damage_healed":0,"gold_gain":0,"player_choice":"Card Removal","damage_taken":0,"max_hp_gain":0,"max_hp_loss":0,"event_name":"The Cleric","floor":10,"gold_loss":75},{"damage_healed":0,"gold_gain":0,"player_choice":"Searched \u00271\u0027 times","damage_taken":0,"relics_obtained":["Regal Pillow"],"max_hp_gain":0,"max_hp_loss":0,"event_name":"Dead Adventurer","floor":11,"gold_loss":0},{"damage_healed":0,"gold_gain":0,"player_choice":"Donut","damage_taken":0,"max_hp_gain":5,"max_hp_loss":0,"event_name":"Big Fish","floor":13,"gold_loss":0},{"cards_removed":["Strike_R"],"damage_healed":0,"gold_gain":0,"player_choice":"Gave Gold","damage_taken":0,"max_hp_gain":0,"max_hp_loss":0,"event_name":"Beggar","floor":22,"gold_loss":75},{"damage_healed":0,"gold_gain":0,"player_choice":"Trade","damage_taken":0,"relics_obtained":["FaceOfCleric"],"max_hp_gain":0,"max_hp_loss":0,"event_name":"FaceTrader","floor":24,"gold_loss":0},{"damage_healed":0,"gold_gain":0,"player_choice":"Inject Mutagens","damage_taken":0,"relics_obtained":["MutagenicStrength"],"max_hp_gain":0,"max_hp_loss":0,"event_name":"Drug Dealer","floor":30,"gold_loss":0},{"damage_healed":0,"gold_gain":0,"player_choice":"Fight","damage_taken":0,"max_hp_gain":0,"max_hp_loss":0,"event_name":"Mysterious Sphere","floor":36,"gold_loss":0},{"damage_healed":0,"gold_gain":0,"cards_transformed":["Defend_R"],"player_choice":"Transformed","damage_taken":0,"max_hp_gain":0,"max_hp_loss":0,"event_name":"Transmorgrifier","floor":41,"gold_loss":0,"cards_obtained":["Rupture"]}],"is_beta":false,"boss_relics":[{"not_picked":["Philosopher\u0027s Stone","Runic Dome"],"picked":"Snecko Eye"},{"not_picked":["Astrolabe","White Beast Statue"],"picked":"Calling Bell"}],"items_purged_floors":[2,20],"is_endless":false,"potions_floor_spawned":[1,3,14,18,19,35,39,55],"ascension_level":20}