{"gold_per_floor":[113,113,263,1,17,45,45,71,71,71,86,86,102,121,121,121],"floor_reached":16,"playtime":518,"items_purged":["Doubt"],"score":270,"play_id":"89a499a2-5d95-4490-bd92-2d00fef73f09","local_time":"20190403055202","is_ascension_mode":true,"campfire_choices":[{"data":"Sunder","floor":10,"key":"SMITH"},{"data":"Zap","floor":15,"key":"SMITH"}],"neow_cost":"NONE","seed_source_timestamp":157085317243299,"circlet_count":0,"master_deck":["AscendersBane","Strike_B","Strike_B","Strike_B","Defend_B","Defend_B","Defend_B","Defend_B","Zap+1","Dualcast","Cold Snap","Sunder+1","Rainbow","Glacier","Capacitor"],"relics":["Cracked Core","NeowsBlessing","Membership Card","PreservedInsect","Singing Bowl","Cables","Dead Branch"],"potions_floor_usage":[8,13],"damage_taken":[{"damage":0,"enemies":"Cultist","floor":1,"turns":1},{"damage":0,"enemies":"2 Louse","floor":5,"turns":1},{"damage":0,"enemies":"Gremlin Nob","floor":6,"turns":1},{"damage":14,"enemies":"3 Sentries","floor":8,"turns":4},{"damage":2,"enemies":"Jaw Worm","floor":11,"turns":2},{"damage":18,"enemies":"Exordium Wildlife","floor":13,"turns":3},{"damage":4,"enemies":"2 Fungi Beasts","floor":14,"turns":2},{"damage":32,"enemies":"The Guardian","floor":16,"turns":15}],"seed_played":"-8774624215969722632","potions_obtained":[{"floor":5,"key":"PowerPotion"},{"floor":6,"key":"SteroidPotion"},{"floor":11,"key":"Swift Potion"}],"is_trial":false,"path_per_floor":["M","?","?","$","M","E","T","E","T","R","M","?","M","M","R","B"],"character_chosen":"DEFECT","items_purchased":["Membership Card"],"campfire_rested":0,"item_purchase_floors":[4],"current_hp_per_floor":[64,57,57,57,57,57,57,43,43,43,41,46,28,26,26,0],"gold":121,"neow_bonus":"THREE_ENEMY_KILL","is_prod":false,"is_daily":false,"chose_seed":false,"campfire_upgraded":2,"win_rate":0,"timestamp":1554285122,"path_taken":["M","?","?","$","?","E","?","E","T","R","M","?","M","M","R","BOSS"],"build_version":"2019-01-23","purchased_purges":1,"victory":false,"max_hp_per_floor":[71,71,71,71,71,71,71,71,71,71,71,76,76,78,78,78],"card_choices":[{"not_picked":["Stack","Coolheaded"],"picked":"Cold Snap","floor":1},{"not_picked":["Streamline","Turbo","Steam Power"],"picked":"SKIP","floor":5},{"not_picked":["Barrage","Scrape"],"picked":"Sunder","floor":6},{"not_picked":["Recycle","FTL"],"picked":"Rainbow","floor":8},{"not_picked":["Static Discharge","Leap"],"picked":"Glacier","floor":11},{"not_picked":["Cold Snap","Redo"],"picked":"Capacitor","floor":13},{"not_picked":["Steam","Hologram","Loop"],"picked":"Singing Bowl","floor":14}],"player_experience":1562998,"relics_obtained":[{"floor":6,"key":"PreservedInsect"},{"floor":7,"key":"Singing Bowl"},{"floor":8,"key":"Cables"},{"floor":9,"key":"Dead Branch"}],"event_choices":[{"cards_removed":["Strike_B"],"damage_healed":0,"gold_gain":0,"player_choice":"Card Removal","damage_taken":7,"max_hp_gain":0,"max_hp_loss":0,"event_name":"Golden Wing","floor":2,"gold_loss":0},{"damage_healed":0,"gold_gain":150,"player_choice":"AGREE","damage_taken":0,"max_hp_gain":0,"max_hp_loss":0,"event_name":"Liars Game","floor":3,"gold_loss":0,"cards_obtained":["Doubt"]},{"damage_healed":0,"gold_gain":0,"player_choice":"Donut","damage_taken":0,"max_hp_gain":5,"max_hp_loss":0,"event_name":"Big Fish","floor":12,"gold_loss":0}],"is_beta":false,"boss_relics":[],"items_purged_floors":[4],"is_endless":false,"potions_floor_spawned":[5,6,11],"killed_by":"The Guardian","ascension_level":20}