{"gold_per_floor":[111,13,33,47,47,72,72,84,84,84,84,116,116,127,127,127],"floor_reached":16,"playtime":661,"items_purged":["Doubt"],"score":218,"play_id":"c2c35749-6bca-4d40-b7d7-c4363dd2eb31","local_time":"20190325204115","is_ascension_mode":true,"campfire_choices":[{"floor":7,"key":"REST"},{"data":"Zap","floor":11,"key":"SMITH"},{"floor":15,"key":"REST"}],"neow_cost":"CURSE","seed_source_timestamp":759967237109282,"circlet_count":0,"master_deck":["AscendersBane","Strike_B","Strike_B","Strike_B","Strike_B","Defend_B","Defend_B","Defend_B","Defend_B","Zap+1","Dualcast","Go for the Eyes+1","Gash","Leap","BootSequence","Ball Lightning","Leap","Gash","Gash"],"relics":["Cracked Core","Anchor","The Courier","Unceasing Top"],"potions_floor_usage":[6,12,16],"damage_taken":[{"damage":0,"enemies":"Cultist","floor":1,"turns":4},{"damage":19,"enemies":"Small Slimes","floor":3,"turns":3},{"damage":0,"enemies":"Jaw Worm","floor":4,"turns":3},{"damage":36,"enemies":"3 Sentries","floor":6,"turns":8},{"damage":0,"enemies":"Blue Slaver","floor":8,"turns":3},{"damage":41,"enemies":"Gremlin Nob","floor":12,"turns":5},{"damage":9,"enemies":"Red Slaver","floor":14,"turns":3},{"damage":31,"enemies":"Hexaghost","floor":16,"turns":9}],"seed_played":"3594914669536734735","potions_obtained":[{"floor":4,"key":"Swift Potion"},{"floor":8,"key":"AttackPotion"},{"floor":14,"key":"Block Potion"}],"is_trial":false,"path_per_floor":["M","$","M","M","$","E","R","M","T","?","R","E","?","M","R","B"],"character_chosen":"DEFECT","items_purchased":["Gash"],"campfire_rested":2,"item_purchase_floors":[2],"current_hp_per_floor":[78,78,59,59,59,23,48,48,48,53,53,12,12,3,30,0],"gold":127,"neow_bonus":"TWENTY_PERCENT_HP_BONUS","is_prod":false,"is_daily":false,"chose_seed":false,"campfire_upgraded":1,"win_rate":0,"timestamp":1553560875,"path_taken":["M","$","M","M","?","E","R","M","T","?","R","E","?","M","R","BOSS"],"build_version":"2019-01-23","purchased_purges":1,"victory":false,"max_hp_per_floor":[85,85,85,85,85,85,85,85,85,90,90,90,90,90,90,90],"card_choices":[{"not_picked":["Beam Cell","Skim"],"picked":"Go for the Eyes","floor":1},{"not_picked":["Hello World","Genetic Algorithm"],"picked":"Leap","floor":3},{"not_picked":["Sweeping Beam","Go for the Eyes"],"picked":"BootSequence","floor":4},{"not_picked":["Conserve Battery","Static Discharge"],"picked":"Ball Lightning","floor":6},{"not_picked":["Beam Cell","Chaos"],"picked":"Leap","floor":8},{"not_picked":["Steam Power","Self Repair"],"picked":"Gash","floor":12},{"not_picked":["Turbo","Conserve Battery"],"picked":"Gash","floor":14}],"player_experience":1405870,"relics_obtained":[{"floor":6,"key":"Anchor"},{"floor":9,"key":"The Courier"},{"floor":12,"key":"Unceasing Top"}],"event_choices":[{"damage_healed":0,"gold_gain":0,"player_choice":"Donut","damage_taken":0,"max_hp_gain":5,"max_hp_loss":0,"event_name":"Big Fish","floor":10,"gold_loss":0},{"damage_healed":0,"gold_gain":0,"player_choice":"Grow","damage_taken":0,"max_hp_gain":0,"max_hp_loss":0,"event_name":"Living Wall","floor":13,"gold_loss":0,"cards_upgraded":["Go for the Eyes"]}],"is_beta":false,"boss_relics":[],"items_purged_floors":[2],"is_endless":false,"potions_floor_spawned":[4,8,14],"killed_by":"Hexaghost","ascension_level":15}