{"path_per_floor":["M","?","M","M","M","E","M","M","T","R","E","M","E","?","R","B",null,"M","M","$","M","M","E","M","R","T","E","?","M","M","M","R","B",null,"M","?","?","M","$","R","?","E","T","M","R","$","M","M","R","B"],"character_chosen":"IRONCLAD","items_purchased":["Demon Form","Master of Strategy","Deep Breath","Mummified Hand","Gambling Chip","Metallicize","Flash of Steel","Bag of Marbles"],"gold_per_floor":[112,362,376,391,405,433,453,467,494,494,523,537,571,571,571,674,674,685,701,18,28,44,70,86,86,110,135,135,155,175,188,188,291,291,310,310,310,326,28,28,78,104,404,415,415,23,39,57,57,57],"floor_reached":51,"campfire_rested":2,"playtime":6959,"current_hp_per_floor":[80,80,72,75,66,55,51,55,55,55,55,57,61,61,61,50,80,76,75,75,77,79,78,80,80,80,79,79,80,80,80,80,28,80,79,69,69,71,71,71,59,44,44,41,70,70,72,73,97,14],"items_purged":["Regret","Madness"],"gold":57,"play_id":"9e415ff0-4ca2-4f99-b7ed-46afeafca98a","is_prod":false,"is_daily":false,"is_ascension_mode":false,"campfire_upgraded":5,"path_taken":["M","?","M","M","M","E","M","M","T","R","E","M","E","?","R","BOSS","M","M","$","M","M","E","?","R","T","E","?","M","M","M","R","BOSS","M","?","?","M","$","R","?","E","T","M","R","$","?","M","R","BOSS"],"build_version":"2018-02-01-PROD3","purchased_purges":5,"victory":true,"master_deck":["Strike_R","Strike_R","Strike_R","Strike_R","Strike_R","Defend_R+1","Bash","Shrug It Off","Perfected Strike+1","Pommel Strike","Twin Strike","Iron Wave","Twin Strike","Warcry+1","Twin Strike","Disarm+1","Armaments+1","Offering","Seeing Red","Demon Form+1","Master of Strategy","Deep Breath","Twin Strike+1","Pommel Strike","Twin Strike","Perfected Strike+1","Perfected Strike+1","Feed","Rampage+1","Corruption+1","Dark Embrace+1","Madness","Feel No Pain+1","Pommel Strike","Twin Strike+1","Metallicize","Flash of Steel","Pommel Strike"],"max_hp_per_floor":[80,80,80,80,80,80,80,80,80,80,80,80,80,80,80,80,80,80,80,80,80,80,80,80,80,80,80,80,80,80,80,80,80,80,83,83,83,83,83,83,87,94,94,97,97,97,97,97,97,97],"relics":["Burning Blood","Thread and Needle","Vajra","Toolbox","Orichalcum","White Beast Statue","Mummified Hand","Happy Flower","War Paint","Bag of Preparation","Astrolabe","Gambling Chip","Champion Belt","Strawberry","Old Coin","Bag of Marbles"],"card_choices":[{"not_picked":["Whirlwind","Sever Soul"],"picked":"Shrug It Off"},{"not_picked":["Clash","Clothesline"],"picked":"Perfected Strike"},{"not_picked":["Thunderclap","Feel No Pain"],"picked":"Pommel Strike"},{"not_picked":["Flex","Hemokinesis"],"picked":"Twin Strike"},{"not_picked":["Flex","Clash"],"picked":"Iron Wave"},{"not_picked":["Rampage","Sword Boomerang"],"picked":"Twin Strike"},{"not_picked":["Disarm","Thunderclap"],"picked":"Warcry"},{"not_picked":["Clash","Corruption"],"picked":"Twin Strike"},{"not_picked":["Power Through","Iron Wave"],"picked":"Disarm"},{"not_picked":["Second Wind","Impervious"],"picked":"Armaments"},{"not_picked":["Fiend Fire","Reaper"],"picked":"Offering"},{"not_picked":["Body Slam","Clash"],"picked":"Seeing Red"},{"not_picked":["Clash","Anger"],"picked":"Twin Strike"},{"not_picked":["Iron Wave","Clash"],"picked":"Pommel Strike"},{"not_picked":["Pummel","Double Tap"],"picked":"Twin Strike"},{"not_picked":["Bloodletting","Armaments"],"picked":"Perfected Strike"},{"not_picked":["Bludgeon","Barricade"],"picked":"Feed"},{"not_picked":["Clothesline","Flex"],"picked":"Feel No Pain"},{"not_picked":["Whirlwind","Fire Breathing"],"picked":"Pommel Strike"},{"not_picked":["Second Wind","Shrug It Off"],"picked":"Twin Strike"},{"not_picked":["Flex","Sword Boomerang"],"picked":"Pommel Strike"}],"player_experience":0,"potions_floor_usage":[8,13,16,21,22,23,24,29,33,33,33,42,50],"damage_taken":[{"damage":1,"enemies":"2 Louse","floor":1,"turns":2},{"damage":14,"enemies":"Blue Slaver","floor":3,"turns":5},{"damage":3,"enemies":"Cultist","floor":4,"turns":3},{"damage":15,"enemies":"2 Fungi Beasts","floor":5,"turns":5},{"damage":17,"enemies":"Gremlin Nob","floor":6,"turns":4},{"damage":10,"enemies":"Red Slaver","floor":7,"turns":5},{"damage":2,"enemies":"Large Slime","floor":8,"turns":5},{"damage":6,"enemies":"3 Sentries","floor":11,"turns":5},{"damage":4,"enemies":"Lots of Slimes","floor":12,"turns":4},{"damage":14,"enemies":"Lagavulin","floor":13,"turns":5},{"damage":21,"enemies":"The Guardian","floor":16,"turns":8},{"damage":10,"enemies":"Spheric Guardian","floor":18,"turns":4},{"damage":7,"enemies":"Shell Parasite","floor":19,"turns":8},{"damage":4,"enemies":"Snake Plant","floor":21,"turns":4},{"damage":4,"enemies":"Centurion and Healer","floor":22,"turns":5},{"damage":7,"enemies":"Slavers","floor":23,"turns":6},{"damage":0,"enemies":"Snecko","floor":24,"turns":4},{"damage":7,"enemies":"Book of Stabbing","floor":27,"turns":5},{"damage":4,"enemies":"Snake Plant","floor":29,"turns":4},{"damage":5,"enemies":"Centurion and Healer","floor":30,"turns":2},{"damage":4,"enemies":"3 Cultists","floor":31,"turns":3},{"damage":58,"enemies":"Champ","floor":33,"turns":7},{"damage":10,"enemies":"3 Shapes","floor":35,"turns":3},{"damage":4,"enemies":"Orb Walker","floor":38,"turns":3},{"damage":22,"enemies":"Mysterious Sphere","floor":41,"turns":4},{"damage":28,"enemies":"Nemesis","floor":42,"turns":6},{"damage":12,"enemies":"4 Shapes","floor":44,"turns":5},{"damage":4,"enemies":"3 Darklings","floor":47,"turns":4},{"damage":5,"enemies":"Maw","floor":48,"turns":5},{"damage":89,"enemies":"Awakened One","floor":50,"turns":9}],"event_choices":[{"event_name":"Golden Shrine","player_choice":"Desecrate","floor":2,"damage_taken":0},{"event_name":"Accursed Blacksmith","player_choice":"Forge","floor":14,"damage_taken":0},{"event_name":"The Library","player_choice":"Read","floor":28,"damage_taken":0},{"event_name":"Winding Halls","player_choice":"Embrace Madness","floor":36,"damage_taken":0},{"event_name":"Tomb of Lord Red Mask","player_choice":"Ignored","floor":37,"damage_taken":0},{"event_name":"Mysterious Sphere","player_choice":"Fight","floor":41,"damage_taken":0}],"boss_relics":[{"not_picked":["Runic Dome","Orrery"],"picked":"White Beast Statue"},{"not_picked":["Question Card","Lizard Tail"],"picked":"Astrolabe"}],"potions_floor_spawned":[1,3,7,11,12,16,18,19,21,22,23,24,27,29,30,31,33,35,38,41,42,44,47,48],"seed_played":"3585895889208807629","ascension_level":0,"is_trial":false}