{"gold_per_floor":[113,113,128,128,142,142,160,176,176,206,171,184,41,41,41,144,144],"floor_reached":17,"playtime":566,"items_purged":[],"score":157,"play_id":"998b6741-65ca-4b88-a772-4953bdf1124b","local_time":"20190214010751","is_ascension_mode":false,"campfire_choices":[{"data":"Finisher","floor":6,"key":"SMITH"},{"data":"Cloak And Dagger","floor":15,"key":"SMITH"}],"neow_cost":"TEN_PERCENT_HP_LOSS","seed_source_timestamp":718147769532078,"circlet_count":0,"master_deck":["Defend_G","Defend_G","Defend_G","Defend_G","Strike_G","Strike_G+1","Strike_G+1","Survivor","Neutralize","Glass Knife+1","Dash","Finisher+1","Slice","Quick Slash","Backstab","Cloak And Dagger+1","Slice","Bullet Time+1","Dagger Throw+1","Masterful Stab+1"],"relics":["Ring of the Snake","Frozen Egg 2","Sundial","Juzu Bracelet","Bottled Lightning","Astrolabe"],"potions_floor_usage":[],"damage_taken":[{"damage":0,"enemies":"Small Slimes","floor":1,"turns":2},{"damage":0,"enemies":"2 Louse","floor":3,"turns":3},{"damage":0,"enemies":"Jaw Worm","floor":5,"turns":1},{"damage":0,"enemies":"2 Fungi Beasts","floor":7,"turns":2},{"damage":0,"enemies":"Exordium Thugs","floor":8,"turns":4},{"damage":10,"enemies":"Gremlin Nob","floor":10,"turns":3},{"damage":0,"enemies":"Large Slime","floor":12,"turns":2},{"damage":39,"enemies":"Slime Boss","floor":16,"turns":12}],"seed_played":"3493051832194073997","potions_obtained":[{"floor":1,"key":"SneckoOil"},{"floor":5,"key":"Energy Potion"},{"floor":10,"key":"FearPotion"}],"is_trial":false,"path_per_floor":["M","?","M","?","M","R","M","M","T","E","?","M","$","T","R","B",null],"character_chosen":"THE_SILENT","items_purchased":["Juzu Bracelet"],"campfire_rested":0,"item_purchase_floors":[13],"current_hp_per_floor":[63,50,50,50,50,50,50,50,50,40,55,55,55,55,55,16,16],"gold":144,"neow_bonus":"THREE_RARE_CARDS","is_prod":false,"is_daily":false,"chose_seed":false,"campfire_upgraded":2,"win_rate":0,"timestamp":1550124471,"path_taken":["M","?","M","?","M","R","M","M","T","E","?","M","$","?","R","BOSS"],"build_version":"2019-01-23","purchased_purges":0,"victory":false,"max_hp_per_floor":[63,63,63,63,63,63,63,63,63,63,63,63,63,63,63,63,63],"card_choices":[{"not_picked":["Storm of Steel","Burst"],"picked":"Glass Knife","floor":0},{"not_picked":["Choke","Setup"],"picked":"Dash","floor":1},{"not_picked":["Endless Agony","PiercingWail"],"picked":"Finisher","floor":3},{"not_picked":["Skewer","Underhanded Strike"],"picked":"Slice","floor":5},{"not_picked":["Poisoned Stab","Dagger Throw"],"picked":"Quick Slash","floor":7},{"not_picked":["Catalyst","Bane"],"picked":"Backstab","floor":8},{"not_picked":["Acrobatics","Tools of the Trade+1"],"picked":"Cloak And Dagger","floor":10},{"not_picked":["Terror","Quick Slash"],"picked":"Slice","floor":12}],"player_experience":570945,"relics_obtained":[{"floor":9,"key":"Frozen Egg 2"},{"floor":10,"key":"Sundial"},{"floor":14,"key":"Bottled Lightning"}],"event_choices":[{"damage_healed":0,"gold_gain":0,"player_choice":"Entered Light","damage_taken":13,"max_hp_gain":0,"max_hp_loss":0,"event_name":"Shining Light","floor":2,"gold_loss":0,"cards_upgraded":["Strike_G","Strike_G"]},{"damage_healed":0,"gold_gain":0,"player_choice":"Grow","damage_taken":0,"max_hp_gain":0,"max_hp_loss":0,"event_name":"Living Wall","floor":4,"gold_loss":0,"cards_upgraded":["Glass Knife"]},{"damage_healed":15,"gold_gain":0,"player_choice":"Healed","damage_taken":0,"max_hp_gain":0,"max_hp_loss":0,"event_name":"The Cleric","floor":11,"gold_loss":35}],"is_beta":false,"boss_relics":[{"not_picked":["Orrery","Busted Crown"],"picked":"Astrolabe"}],"items_purged_floors":[],"is_endless":false,"potions_floor_spawned":[1,3,5,10],"ascension_level":0}