{"path_per_floor":["M","?","$","?","M","R","M","R","T","M","M","R","E","$","R","B",null,"M","M","T","?","?","R","?","$","T","M","?","$","R","M","R"],"character_chosen":"THE_SILENT","items_purchased":["Torii","Vajra"],"gold_per_floor":[365,365,75,75,85,85,99,99,99,118,132,132,165,9,9,88,88,108,119,119,119,119,119,44,44,67,78,78,3,3,15,15,15],"floor_reached":33,"campfire_rested":2,"playtime":1400,"current_hp_per_floor":[56,49,49,49,49,49,49,49,49,49,48,48,36,36,36,1,50,49,29,29,29,29,48,48,48,48,29,29,29,29,29,48,0],"items_purged":["Outmaneuver"],"gold":15,"score":425,"play_id":"b1fc30bd-52a9-4586-aa57-f70bf319d443","local_time":"20180412115956","is_prod":false,"is_daily":false,"is_ascension_mode":true,"campfire_upgraded":5,"timestamp":1523548796,"path_taken":["M","?","$","?","M","R","?","R","T","M","?","R","E","$","R","BOSS","M","?","?","?","?","R","?","$","T","?","?","?","R","M","R","BOSS"],"build_version":"2018-04-05v2","purchased_purges":2,"victory":false,"master_deck":["Defend_G+1","Defend_G+1","Defend_G+1","Defend_G+1","Defend_G+1","Strike_G+1","Strike_G+1","Strike_G+1","Strike_G+1","Strike_G+1","Survivor","Neutralize+1","AscendersBane","PiercingWail","Prepared+1","Underhanded Strike+1","Prepared+1","Storm of Steel+1","Unload","Blade Dance","Cloak And Dagger+1","Cloak And Dagger+1","Predator"],"max_hp_per_floor":[66,66,66,66,66,66,66,66,66,66,66,66,66,66,66,66,66,66,66,66,66,66,66,66,66,66,66,66,66,66,66,66,66],"relics":["Ring of the Snake","Torii","Tingsha","Bronze Scales","Vajra","Sozu","Matryoshka","Oddly Smooth Stone","Snake Skull"],"card_choices":[{"not_picked":["Envenom","Distraction"],"picked":"PiercingWail","floor":1},{"not_picked":["Expertise","Acrobatics"],"picked":"Prepared","floor":5},{"not_picked":["Flying Knee","Quick Slash"],"picked":"Underhanded Strike","floor":7},{"not_picked":["Finisher","Catalyst"],"picked":"Outmaneuver","floor":10},{"not_picked":["Poisoned Stab","Dagger Spray"],"picked":"Prepared","floor":11},{"not_picked":["Expertise","Slice"],"picked":"Storm of Steel","floor":13},{"not_picked":["Doppelganger","Storm of Steel"],"picked":"Unload","floor":16},{"not_picked":["Sucker Punch","Choke"],"picked":"Blade Dance","floor":18},{"not_picked":["Blade Dance","Slice"],"picked":"Cloak And Dagger","floor":19},{"not_picked":["Cloak And Dagger","Deadly Poison"],"picked":"Predator","floor":31}],"player_experience":835669,"potions_floor_usage":[11,13,16],"damage_taken":[{"damage":3,"enemies":"2 Louse","floor":1,"turns":3},{"damage":0,"enemies":"Small Slimes","floor":5,"turns":5},{"damage":0,"enemies":"Cultist","floor":7,"turns":5},{"damage":0,"enemies":"Gremlin Gang","floor":10,"turns":6},{"damage":1,"enemies":"Red Slaver","floor":11,"turns":5},{"damage":12,"enemies":"Gremlin Nob","floor":13,"turns":3},{"damage":35,"enemies":"Slime Boss","floor":16,"turns":10},{"damage":1,"enemies":"Shell Parasite","floor":18,"turns":5},{"damage":20,"enemies":"2 Thieves","floor":19,"turns":4},{"damage":19,"enemies":"Sentry and Sphere","floor":27,"turns":4},{"damage":0,"enemies":"Snake Plant","floor":31,"turns":3},{"damage":49,"enemies":"Champ","floor":33,"turns":12}],"event_choices":[{"event_name":"Golden Wing","player_choice":"Card Removal","floor":2,"damage_taken":0},{"event_name":"Living Wall","player_choice":"Grow","floor":4,"damage_taken":0},{"event_name":"Match and Keep!","player_choice":"1 cards matched","floor":21,"damage_taken":0},{"event_name":"Forgotten Altar","player_choice":"Smashed Altar","floor":22,"damage_taken":0},{"event_name":"Beggar","player_choice":"Gave Gold","floor":24,"damage_taken":0},{"event_name":"Back to Basics","player_choice":"Simplicity","floor":28,"damage_taken":0}],"boss_relics":[{"not_picked":["Velvet Choker","Runic Pyramid"],"picked":"Sozu"}],"potions_floor_spawned":[1,5,11,27,31],"seed_played":"152657300230002453","killed_by":"Champ","ascension_level":15,"is_trial":false}