{"path_per_floor":["M","?","?","?","M","R","E","T","T","E","?","?","R","M","R","B",null,"M","?","M","$","?"],"character_chosen":"THE_SILENT","items_purchased":["Tiny Chest","Noxious Fumes","Bouncing Flask","Bag of Preparation"],"gold_per_floor":[117,117,117,87,102,102,129,129,181,209,159,159,159,174,174,277,277,287,337,349,50,50],"floor_reached":23,"campfire_rested":0,"playtime":769,"current_hp_per_floor":[63,63,51,51,51,51,51,51,51,50,50,55,55,55,55,41,64,51,51,42,42,29],"items_purged":[],"gold":50,"score":330,"play_id":"679fcd60-6a94-4b6a-8eb8-0bfe11ddae51","local_time":"20180317210926","is_prod":false,"is_daily":false,"is_ascension_mode":true,"campfire_upgraded":3,"timestamp":1521335366,"path_taken":["M","?","?","?","?","R","E","?","T","E","?","?","R","M","R","BOSS","M","?","M","$","?","E"],"build_version":"2018-03-15v3","purchased_purges":1,"victory":false,"master_deck":["Defend_G","Defend_G","Defend_G","Defend_G","Defend_G","Strike_G","Strike_G","Strike_G","Strike_G","Strike_G","Survivor","Neutralize+1","Well Laid Plans","Skewer+1","Dagger Spray+1","Envenom+1","Deflect","Bullet Time","Bouncing Flask","Poisoned Stab+1","Noxious Fumes","Bouncing Flask"],"max_hp_per_floor":[70,70,70,70,70,70,70,70,70,70,67,72,72,72,72,72,72,72,72,72,72,77],"relics":["Ring of the Snake","NeowsBlessing","The Courier","Orichalcum","Anchor","Prayer Wheel","Letter Opener","Sozu","Tiny Chest","Bag of Preparation"],"card_choices":[{"not_picked":["Crippling Poison","Deadly Poison"],"picked":"Well Laid Plans"},{"not_picked":["Acrobatics","Deflect"],"picked":"Skewer"},{"not_picked":["Deflect","Deadly Poison"],"picked":"Dagger Spray"},{"not_picked":["PiercingWail","Endless Agony"],"picked":"Envenom"},{"not_picked":["Quick Slash","Dagger Spray"],"picked":"Deflect"},{"not_picked":["Tools of the Trade","Envenom"],"picked":"Bullet Time"},{"not_picked":["Distraction","Bane"],"picked":"Bouncing Flask"},{"not_picked":["Outmaneuver","Sucker Punch"],"picked":"Poisoned Stab"}],"player_experience":547435,"potions_floor_usage":[10,16,18,20],"damage_taken":[{"damage":0,"enemies":"Small Slimes","floor":1,"turns":1},{"damage":0,"enemies":"Cultist","floor":5,"turns":1},{"damage":0,"enemies":"Gremlin Nob","floor":7,"turns":1},{"damage":1,"enemies":"3 Sentries","floor":10,"turns":4},{"damage":0,"enemies":"2 Louse","floor":14,"turns":2},{"damage":14,"enemies":"The Guardian","floor":16,"turns":11},{"damage":13,"enemies":"Spheric Guardian","floor":18,"turns":4},{"damage":9,"enemies":"2 Thieves","floor":20,"turns":3},{"damage":30,"enemies":"Slavers","floor":23,"turns":3}],"event_choices":[{"event_name":"Accursed Blacksmith","player_choice":"Forge","floor":2,"damage_taken":0},{"event_name":"Scrap Ooze","player_choice":"success","floor":3,"damage_taken":12},{"event_name":"The Woman in Blue","player_choice":"Bought 2 Potions","floor":4,"damage_taken":0},{"event_name":"The Cleric","player_choice":"Card Removal","floor":11,"damage_taken":0},{"event_name":"Big Fish","player_choice":"Donut","floor":12,"damage_taken":0},{"event_name":"The Joust","player_choice":"Bet on Murderer","floor":19,"damage_taken":0},{"event_name":"Forgotten Altar","player_choice":"Shed Blood","floor":22,"damage_taken":0}],"boss_relics":[{"not_picked":["Question Card","Philosopher\u0027s Stone"],"picked":"Sozu"}],"potions_floor_spawned":[1,5,14],"seed_played":"2053280272067892294","killed_by":"Slavers","ascension_level":10,"is_trial":false}