{"gold_per_floor":[113,93,113,78,97,97,124,42,93,93,110,185,185,185,185,284,284,298,298,310,310,322,322,351,123,123,157,157,175,175,195,195,195],"floor_reached":33,"playtime":1931,"items_purged":[],"score":348,"play_id":"f62f4ff7-3650-4d92-9201-1a30fba51f03","local_time":"20181115192553","is_ascension_mode":true,"campfire_choices":[{"data":"Perfected Strike","floor":6,"key":"SMITH"},{"data":"Discovery","floor":13,"key":"SMITH"},{"data":"Flex","floor":15,"key":"SMITH"},{"data":"Body Slam","floor":23,"key":"SMITH"},{"floor":30,"key":"REST"},{"floor":32,"key":"REST"}],"neow_cost":"NONE","seed_source_timestamp":146260531533705,"circlet_count":0,"master_deck":["Strike_R","Strike_R","Strike_R","Strike_R","Strike_R","Defend_R","Defend_R","Defend_R","Defend_R","Bash+1","Shrug It Off","Perfected Strike+1","Body Slam+1","Discovery+1","Flex+1","Feed","Wild Strike","Wild Strike","Rage","PanicButton","Wild Strike","Wild Strike","Seeing Red+1","Pommel Strike","Fiend Fire","Cleave","Seeing Red"],"relics":["Burning Blood","Pen Nib","Oddly Smooth Stone","Orichalcum","Philosopher\u0027s Stone","Ancient Tea Set","Membership Card","Mango","Bottled Flame"],"potions_floor_usage":[7,11,24,24,24,29],"damage_taken":[{"damage":17,"enemies":"Jaw Worm","floor":1,"turns":4},{"damage":1,"enemies":"Cultist","floor":3,"turns":3},{"damage":3,"enemies":"2 Louse","floor":5,"turns":3},{"damage":9,"enemies":"3 Sentries","floor":7,"turns":5},{"damage":0,"enemies":"Exordium Wildlife","floor":11,"turns":4},{"damage":7,"enemies":"Slime Boss","floor":16,"turns":6},{"damage":18,"enemies":"Shell Parasite","floor":18,"turns":4},{"damage":0,"enemies":"Chosen","floor":20,"turns":3},{"damage":27,"enemies":"Centurion and Healer","floor":22,"turns":6},{"damage":24,"enemies":"Slavers","floor":24,"turns":4},{"damage":36,"enemies":"Book of Stabbing","floor":27,"turns":4},{"damage":18,"enemies":"Snake Plant","floor":29,"turns":2},{"damage":4,"enemies":"Sentry and Sphere","floor":31,"turns":4},{"damage":89,"enemies":"Champ","floor":33,"turns":10}],"seed_played":"-8512745899527221265","potions_obtained":[{"floor":2,"key":"Block Potion"},{"floor":3,"key":"PowerPotion"},{"floor":5,"key":"Ancient Potion"},{"floor":10,"key":"Ancient Potion"},{"floor":18,"key":"FearPotion"},{"floor":27,"key":"Regen Potion"}],"is_trial":false,"path_per_floor":["M","?","M","?","M","R","E","$","T","?","M","?","R","?","R","B",null,"M","$","M","?","M","R","E","$","T","E","?","M","R","M","R","B"],"character_chosen":"IRONCLAD","items_purchased":["Discovery","Membership Card","Pommel Strike"],"campfire_rested":2,"item_purchase_floors":[8,25,25],"current_hp_per_floor":[69,69,74,80,80,80,77,77,77,77,80,69,69,57,57,56,80,68,68,74,74,53,53,35,35,49,19,19,12,40,42,70,0],"gold":195,"neow_bonus":"UPGRADE_CARD","is_prod":false,"is_daily":false,"chose_seed":false,"campfire_upgraded":4,"win_rate":0,"timestamp":1542327953,"path_taken":["M","?","?","?","M","R","E","?","T","?","?","?","R","?","R","BOSS","M","$","M","?","M","R","E","?","T","E","?","?","R","M","R","BOSS"],"build_version":"2018-11-08","purchased_purges":0,"victory":false,"max_hp_per_floor":[80,80,80,80,80,80,80,80,80,80,80,80,80,80,80,80,80,80,80,80,80,80,80,80,80,94,94,94,94,94,94,94,94],"card_choices":[{"not_picked":["Sentinel","Thunderclap"],"picked":"Shrug It Off","floor":1},{"not_picked":["Headbutt","Heavy Blade"],"picked":"Perfected Strike","floor":3},{"not_picked":["Havoc","Shrug It Off"],"picked":"Body Slam","floor":5},{"not_picked":["Blood for Blood","True Grit"],"picked":"Combust","floor":7},{"not_picked":["Body Slam","Rampage"],"picked":"Flex","floor":11},{"not_picked":["Brutality","Fiend Fire"],"picked":"Feed","floor":16},{"not_picked":["Pummel+1","Thunderclap"],"picked":"Wild Strike","floor":18},{"not_picked":["Headbutt+1","True Grit"],"picked":"Wild Strike","floor":20},{"not_picked":["Blood for Blood","Anger"],"picked":"Wild Strike","floor":22},{"not_picked":["Body Slam","Clothesline"],"picked":"Seeing Red+1","floor":24},{"not_picked":["Pummel","Carnage","Thunderclap"],"picked":"SKIP","floor":27},{"not_picked":["Rage","Entrench"],"picked":"Cleave","floor":29},{"not_picked":["Clothesline+1","Entrench+1"],"picked":"Seeing Red","floor":31}],"player_experience":314559,"relics_obtained":[{"floor":7,"key":"Pen Nib"},{"floor":9,"key":"Oddly Smooth Stone"},{"floor":24,"key":"Ancient Tea Set"},{"floor":26,"key":"Mango"},{"floor":27,"key":"Bottled Flame"}],"event_choices":[{"damage_healed":0,"gold_gain":0,"player_choice":"Bought 1 Potion","damage_taken":0,"max_hp_gain":0,"max_hp_loss":0,"event_name":"The Woman in Blue","floor":2,"gold_loss":0},{"damage_healed":20,"gold_gain":0,"player_choice":"Healed","damage_taken":0,"max_hp_gain":0,"max_hp_loss":0,"event_name":"The Cleric","floor":4,"gold_loss":35},{"damage_healed":0,"gold_gain":0,"player_choice":"Got Potions","damage_taken":0,"max_hp_gain":0,"max_hp_loss":0,"event_name":"Lab","floor":10,"gold_loss":0},{"damage_healed":0,"gold_gain":75,"player_choice":"Gather Gold","damage_taken":11,"max_hp_gain":0,"max_hp_loss":0,"event_name":"World of Goop","floor":12,"gold_loss":0},{"damage_healed":0,"gold_gain":0,"player_choice":"Success","damage_taken":12,"relics_obtained":["Orichalcum"],"max_hp_gain":0,"max_hp_loss":0,"event_name":"Scrap Ooze","floor":14,"gold_loss":0},{"damage_healed":0,"gold_gain":0,"player_choice":"3 cards matched","damage_taken":0,"max_hp_gain":0,"max_hp_loss":0,"event_name":"Match and Keep!","floor":21,"gold_loss":0,"cards_obtained":["Rage","PanicButton","Wild Strike"]},{"damage_healed":0,"gold_gain":0,"cards_transformed":["Combust"],"player_choice":"Transformed","damage_taken":0,"max_hp_gain":0,"max_hp_loss":0,"event_name":"Transmorgrifier","floor":28,"gold_loss":0,"cards_obtained":["Fiend Fire"]}],"is_beta":false,"boss_relics":[{"not_picked":["Runic Pyramid","White Beast Statue"],"picked":"Philosopher\u0027s Stone"}],"items_purged_floors":[],"is_endless":false,"potions_floor_spawned":[3,5,18,20,27],"killed_by":"Champ","ascension_level":1}