{"gold_per_floor":[117,19,30,180,180,180,214,214,214,249,249,261,296,296],"floor_reached":14,"playtime":592,"items_purged":[],"score":262,"play_id":"f2e4b5d1-3a4c-4a18-b31f-3994f63dd81d","local_time":"20190424190346","is_ascension_mode":true,"campfire_choices":[{"data":"Poisoned Stab","floor":6,"key":"SMITH"},{"data":"Catalyst","floor":11,"key":"SMITH"}],"neow_cost":"NONE","seed_source_timestamp":176598912138923,"circlet_count":0,"master_deck":["AscendersBane","Defend_G","Defend_G","Defend_G","Defend_G","Defend_G","Strike_G","Strike_G","Strike_G","Strike_G","Strike_G","Survivor","Neutralize","Poisoned Stab+1","Infinite Blades","Backflip","Catalyst+1","Footwork"],"relics":["Ring of the Snake","NeowsBlessing","Pear","Darkstone Periapt","Paper Crane","Happy Flower","Bottled Lightning"],"potions_floor_usage":[10,13,14],"damage_taken":[{"damage":0,"enemies":"Jaw Worm","floor":1,"turns":1},{"damage":0,"enemies":"2 Louse","floor":3,"turns":1},{"damage":0,"enemies":"3 Sentries","floor":7,"turns":1},{"damage":32,"enemies":"Gremlin Nob","floor":10,"turns":4},{"damage":5,"enemies":"Small Slimes","floor":12,"turns":4},{"damage":8,"enemies":"Lagavulin","floor":13,"turns":6},{"damage":17,"enemies":"Exordium Wildlife","floor":14,"turns":3}],"seed_played":"-2303471606145007370","potions_obtained":[{"floor":10,"key":"FearPotion"},{"floor":12,"key":"Energy Potion"}],"is_trial":false,"path_per_floor":["M","$","M","?","?","R","E","T","T","E","R","M","E","M"],"character_chosen":"THE_SILENT","items_purchased":["Infinite Blades","Poison Potion"],"campfire_rested":0,"item_purchase_floors":[2,2],"current_hp_per_floor":[59,59,59,59,52,52,62,62,62,30,30,25,17,0],"gold":296,"neow_bonus":"THREE_ENEMY_KILL","is_prod":false,"is_daily":false,"chose_seed":false,"campfire_upgraded":2,"win_rate":0,"timestamp":1556147026,"path_taken":["M","$","M","?","?","R","E","?","T","E","R","M","E","M"],"build_version":"2019-01-23","purchased_purges":0,"victory":false,"max_hp_per_floor":[66,66,66,66,66,66,76,76,76,76,76,76,76,76],"card_choices":[{"not_picked":["Deflect","Outmaneuver"],"picked":"Poisoned Stab","floor":1},{"not_picked":["Outmaneuver","Acrobatics"],"picked":"Backflip","floor":3},{"not_picked":["Poisoned Stab","Dagger Spray"],"picked":"Catalyst","floor":7},{"not_picked":["Setup","Slice"],"picked":"Footwork","floor":10},{"not_picked":["Blade Dance","Bane","Acrobatics"],"picked":"SKIP","floor":12},{"not_picked":["Bane","Heel Hook","Unload"],"picked":"SKIP","floor":13}],"player_experience":1912730,"relics_obtained":[{"floor":7,"key":"Pear"},{"floor":8,"key":"Darkstone Periapt"},{"floor":9,"key":"Paper Crane"},{"floor":10,"key":"Happy Flower"},{"floor":13,"key":"Bottled Lightning"}],"event_choices":[{"damage_healed":0,"gold_gain":150,"player_choice":"AGREE","damage_taken":0,"max_hp_gain":0,"max_hp_loss":0,"event_name":"Liars Game","floor":4,"gold_loss":0,"cards_obtained":["Doubt"]},{"cards_removed":["Doubt"],"damage_healed":0,"gold_gain":0,"player_choice":"Card Removal","damage_taken":7,"max_hp_gain":0,"max_hp_loss":0,"event_name":"Golden Wing","floor":5,"gold_loss":0}],"is_beta":false,"boss_relics":[],"items_purged_floors":[],"is_endless":false,"potions_floor_spawned":[10,12],"killed_by":"Exordium Wildlife","ascension_level":20}