{"gold_per_floor":[109,34,34,109,109,109,137,60,60,87,103,103,119,130,130,201,251,265,284,284,284,304,304,335,335],"floor_reached":25,"playtime":864,"items_purged":[],"score":558,"play_id":"98d1d70e-32a1-4147-b5cc-301a4e063a70","local_time":"20181101163010","is_ascension_mode":true,"campfire_choices":[{"data":"Neutralize","floor":6,"key":"SMITH"},{"data":"Noxious Fumes","floor":12,"key":"SMITH"},{"data":"Noxious Fumes","floor":15,"key":"SMITH"},{"data":"Burst","floor":23,"key":"SMITH"}],"neow_cost":"NONE","seed_source_timestamp":1008473858855101,"circlet_count":0,"master_deck":["AscendersBane","Defend_G","Defend_G+1","Defend_G","Defend_G","Defend_G","Strike_G+1","Strike_G+1","Survivor","Neutralize+1","Cloak And Dagger","After Image","Noxious Fumes+1","Noxious Fumes+1","Dagger Spray","Dagger Throw","Dodge and Roll","Burst+1","Leg Sweep","Cloak And Dagger","Cloak And Dagger+1","Backflip","Expertise","Sucker Punch"],"relics":["Ring of the Snake","NeowsBlessing","Question Card","Darkstone Periapt","Whetstone","Tiny House","Centennial Puzzle"],"potions_floor_usage":[24,24],"damage_taken":[{"damage":0,"enemies":"Jaw Worm","floor":1,"turns":1},{"damage":0,"enemies":"Lagavulin","floor":7,"turns":1},{"damage":0,"enemies":"3 Sentries","floor":10,"turns":2},{"damage":2,"enemies":"Small Slimes","floor":11,"turns":6},{"damage":0,"enemies":"2 Louse","floor":13,"turns":3},{"damage":6,"enemies":"Blue Slaver","floor":14,"turns":4},{"damage":20,"enemies":"The Guardian","floor":16,"turns":10},{"damage":9,"enemies":"Chosen","floor":18,"turns":7},{"damage":8,"enemies":"Shell Parasite","floor":19,"turns":7},{"damage":10,"enemies":"Snecko","floor":22,"turns":8},{"damage":32,"enemies":"Slavers","floor":24,"turns":6},{"damage":7,"enemies":"Centurion and Healer","floor":25,"turns":2}],"seed_played":"1710142272549641434","potions_obtained":[{"floor":1,"key":"Weak Potion"},{"floor":7,"key":"Dexterity Potion"},{"floor":14,"key":"GhostInAJar"},{"floor":22,"key":"GhostInAJar"},{"floor":24,"key":"FearPotion"}],"is_trial":false,"path_per_floor":["M","?","$","?","?","R","E","$","T","E","M","R","M","M","R","B",null,"M","M","?","?","M","R","E","M"],"character_chosen":"THE_SILENT","items_purchased":["Noxious Fumes"],"campfire_rested":0,"item_purchase_floors":[8],"current_hp_per_floor":[59,59,59,48,48,48,48,48,48,48,46,46,46,40,40,20,60,51,43,43,43,33,33,1,0],"gold":335,"neow_bonus":"THREE_ENEMY_KILL","is_prod":false,"is_daily":false,"chose_seed":false,"campfire_upgraded":4,"win_rate":0,"timestamp":1541115010,"path_taken":["M","?","$","?","?","R","E","?","T","E","M","R","M","M","R","BOSS","M","M","?","?","M","R","E","M"],"build_version":"2018-11-01","purchased_purges":0,"victory":false,"max_hp_per_floor":[66,66,66,66,66,66,66,66,66,66,66,66,66,66,66,66,71,71,71,71,71,71,71,71,71],"card_choices":[{"not_picked":["Finisher","Dagger Throw"],"picked":"Cloak And Dagger","floor":1},{"not_picked":["Underhanded Strike","Predator"],"picked":"After Image","floor":7},{"not_picked":["Tactician","Skewer","Escape Plan"],"picked":"Noxious Fumes","floor":10},{"not_picked":["Flying Knee","Finisher","Deflect"],"picked":"Dagger Spray","floor":11},{"not_picked":["Underhanded Strike","Skewer","Deflect"],"picked":"Dagger Throw","floor":13},{"not_picked":["Prepared","Blur","Quick Slash"],"picked":"Dodge and Roll","floor":14},{"not_picked":["A Thousand Cuts","Wraith Form v2","Night Terror"],"picked":"Burst","floor":16},{"not_picked":["Heel Hook","Accuracy","Cloak And Dagger"],"picked":"Leg Sweep","floor":17},{"not_picked":["Caltrops","Backflip","Blur"],"picked":"Cloak And Dagger","floor":18},{"not_picked":["Prepared","Bouncing Flask","Endless Agony"],"picked":"Cloak And Dagger+1","floor":19},{"not_picked":["Poisoned Stab","Blade Dance","Riddle With Holes"],"picked":"Sucker Punch","floor":22},{"not_picked":["Dagger Throw","Bouncing Flask+1","Sucker Punch","Expertise"],"picked":"SKIP","floor":24}],"player_experience":951423,"relics_obtained":[{"floor":7,"key":"Question Card"},{"floor":9,"key":"Darkstone Periapt"},{"floor":10,"key":"Whetstone"},{"floor":24,"key":"Centennial Puzzle"}],"event_choices":[{"cards_removed":["Strike_G"],"damage_healed":0,"gold_gain":0,"player_choice":"Card Removal","damage_taken":0,"max_hp_gain":0,"max_hp_loss":0,"event_name":"The Cleric","floor":2,"gold_loss":75},{"damage_healed":0,"gold_gain":75,"player_choice":"Gather Gold","damage_taken":11,"max_hp_gain":0,"max_hp_loss":0,"event_name":"World of Goop","floor":4,"gold_loss":0},{"damage_healed":0,"gold_gain":0,"player_choice":"Ignored","damage_taken":0,"max_hp_gain":0,"max_hp_loss":0,"event_name":"Liars Game","floor":5,"gold_loss":0},{"damage_healed":0,"gold_gain":0,"cards_transformed":["Strike_G","Strike_G"],"player_choice":"Became Test Subject","damage_taken":0,"max_hp_gain":0,"max_hp_loss":0,"event_name":"Drug Dealer","floor":20,"gold_loss":0,"cards_obtained":["Backflip","Expertise"]},{"damage_healed":0,"gold_gain":0,"player_choice":"Ignored","damage_taken":0,"max_hp_gain":0,"max_hp_loss":0,"event_name":"Vampires","floor":21,"gold_loss":0}],"is_beta":true,"boss_relics":[{"not_picked":["Pandora\u0027s Box","Black Star"],"picked":"Tiny House"}],"items_purged_floors":[],"is_endless":false,"potions_floor_spawned":[1,7,11,14,22,24],"killed_by":"Centurion and Healer","ascension_level":20}