{"gold_per_floor":[109,175,188,203,215,247,247,322,322,322,25,57,57,82,82,159,159,172,198,288,307,307,307,341,17,40,71,71,71,81,113,113,189,189,200,200,200,0,0,0,51,51,100,200,200,32,44,44,44,69,119,119,119,7,64,64],"floor_reached":57,"playtime":3396,"items_purged":["Strike_R"],"score":2701,"play_id":"b068765d-7563-4fe8-87cc-599b3d01b785","local_time":"20190509145439","is_ascension_mode":true,"campfire_choices":[{"data":"Bash","floor":7.0,"key":"SMITH"},{"floor":10.0,"key":"REST"},{"data":"Feel No Pain","floor":15.0,"key":"SMITH"},{"data":"Demon Form","floor":23.0,"key":"SMITH"},{"data":"True Grit","floor":28.0,"key":"SMITH"},{"data":"True Grit","floor":32.0,"key":"SMITH"},{"floor":40.0,"key":"RECALL"},{"data":"Disarm","floor":42.0,"key":"SMITH"},{"data":"Impervious","floor":45.0,"key":"SMITH"},{"data":"Pommel Strike","floor":49,"key":"SMITH"},{"floor":53,"key":"REST"}],"neow_cost":"TEN_PERCENT_HP_LOSS","seed_source_timestamp":1454617392927282,"circlet_count":0,"master_deck":["AscendersBane","Strike_R","Strike_R","Strike_R","Strike_R","Defend_R","Defend_R","Defend_R","Bash+1","Immolate+1","Iron Wave","Pommel Strike+1","Headbutt","Feed+1","Feel No Pain+1","Demon Form+1","Flame Barrier+1","True Grit+1","Flame Barrier+1","True Grit+1","Impervious+1","Disarm+1","Master of Strategy","HandOfGreed+1"],"special_seed":0,"relics":["Burning Blood","Whetstone","Ornamental Fan","Strange Spoon","Mango","Anchor","Potion Belt","Snecko Eye","Bag of Marbles","Omamori","Pantograph","Centennial Puzzle","Red Skull","Molten Egg 2","Boot","Busted Crown","Red Mask","Blue Candle","Incense Burner","Vajra","Oddly Smooth Stone"],"potions_floor_usage":[51,55,56,56,56,56,56,56,56],"damage_taken":[{"damage":7.0,"enemies":"Jaw Worm","floor":1.0,"turns":3.0},{"damage":0.0,"enemies":"Small Slimes","floor":3.0,"turns":3.0},{"damage":0.0,"enemies":"2 Louse","floor":4.0,"turns":1.0},{"damage":13.0,"enemies":"Red Slaver","floor":5.0,"turns":3.0},{"damage":33.0,"enemies":"Gremlin Nob","floor":6.0,"turns":5.0},{"damage":10.0,"enemies":"3 Sentries","floor":12.0,"turns":3.0},{"damage":42.0,"enemies":"Slime Boss","floor":16.0,"turns":9.0},{"damage":4.0,"enemies":"2 Thieves","floor":18.0,"turns":3.0},{"damage":0.0,"enemies":"Chosen","floor":21.0,"turns":2.0},{"damage":29.0,"enemies":"Gremlin Leader","floor":24.0,"turns":6.0},{"damage":17.0,"enemies":"Book of Stabbing","floor":27.0,"turns":3.0},{"damage":0.0,"enemies":"Shelled Parasite and Fungi","floor":30.0,"turns":1.0},{"damage":27.0,"enemies":"Slavers","floor":31.0,"turns":7.0},{"damage":57.0,"enemies":"Automaton","floor":33.0,"turns":11.0},{"damage":4.0,"enemies":"Orb Walker","floor":35.0,"turns":4.0},{"damage":35.0,"enemies":"Reptomancer","floor":41.0,"turns":5.0},{"damage":10.0,"enemies":"Mind Bloom Boss Battle","floor":44.0,"turns":8.0},{"damage":9.0,"enemies":"3 Darklings","floor":47.0,"turns":3.0},{"damage":64,"enemies":"Donu and Deca","floor":50,"turns":11},{"damage":30,"enemies":"Awakened One","floor":51,"turns":12},{"damage":45,"enemies":"Shield and Spear","floor":55,"turns":10},{"damage":82,"enemies":"The Heart","floor":56,"turns":9}],"seed_played":"3824735199263106354","potions_obtained":[{"floor":3.0,"key":"EssenceOfSteel"},{"floor":5.0,"key":"Weak Potion"},{"floor":6.0,"key":"BloodPotion"},{"floor":18.0,"key":"Dexterity Potion"},{"floor":21.0,"key":"Poison Potion"},{"floor":22.0,"key":"GamblersBrew"},{"floor":31.0,"key":"FearPotion"},{"floor":33.0,"key":"Fire Potion"},{"floor":35.0,"key":"SpeedPotion"},{"floor":44.0,"key":"EntropicBrew"}],"is_trial":false,"path_per_floor":["M","?","M","M","M","E","R","?","T","R","$","E","?","T","R","B",null,"M","T","?","M","?","R","E","$","T","E","R","T","M","E","R","B",null,"M","?","?","?","?","R","E","R","T","?","R","$","M","?","R","B","B",null,"R","$","E","B",null],"character_chosen":"IRONCLAD","items_purchased":["Strange Spoon","Pantograph","PowerPotion","Vajra","SpeedPotion","Poison Potion"],"campfire_rested":2,"item_purchase_floors":[11,25,25,46,54,54],"current_hp_per_floor":[67,67,68,68,61,34,34,23,23,43,43,57,52,52,52,20,73,79,79,52,58,58,58,48,48,48,41,41,41,51,38,38,12,89,95,85,85,85,109,109,80,80,80,105,105,105,102,102,102,64,65,108,122,122,87,51],"gold":64,"neow_bonus":"THREE_RARE_CARDS","is_prod":false,"is_daily":false,"chose_seed":false,"campfire_upgraded":8,"win_rate":0,"timestamp":1557428079,"path_taken":["M","?","M","M","M","E","R","?","T","R","?","E","?","?","R","BOSS","M","?","?","?","?","R","E","?","T","E","R","?","M","E","R","BOSS","M","?","?","?","?","R","E","R","T","?","R","?","M","?","R","BOSS","BOSS","R","$","E","BOSS"],"build_version":"2019-01-23","purchased_purges":1,"victory":true,"max_hp_per_floor":[68,68,68,68,68,68,68,68,68,68,68,86,86,86,86,90,90,94,94,94,94,94,94,98,98,98,102,102,102,106,114,114,114,114,118,118,118,118,118,118,118,118,118,122,122,122,122,122,122,122,122,122,122,122,126,126],"card_choices":[{"not_picked":["Dark Embrace","Limit Break"],"picked":"Immolate","floor":0.0},{"not_picked":["Perfected Strike","True Grit"],"picked":"Iron Wave","floor":1.0},{"not_picked":["Sword Boomerang","Iron Wave"],"picked":"Pommel Strike","floor":3.0},{"not_picked":["Combust","Thunderclap","Anger"],"picked":"SKIP","floor":4.0},{"not_picked":["Havoc","Wild Strike"],"picked":"Headbutt","floor":5.0},{"not_picked":["Whirlwind","Clash"],"picked":"Feed","floor":6.0},{"not_picked":["Whirlwind","Pummel"],"picked":"Feel No Pain","floor":12.0},{"not_picked":["Limit Break","Juggernaut"],"picked":"Demon Form","floor":16.0},{"not_picked":["Heavy Blade","Pommel Strike","Wild Strike"],"picked":"SKIP","floor":18.0},{"not_picked":["Cleave","Fire Breathing+1"],"picked":"Flame Barrier","floor":21.0},{"not_picked":["Spot Weakness","Cleave"],"picked":"True Grit","floor":24.0},{"not_picked":["Battle Trance","Headbutt","Armaments"],"picked":"SKIP","floor":27.0},{"not_picked":["Carnage+1","Intimidate"],"picked":"Flame Barrier+1","floor":30.0},{"not_picked":["Reckless Charge+1","Pommel Strike+1"],"picked":"True Grit","floor":31.0},{"not_picked":["Dark Embrace","Berserk"],"picked":"Impervious","floor":33.0},{"not_picked":[],"picked":"Disarm","floor":35.0},{"not_picked":[],"picked":"Master of Strategy","floor":36.0},{"not_picked":[],"picked":"HandOfGreed+1","floor":36.0},{"not_picked":["Dropkick+1"],"picked":"SKIP","floor":41.0},{"not_picked":["Body Slam+1"],"picked":"SKIP","floor":47},{"not_picked":["Perfected Strike+1"],"picked":"SKIP","floor":55}],"player_experience":2504638,"relics_obtained":[{"floor":6.0,"key":"Whetstone"},{"floor":9.0,"key":"Ornamental Fan"},{"floor":12.0,"key":"Mango"},{"floor":14.0,"key":"Potion Belt"},{"floor":19.0,"key":"Bag of Marbles"},{"floor":24.0,"key":"Omamori"},{"floor":26.0,"key":"Centennial Puzzle"},{"floor":27.0,"key":"Red Skull"},{"floor":29.0,"key":"Molten Egg 2"},{"floor":31.0,"key":"Boot"},{"floor":41.0,"key":"Blue Candle"},{"floor":44.0,"key":"Incense Burner"},{"floor":55,"key":"Oddly Smooth Stone"}],"event_choices":[{"damage_healed":0.0,"max_hp_gain":0.0,"max_hp_loss":0.0,"gold_gain":66.0,"event_name":"Golden Wing","player_choice":"Gained Gold","floor":2.0,"gold_loss":0.0,"damage_taken":0.0},{"damage_healed":0.0,"max_hp_gain":0.0,"max_hp_loss":0.0,"gold_gain":75.0,"event_name":"World of Goop","player_choice":"Gather Gold","floor":8.0,"gold_loss":0.0,"damage_taken":11.0},{"damage_healed":0.0,"max_hp_gain":0.0,"max_hp_loss":0.0,"gold_gain":0.0,"event_name":"Scrap Ooze","player_choice":"Success","floor":13.0,"gold_loss":0.0,"damage_taken":5.0,"relics_obtained":["Anchor"]},{"damage_healed":0.0,"max_hp_gain":0.0,"max_hp_loss":0.0,"gold_gain":90.0,"event_name":"Knowing Skull","player_choice":"POTION GOLD ","floor":20.0,"potions_obtained":["SmokeBomb"],"gold_loss":0.0,"damage_taken":27.0,"cards_obtained":[]},{"damage_healed":0.0,"max_hp_gain":0.0,"max_hp_loss":0.0,"gold_gain":0.0,"event_name":"Lab","player_choice":"Got Potions","floor":22.0,"gold_loss":0.0,"damage_taken":0.0},{"damage_healed":0.0,"max_hp_gain":0.0,"max_hp_loss":0.0,"gold_gain":0.0,"event_name":"SensoryStone","player_choice":"Memory 3","floor":36.0,"gold_loss":0.0,"damage_taken":10.0},{"cards_removed":["Defend_R"],"damage_healed":0.0,"max_hp_gain":0.0,"max_hp_loss":0.0,"gold_gain":0.0,"event_name":"Falling","player_choice":"Removed Skill","floor":37.0,"gold_loss":0.0,"damage_taken":0.0},{"damage_healed":0.0,"max_hp_gain":0.0,"max_hp_loss":0.0,"gold_gain":0.0,"event_name":"Tomb of Lord Red Mask","player_choice":"Paid","floor":38.0,"gold_loss":200.0,"damage_taken":0.0,"relics_obtained":["Red Mask"]},{"damage_healed":24.0,"max_hp_gain":0.0,"max_hp_loss":0.0,"gold_gain":0.0,"event_name":"Winding Halls","player_choice":"Writhe","floor":39.0,"gold_loss":0.0,"damage_taken":0.0,"cards_obtained":["Writhe"]},{"damage_healed":0.0,"max_hp_gain":0.0,"max_hp_loss":0.0,"gold_gain":0.0,"event_name":"MindBloom","player_choice":"Fight","floor":44.0,"gold_loss":0.0,"damage_taken":0.0},{"damage_healed":0,"gold_gain":0,"player_choice":"Upgraded","damage_taken":0,"max_hp_gain":0,"max_hp_loss":0,"event_name":"Upgrade Shrine","floor":48,"gold_loss":0,"cards_upgraded":["Flame Barrier"]}],"is_beta":false,"boss_relics":[{"not_picked":["Ectoplasm","Sozu"],"picked":"Snecko Eye"},{"not_picked":["Fusion Hammer","Astrolabe"],"picked":"Busted Crown"}],"items_purged_floors":[11],"is_endless":false,"potions_floor_spawned":[3,5,6,18,21,31,33,35,44],"ascension_level":20}