{"path_per_floor":["M","?","M","?","M","M","R","?","T","T","M","?","$","?","R","B",null,"M","$","M","M","?","R","?","R","T","M","M","M","?","$","R"],"character_chosen":"THE_SILENT","items_purchased":["Terror","Infinite Blades","Backstab","Swift Strike","Accuracy"],"gold_per_floor":[117,117,132,207,222,237,237,237,264,264,279,454,194,144,144,241,241,260,72,82,95,95,95,195,195,219,239,256,267,267,68,68,68],"floor_reached":33,"campfire_rested":0,"playtime":1242,"current_hp_per_floor":[70,70,70,59,59,57,57,43,43,43,38,38,38,38,38,12,70,66,66,61,43,43,43,43,43,43,32,23,16,16,16,16,0],"items_purged":["Doubt","Strike_G","Strike_G"],"gold":68,"score":237,"play_id":"776fe6a9-6185-40fd-a302-c90208250814","local_time":"20180408170945","is_prod":false,"is_daily":false,"is_ascension_mode":false,"campfire_upgraded":5,"timestamp":1523221785,"path_taken":["M","?","M","?","M","?","R","?","T","?","M","?","$","?","R","BOSS","M","$","M","M","?","R","?","R","T","M","?","M","?","$","R","BOSS"],"build_version":"2018-04-05v2","purchased_purges":3,"victory":false,"master_deck":["Defend_G","Defend_G+1","Defend_G","Defend_G","Defend_G","Strike_G","Strike_G","Survivor","Neutralize","Cloak And Dagger+1","Choke+1","Cloak And Dagger+1","Terror","Infinite Blades+1","Backstab","Noxious Fumes+1","Swift Strike","Terror+1","Deflect+1","Cloak And Dagger+1","Accuracy+1"],"max_hp_per_floor":[70,70,70,70,70,70,70,70,70,70,70,70,70,70,70,70,70,70,70,70,70,70,70,70,70,70,70,70,70,70,70,70,70],"relics":["White Beast Statue"],"card_choices":[{"not_picked":["Slice","Riddle With Holes"],"picked":"Cloak And Dagger","floor":3},{"not_picked":["Escape Plan","Dagger Throw"],"picked":"Choke","floor":6},{"not_picked":["Skewer","Dagger Spray"],"picked":"Cloak And Dagger","floor":11},{"not_picked":["Concentrate","Acrobatics"],"picked":"Noxious Fumes","floor":18},{"not_picked":["Dagger Spray","Outmaneuver"],"picked":"Terror","floor":27},{"not_picked":["Dagger Throw","Sucker Punch"],"picked":"Deflect","floor":28},{"not_picked":["Riddle With Holes","Dagger Throw"],"picked":"Cloak And Dagger","floor":29}],"player_experience":766405,"potions_floor_usage":[6,16,18,21,21,27,28,33,33],"damage_taken":[{"damage":0,"enemies":"Jaw Worm","floor":1,"turns":5},{"damage":0,"enemies":"Small Slimes","floor":3,"turns":3},{"damage":0,"enemies":"2 Louse","floor":5,"turns":3},{"damage":2,"enemies":"Exordium Wildlife","floor":6,"turns":7},{"damage":5,"enemies":"Looter","floor":11,"turns":3},{"damage":26,"enemies":"Slime Boss","floor":16,"turns":8},{"damage":4,"enemies":"Chosen","floor":18,"turns":5},{"damage":5,"enemies":"Shell Parasite","floor":20,"turns":5},{"damage":18,"enemies":"3 Cultists","floor":21,"turns":5},{"damage":11,"enemies":"Cultist and Chosen","floor":27,"turns":7},{"damage":9,"enemies":"Centurion and Healer","floor":28,"turns":8},{"damage":7,"enemies":"Snecko","floor":29,"turns":5},{"damage":37,"enemies":"Automaton","floor":33,"turns":6}],"event_choices":[{"event_name":"Scrap Ooze","player_choice":"unsuccessful","floor":2,"damage_taken":0},{"event_name":"World of Goop","player_choice":"Gather Gold","floor":4,"damage_taken":0},{"event_name":"Shining Light","player_choice":"Entered Light","floor":8,"damage_taken":0},{"event_name":"Liars Game","player_choice":"agreed","floor":12,"damage_taken":0},{"event_name":"The Cleric","player_choice":"Card Removal","floor":14,"damage_taken":0},{"event_name":"Vampires","player_choice":"Ignored","floor":22,"damage_taken":0},{"event_name":"Golden Shrine","player_choice":"Pray","floor":24,"damage_taken":0},{"event_name":"Addict","player_choice":"Ignored","floor":30,"damage_taken":0}],"boss_relics":[{"not_picked":["Black Star","Pandora\u0027s Box","Philosopher\u0027s Stone"]}],"potions_floor_spawned":[1,3,5,6,11,16,18,20,21,27,28,29],"seed_played":"-8780258953790955089","killed_by":"Automaton","ascension_level":0,"is_trial":false}