{"gold_per_floor":[212,228,228,7,24,24,24,24,49,49,66,84,113,124,124,201,201,219,219,237,249,249,249,249,269,319,319,91,124,124,136,136,207,207,219,269,51,61,61,61,61],"floor_reached":41,"playtime":2635,"items_purged":["Strike_R","Strike_R"],"score":997,"play_id":"a7b9db0e-ead4-4d03-a2ab-9b8ebecc0942","local_time":"20190507130604","is_ascension_mode":true,"campfire_choices":[{"data":"Bash","floor":6,"key":"SMITH"},{"data":"Headbutt","floor":8,"key":"SMITH"},{"data":"Strike_R","floor":10,"key":"SMITH"},{"data":"Hemokinesis","floor":15,"key":"SMITH"},{"floor":23,"key":"REST"},{"floor":27,"key":"REST"},{"data":"Feel No Pain","floor":30,"key":"SMITH"},{"data":"Feel No Pain","floor":32,"key":"SMITH"},{"data":"Clothesline","floor":40,"key":"SMITH"}],"neow_cost":"NONE","seed_source_timestamp":12818296558923,"circlet_count":0,"master_deck":["AscendersBane","Strike_R+1","Defend_R","Defend_R","Defend_R","Defend_R","Bash+1","Flame Barrier","Headbutt+1","Shrug It Off","Rampage","Hemokinesis+1","Impervious","Headbutt","Offering","Disarm","Sword Boomerang+1","Limit Break","Feel No Pain+1","Feel No Pain+1","Power Through","Offering","Clothesline+1","Limit Break","Feel No Pain","Feel No Pain+1"],"relics":["Burning Blood","Medical Kit","Red Skull","Prayer Wheel","Sozu","Nilry\u0027s Codex","The Courier","Lantern","DollysMirror","Pocketwatch","Snecko Eye"],"potions_floor_usage":[16,41],"damage_taken":[{"damage":6,"enemies":"Cultist","floor":1,"turns":3},{"damage":4,"enemies":"Small Slimes","floor":2,"turns":4},{"damage":2,"enemies":"Jaw Worm","floor":5,"turns":5},{"damage":4,"enemies":"Blue Slaver","floor":11,"turns":5},{"damage":5,"enemies":"Looter","floor":12,"turns":4},{"damage":27,"enemies":"3 Sentries","floor":13,"turns":8},{"damage":21,"enemies":"Exordium Thugs","floor":14,"turns":5},{"damage":2,"enemies":"Slime Boss","floor":16,"turns":5},{"damage":4,"enemies":"3 Byrds","floor":18,"turns":5},{"damage":20,"enemies":"Chosen","floor":20,"turns":6},{"damage":16,"enemies":"Snake Plant","floor":21,"turns":5},{"damage":12,"enemies":"Centurion and Healer","floor":25,"turns":5},{"damage":18,"enemies":"Gremlin Leader","floor":29,"turns":8},{"damage":0,"enemies":"Snecko","floor":31,"turns":6},{"damage":32,"enemies":"Collector","floor":33,"turns":12},{"damage":6,"enemies":"Orb Walker","floor":35,"turns":4},{"damage":2,"enemies":"3 Shapes","floor":38,"turns":3},{"damage":78,"enemies":"Reptomancer","floor":41,"turns":3}],"seed_played":"2947324485902164779","potions_obtained":[{"floor":1,"key":"BloodPotion"},{"floor":13,"key":"Strength Potion"}],"is_trial":false,"path_per_floor":["M","M","?","$","M","R","?","R","T","R","M","M","E","M","R","B",null,"M","?","M","M","?","R","T","M","T","R","$","E","R","M","R","B",null,"M","?","$","M","?","R","E"],"character_chosen":"IRONCLAD","items_purchased":["Medical Kit","DollysMirror","Limit Break","Feel No Pain"],"campfire_rested":2,"item_purchase_floors":[4,28,37,37],"current_hp_per_floor":[68,70,63,63,67,67,67,67,67,67,69,70,49,34,34,38,66,68,68,54,44,23,45,45,39,39,61,61,49,49,55,55,29,64,64,64,64,68,64,64,0],"gold":61,"neow_bonus":"HUNDRED_GOLD","is_prod":false,"is_daily":false,"chose_seed":false,"campfire_upgraded":7,"win_rate":0,"timestamp":1557259564,"path_taken":["M","M","?","$","M","R","?","R","T","R","?","M","E","M","R","BOSS","M","?","M","M","?","R","?","M","T","R","$","E","R","M","R","BOSS","M","?","?","M","?","R","E"],"build_version":"2019-04-23","purchased_purges":2,"victory":false,"max_hp_per_floor":[75,75,75,75,75,75,75,75,75,75,75,75,75,75,75,75,75,75,75,75,75,75,75,75,75,75,75,75,75,75,75,75,75,75,75,75,75,75,75,75,75],"card_choices":[{"not_picked":["Entrench","Fire Breathing"],"picked":"Flame Barrier","floor":1},{"not_picked":["Clash","Intimidate"],"picked":"Headbutt","floor":2},{"not_picked":["Pummel","Armaments"],"picked":"Shrug It Off","floor":5},{"not_picked":["Clash","Havoc"],"picked":"Rampage","floor":11},{"not_picked":["Clash","Wild Strike"],"picked":"Hemokinesis","floor":12},{"not_picked":["Cleave","Twin Strike"],"picked":"Impervious","floor":13},{"not_picked":["True Grit","Iron Wave"],"picked":"Headbutt","floor":14},{"not_picked":["Flex","Wild Strike","Rupture"],"picked":"SKIP","floor":14},{"not_picked":["Immolate","Berserk"],"picked":"Offering","floor":16},{"not_picked":["Sword Boomerang","Sever Soul"],"picked":"Disarm","floor":18},{"not_picked":["Havoc","Perfected Strike","Cleave"],"picked":"SKIP","floor":18},{"not_picked":["Second Wind","Wild Strike"],"picked":"Sword Boomerang+1","floor":20},{"not_picked":["Clothesline","Bloodletting+1","Carnage"],"picked":"SKIP","floor":20},{"not_picked":["Evolve","Anger"],"picked":"Limit Break","floor":21},{"not_picked":["Pummel","True Grit","Searing Blow"],"picked":"SKIP","floor":21},{"not_picked":["Evolve","Perfected Strike"],"picked":"Feel No Pain","floor":25},{"not_picked":["Metallicize","Carnage+1","Sword Boomerang"],"picked":"SKIP","floor":25},{"not_picked":["Thunderclap","Berserk"],"picked":"Power Through","floor":29},{"not_picked":["Warcry","Wild Strike","Havoc"],"picked":"SKIP","floor":31},{"not_picked":["Iron Wave+1","Ghostly Armor","Reckless Charge"],"picked":"SKIP","floor":31},{"not_picked":["Demon Form","Berserk"],"picked":"Offering","floor":33},{"not_picked":["Body Slam","Battle Trance+1"],"picked":"Clothesline","floor":35},{"not_picked":["Thunderclap","Combust+1","Pommel Strike"],"picked":"SKIP","floor":35},{"not_picked":["Burning Pact","Fire Breathing"],"picked":"Feel No Pain+1","floor":38},{"not_picked":["Havoc","Metallicize","Armaments+1"],"picked":"SKIP","floor":38}],"player_experience":6233199,"relics_obtained":[{"floor":9,"key":"Red Skull"},{"floor":13,"key":"Prayer Wheel"},{"floor":22,"key":"Nilry\u0027s Codex"},{"floor":24,"key":"The Courier"},{"floor":26,"key":"Lantern"},{"floor":29,"key":"Pocketwatch"}],"event_choices":[{"cards_removed":["Strike_R"],"damage_healed":0,"gold_gain":0,"player_choice":"Card Removal","damage_taken":7,"max_hp_gain":0,"max_hp_loss":0,"event_name":"Golden Wing","floor":3,"gold_loss":0},{"cards_removed":["Strike_R"],"damage_healed":0,"gold_gain":0,"player_choice":"Purged","damage_taken":0,"max_hp_gain":0,"max_hp_loss":0,"event_name":"Purifier","floor":7,"gold_loss":0},{"damage_healed":0,"gold_gain":0,"player_choice":"Ignored","damage_taken":0,"max_hp_gain":0,"max_hp_loss":0,"event_name":"The Mausoleum","floor":19,"gold_loss":0},{"damage_healed":0,"gold_gain":0,"player_choice":"Obtained Book","damage_taken":21,"max_hp_gain":0,"max_hp_loss":0,"event_name":"Cursed Tome","floor":22,"gold_loss":0},{"damage_healed":0,"gold_gain":50,"player_choice":"Pray","damage_taken":0,"max_hp_gain":0,"max_hp_loss":0,"event_name":"Golden Shrine","floor":36,"gold_loss":0},{"damage_healed":0,"gold_gain":0,"player_choice":"Bought 0 Potions","damage_taken":0,"max_hp_gain":0,"max_hp_loss":0,"event_name":"The Woman in Blue","floor":39,"gold_loss":0}],"is_beta":true,"boss_relics":[{"not_picked":["Astrolabe","Black Star"],"picked":"Sozu"},{"not_picked":["Black Blood","Runic Cube"],"picked":"Snecko Eye"}],"items_purged_floors":[28,37],"is_endless":false,"potions_floor_spawned":[1,13,14,20,21,25,31,33,38],"killed_by":"Reptomancer","ascension_level":20}