{"gold_per_floor":[118,118,43,43,43,43,76,91,91,109,109,143,156,183,183,258,258,275,100,119,44,44,44,70,70,97,97,112,112,124,159,159,232,232,252,252,206,216,235,235,235,267,293,306,306,318,268,278,278,278,278,278,23,54,54],"floor_reached":55,"playtime":2239,"items_purged":["Strike_R","Strike_R","Strike_R"],"score":1368,"play_id":"5996b668-3e1e-4f3e-8e72-4cf5c92be23f","local_time":"20190331222132","is_ascension_mode":true,"campfire_choices":[{"data":"Bash","floor":6.0,"key":"SMITH"},{"data":"Cleave","floor":11.0,"key":"SMITH"},{"data":"Battle Trance","floor":15.0,"key":"SMITH"},{"data":"Feed","floor":23.0,"key":"SMITH"},{"data":"Spot Weakness","floor":25.0,"key":"SMITH"},{"floor":27.0,"key":"REST"},{"data":"Feel No Pain","floor":29.0,"key":"SMITH"},{"data":"Strike_R","floor":32.0,"key":"PURGE"},{"floor":40.0,"key":"RECALL"},{"data":"Injury","floor":45.0,"key":"PURGE"},{"data":"Barricade","floor":49.0,"key":"SMITH"},{"data":"Offering","floor":52.0,"key":"SMITH"}],"neow_cost":"NONE","seed_source_timestamp":0,"circlet_count":0,"master_deck":["AscendersBane","Defend_R","Defend_R","Defend_R","Defend_R","Bash+1","Armaments+1","Battle Trance+1","Cleave+1","Headbutt","Offering+1","Feel No Pain+1","Feed+1","Battle Trance","Spot Weakness+1","Burning Pact+1","Spot Weakness+1","Disarm+1","Reaper","Shrug It Off+1","Metallicize+1","Barricade+1","Clothesline+1","Shrug It Off+1","Feel No Pain+1"],"special_seed":0,"relics":["Burning Blood","Regal Pillow","Ancient Tea Set","Prayer Wheel","Red Skull","Bag of Preparation","Busted Crown","Toxic Egg 2","Peace Pipe","Cursed Key","Lantern","Smiling Mask","Lee\u0027s Waffle","Mummified Hand"],"potions_floor_usage":[55,55],"damage_taken":[{"damage":3.0,"enemies":"Small Slimes","floor":1.0,"turns":4.0},{"damage":21.0,"enemies":"Lagavulin","floor":7.0,"turns":8.0},{"damage":0.0,"enemies":"2 Louse","floor":8.0,"turns":3.0},{"damage":7.0,"enemies":"Jaw Worm","floor":10.0,"turns":3.0},{"damage":18.0,"enemies":"Gremlin Nob","floor":12.0,"turns":3.0},{"damage":6.0,"enemies":"Blue Slaver","floor":13.0,"turns":4.0},{"damage":25.0,"enemies":"Lagavulin","floor":14.0,"turns":6.0},{"damage":6.0,"enemies":"Slime Boss","floor":16.0,"turns":6.0},{"damage":16.0,"enemies":"Shell Parasite","floor":18.0,"turns":5.0},{"damage":10.0,"enemies":"Spheric Guardian","floor":20.0,"turns":4.0},{"damage":23.0,"enemies":"Book of Stabbing","floor":24.0,"turns":4.0},{"damage":11.0,"enemies":"Snecko","floor":28.0,"turns":4.0},{"damage":20.0,"enemies":"Centurion and Healer","floor":30.0,"turns":5.0},{"damage":28.0,"enemies":"Slavers","floor":31.0,"turns":6.0},{"damage":44.0,"enemies":"Champ","floor":33.0,"turns":13.0},{"damage":23.0,"enemies":"Orb Walker","floor":35.0,"turns":4.0},{"damage":10.0,"enemies":"3 Darklings","floor":38.0,"turns":3.0},{"damage":27.0,"enemies":"Writhing Mass","floor":39.0,"turns":5.0},{"damage":37.0,"enemies":"Reptomancer","floor":42.0,"turns":7.0},{"damage":26.0,"enemies":"Maw","floor":44.0,"turns":7.0},{"damage":42.0,"enemies":"3 Darklings","floor":46.0,"turns":7.0},{"damage":6.0,"enemies":"Sphere and 2 Shapes","floor":48.0,"turns":5.0},{"damage":32.0,"enemies":"Awakened One","floor":50.0,"turns":16.0},{"damage":35.0,"enemies":"Shield and Spear","floor":54.0,"turns":9.0},{"damage":173,"enemies":"The Heart","floor":55,"turns":11}],"seed_played":"-2553087484615352871","potions_obtained":[{"floor":1.0,"key":"Dexterity Potion"},{"floor":8.0,"key":"Regen Potion"},{"floor":10.0,"key":"Swift Potion"},{"floor":12.0,"key":"AttackPotion"},{"floor":20.0,"key":"Ancient Potion"},{"floor":30.0,"key":"Block Potion"},{"floor":33.0,"key":"EssenceOfSteel"},{"floor":54.0,"key":"BloodPotion"}],"is_trial":false,"path_per_floor":["M","?","$","?","?","R","E","M","T","M","R","E","M","E","R","B",null,"M","$","M","?","$","R","E","R","T","R","M","R","M","E","R","B",null,"M","?","$","M","M","R","?","E","T","M","R","M","$","M","R","B",null,"R","$","E","B"],"character_chosen":"IRONCLAD","items_purchased":["Spot Weakness","Shrug It Off+1","AttackPotion","Lee\u0027s Waffle"],"campfire_rested":1,"item_purchase_floors":[19,37,53,53],"current_hp_per_floor":[71,76,76,76,76,76,61,67,67,66,66,54,54,47,47,47,72,66,66,66,66,66,66,53,53,53,92,87,87,77,59,59,25,84,89,89,89,105,116,116,110,110,110,114,114,118,118,122,122,122,122,122,129,129,0],"gold":54,"neow_bonus":"RANDOM_COMMON_RELIC","is_prod":false,"is_daily":false,"chose_seed":false,"campfire_upgraded":8,"win_rate":0,"timestamp":1554085292,"path_taken":["M","?","$","?","?","R","E","M","T","M","R","E","?","E","R","BOSS","M","$","M","?","$","R","E","R","T","R","M","R","M","E","R","BOSS","M","?","$","M","M","R","?","E","T","M","R","M","$","M","R","BOSS","R","$","E","BOSS"],"build_version":"2019-03-15","purchased_purges":3,"victory":false,"max_hp_per_floor":[75,80,80,80,80,80,80,80,80,80,80,80,80,80,80,80,80,84,84,88,88,88,88,92,92,92,92,92,92,96,100,100,104,104,108,108,108,112,116,116,110,110,110,114,114,118,118,122,122,122,122,122,129,129,129],"card_choices":[{"not_picked":["Second Wind","Wild Strike"],"picked":"Armaments","floor":1.0},{"not_picked":["Combust","Perfected Strike"],"picked":"Battle Trance","floor":7.0},{"not_picked":["Perfected Strike","Feel No Pain"],"picked":"Cleave","floor":8.0},{"not_picked":["Cleave","Flex"],"picked":"Headbutt","floor":10.0},{"not_picked":["Warcry","Cleave","Sword Boomerang"],"picked":"SKIP","floor":10.0},{"not_picked":["Clash","Carnage"],"picked":"Offering","floor":12.0},{"not_picked":["Burning Pact","Armaments"],"picked":"Feel No Pain","floor":13.0},{"not_picked":["Dropkick","Pommel Strike","Wild Strike"],"picked":"SKIP","floor":13.0},{"not_picked":["Bloodletting","Sentinel","Heavy Blade"],"picked":"SKIP","floor":14.0},{"not_picked":["Bludgeon","Barricade"],"picked":"Feed","floor":16.0},{"not_picked":[],"picked":"Battle Trance","floor":18.0},{"not_picked":["Clash"],"picked":"SKIP","floor":18.0},{"not_picked":["Wild Strike"],"picked":"SKIP","floor":20.0},{"not_picked":["Infernal Blade"],"picked":"SKIP","floor":20.0},{"not_picked":["Sever Soul+1"],"picked":"SKIP","floor":24.0},{"not_picked":[],"picked":"Burning Pact+1","floor":28.0},{"not_picked":["Anger"],"picked":"SKIP","floor":28.0},{"not_picked":[],"picked":"Spot Weakness+1","floor":30.0},{"not_picked":[],"picked":"Disarm+1","floor":30.0},{"not_picked":["Body Slam"],"picked":"SKIP","floor":31.0},{"not_picked":[],"picked":"Reaper","floor":33.0},{"not_picked":["Twin Strike+1"],"picked":"SKIP","floor":35.0},{"not_picked":["Perfected Strike+1"],"picked":"SKIP","floor":35.0},{"not_picked":["Body Slam"],"picked":"SKIP","floor":38.0},{"not_picked":["Clothesline"],"picked":"SKIP","floor":38.0},{"not_picked":[],"picked":"Metallicize+1","floor":39.0},{"not_picked":["True Grit+1"],"picked":"SKIP","floor":39.0},{"not_picked":["Thunderclap"],"picked":"SKIP","floor":42.0},{"not_picked":[],"picked":"Barricade","floor":44.0},{"not_picked":[],"picked":"Clothesline+1","floor":44.0},{"not_picked":["Battle Trance+1"],"picked":"SKIP","floor":46.0},{"not_picked":["Thunderclap+1"],"picked":"SKIP","floor":46.0},{"not_picked":[],"picked":"Shrug It Off+1","floor":48.0},{"not_picked":["Cleave+1"],"picked":"SKIP","floor":48.0},{"not_picked":[],"picked":"Feel No Pain+1","floor":54.0}],"player_experience":2329027,"relics_obtained":[{"floor":7.0,"key":"Ancient Tea Set"},{"floor":9.0,"key":"Prayer Wheel"},{"floor":12.0,"key":"Red Skull"},{"floor":14.0,"key":"Bag of Preparation"},{"floor":24.0,"key":"Toxic Egg 2"},{"floor":31.0,"key":"Peace Pipe"},{"floor":42.0,"key":"Lantern"},{"floor":43.0,"key":"Smiling Mask"},{"floor":54.0,"key":"Mummified Hand"}],"event_choices":[{"damage_healed":0.0,"max_hp_gain":5.0,"max_hp_loss":0.0,"gold_gain":0.0,"event_name":"Big Fish","player_choice":"Donut","floor":2.0,"gold_loss":0.0,"damage_taken":0.0},{"damage_healed":0.0,"max_hp_gain":0.0,"max_hp_loss":0.0,"gold_gain":0.0,"event_name":"Living Wall","player_choice":"Grow","floor":4.0,"gold_loss":0.0,"damage_taken":0.0,"cards_upgraded":["Armaments"]},{"damage_healed":0.0,"max_hp_gain":0.0,"max_hp_loss":0.0,"gold_gain":0.0,"event_name":"The Cleric","player_choice":"Leave","floor":5.0,"gold_loss":0.0,"damage_taken":0.0},{"cards_removed":["Strike_R"],"damage_healed":0.0,"max_hp_gain":0.0,"max_hp_loss":0.0,"gold_gain":0.0,"event_name":"Beggar","player_choice":"Gave Gold","floor":21.0,"gold_loss":75.0,"damage_taken":0.0},{"damage_healed":0.0,"max_hp_gain":0.0,"max_hp_loss":0.0,"gold_gain":0.0,"event_name":"Tomb of Lord Red Mask","player_choice":"Ignored","floor":36.0,"gold_loss":0.0,"damage_taken":0.0},{"damage_healed":0.0,"max_hp_gain":0.0,"max_hp_loss":6.0,"gold_gain":0.0,"event_name":"Winding Halls","player_choice":"Max HP","floor":41.0,"gold_loss":0.0,"damage_taken":0.0}],"is_beta":true,"boss_relics":[{"not_picked":["Mark of Pain","Astrolabe"],"picked":"Busted Crown"},{"not_picked":["Tiny House","Eternal Feather"],"picked":"Cursed Key"}],"items_purged_floors":[3,19,47],"is_endless":false,"potions_floor_spawned":[1,8,10,12,20,30,31,33,39,42,44,46,48,54],"killed_by":"The Heart","ascension_level":15}