{"gold_per_floor":[109,32,107,124,151,151,165,165,165,199,209,220,220,37,37,37],"floor_reached":16,"playtime":302,"items_purged":[],"score":200,"play_id":"e743fa7f-52dc-478a-a035-9b6d9014aa02","local_time":"20190215200307","is_ascension_mode":true,"campfire_choices":[{"data":"Bash","floor":6,"key":"SMITH"},{"data":"Armaments","floor":8,"key":"SMITH"},{"data":"Pommel Strike","floor":13,"key":"SMITH"},{"data":"Mayhem","floor":15,"key":"SMITH"}],"neow_cost":"NONE","seed_source_timestamp":34239423433733,"circlet_count":0,"master_deck":["AscendersBane","Strike_R","Strike_R","Strike_R","Strike_R","Strike_R","Defend_R","Defend_R","Defend_R","Defend_R","Bash+1","Panacea","Armaments+1","Flame Barrier","Headbutt","Twin Strike","Corruption","Pommel Strike+1","Mayhem+1"],"relics":["Burning Blood","Dream Catcher","Regal Pillow","Red Skull"],"potions_floor_usage":[16],"damage_taken":[{"damage":9,"enemies":"2 Louse","floor":1,"turns":2},{"damage":7,"enemies":"Jaw Worm","floor":4,"turns":5},{"damage":0,"enemies":"Cultist","floor":7,"turns":4},{"damage":42,"enemies":"3 Sentries","floor":10,"turns":12},{"damage":0,"enemies":"2 Fungi Beasts","floor":11,"turns":3},{"damage":11,"enemies":"Blue Slaver","floor":12,"turns":4},{"damage":28,"enemies":"Slime Boss","floor":16,"turns":5}],"seed_played":"6500481361117328836","potions_obtained":[{"floor":1,"key":"EssenceOfSteel"},{"floor":7,"key":"Dexterity Potion"}],"is_trial":false,"path_per_floor":["M","$","?","M","T","R","M","R","T","E","M","M","R","$","R","B"],"character_chosen":"IRONCLAD","items_purchased":["Flame Barrier","Mayhem"],"campfire_rested":0,"item_purchase_floors":[2,14],"current_hp_per_floor":[65,65,54,53,53,53,59,59,59,23,29,24,24,24,24,0],"gold":37,"neow_bonus":"RANDOM_COLORLESS","is_prod":false,"is_daily":false,"chose_seed":false,"campfire_upgraded":4,"win_rate":0,"timestamp":1550286187,"path_taken":["M","$","?","M","?","R","M","R","T","E","?","M","R","$","R","BOSS"],"build_version":"2019-02-06","purchased_purges":0,"victory":false,"max_hp_per_floor":[75,75,75,75,75,75,75,75,75,75,75,75,75,75,75,75],"card_choices":[{"not_picked":["Hemokinesis","Body Slam"],"picked":"Armaments","floor":1},{"not_picked":["Searing Blow","Seeing Red","Combust"],"picked":"SKIP","floor":4},{"not_picked":["Warcry","Body Slam"],"picked":"Headbutt","floor":7},{"not_picked":["Second Wind","Anger"],"picked":"Twin Strike","floor":10},{"not_picked":["Dark Embrace","Perfected Strike"],"picked":"Corruption","floor":11},{"not_picked":["Body Slam","Corruption"],"picked":"Pommel Strike","floor":12}],"player_experience":1093789,"relics_obtained":[{"floor":5,"key":"Dream Catcher"},{"floor":9,"key":"Regal Pillow"},{"floor":10,"key":"Red Skull"}],"event_choices":[{"damage_healed":0,"gold_gain":75,"player_choice":"Gather Gold","damage_taken":11,"max_hp_gain":0,"max_hp_loss":0,"event_name":"World of Goop","floor":3,"gold_loss":0}],"is_beta":true,"boss_relics":[],"items_purged_floors":[],"is_endless":false,"potions_floor_spawned":[1,7,12],"killed_by":"Slime Boss","ascension_level":20}