{"path_per_floor":["M","$","?","$","?","R","E","R","T","?","M","?","M","$","R","B",null,"M","?","M","M","?","R","E","?","T","E","$","T","?","M","R"],"character_chosen":"IRONCLAD","items_purchased":["Swift Strike"],"gold_per_floor":[112,37,37,37,37,37,71,71,95,195,209,209,220,22,22,120,120,136,136,153,167,167,167,197,197,273,303,178,203,203,215,215,215],"floor_reached":33,"campfire_rested":0,"playtime":1314,"current_hp_per_floor":[80,80,80,80,80,80,48,48,48,48,46,66,65,65,65,6,77,77,77,77,72,72,72,69,69,69,42,42,42,42,31,31,0],"items_purged":["Strike_R","Parasite","Writhe"],"gold":215,"score":279,"play_id":"3dc400f9-06cc-4073-aeaa-6be70ef2aa09","local_time":"20180409104011","is_prod":false,"is_daily":false,"is_ascension_mode":false,"campfire_upgraded":5,"timestamp":1523284811,"path_taken":["M","$","?","$","?","R","E","R","T","?","M","?","M","?","R","BOSS","M","?","M","M","?","R","E","?","T","E","$","?","?","M","R","BOSS"],"build_version":"2018-04-05v2","purchased_purges":3,"victory":false,"master_deck":["Strike_R+1","Strike_R+1","Strike_R+1","Strike_R+1","Defend_R+1","Defend_R+1","Defend_R+1","Defend_R+1","Bash+1","Body Slam+1","Feel No Pain","Flex+1","Anger+1","Swift Strike","Impervious","Fire Breathing+1","Flame Barrier+1","Sword Boomerang+1","Flex+1","Decay","Fire Breathing+1"],"max_hp_per_floor":[80,80,80,80,80,80,80,80,80,80,80,80,80,77,77,77,77,77,77,77,77,77,77,77,77,77,77,77,77,77,77,77,77],"relics":["Runic Pyramid","Juzu Bracelet","Letter Opener","Bag of Preparation","Cursed Key","Bottled Tornado","Tiny Chest","Blood Vial","Lantern"],"card_choices":[{"not_picked":["Sword Boomerang","Twin Strike"],"picked":"Body Slam","floor":1},{"not_picked":["Iron Wave","Infernal Blade"],"picked":"Feel No Pain","floor":7},{"not_picked":["Clothesline","Perfected Strike"],"picked":"Flex","floor":11},{"not_picked":["Twin Strike","Dropkick"],"picked":"Anger","floor":13},{"not_picked":["Feed","Bludgeon"],"picked":"Impervious","floor":16},{"not_picked":["Spot Weakness","Twin Strike"],"picked":"Fire Breathing","floor":18},{"not_picked":["Warcry","Shockwave"],"picked":"Flame Barrier","floor":20},{"not_picked":["Perfected Strike","Headbutt"],"picked":"Sword Boomerang","floor":21},{"not_picked":["Clothesline","Combust"],"picked":"Flex","floor":27}],"player_experience":786776,"potions_floor_usage":[7,16,21,21,33],"damage_taken":[{"damage":0,"enemies":"Small Slimes","floor":1,"turns":3},{"damage":32,"enemies":"Gremlin Nob","floor":7,"turns":5},{"damage":2,"enemies":"2 Louse","floor":11,"turns":2},{"damage":1,"enemies":"Jaw Worm","floor":13,"turns":3},{"damage":59,"enemies":"The Guardian","floor":16,"turns":9},{"damage":0,"enemies":"Spheric Guardian","floor":18,"turns":3},{"damage":0,"enemies":"Chosen","floor":20,"turns":3},{"damage":14,"enemies":"Centurion and Healer","floor":21,"turns":5},{"damage":3,"enemies":"Gremlin Leader","floor":24,"turns":6},{"damage":27,"enemies":"Slavers","floor":27,"turns":6},{"damage":13,"enemies":"Snake Plant","floor":31,"turns":4},{"damage":54,"enemies":"Champ","floor":33,"turns":10}],"event_choices":[{"event_name":"The Cleric","player_choice":"Leave","floor":3,"damage_taken":0},{"event_name":"Wheel of Change","player_choice":"Relic","floor":5,"damage_taken":0},{"event_name":"Golden Shrine","player_choice":"Pray","floor":10,"damage_taken":0},{"event_name":"Mushrooms","player_choice":"Healed and dodged fight","floor":12,"damage_taken":0},{"event_name":"Upgrade Shrine","player_choice":"Upgraded","floor":19,"damage_taken":0},{"event_name":"Back to Basics","player_choice":"Simplicity","floor":22,"damage_taken":0},{"event_name":"Vampires","player_choice":"Ignored","floor":25,"damage_taken":0},{"event_name":"Duplicator","player_choice":"One dupe","floor":30,"damage_taken":0}],"boss_relics":[{"not_picked":["Runic Cube","Runic Dome"],"picked":"Cursed Key"}],"potions_floor_spawned":[1,11,18,20,31],"seed_played":"4511386268691975219","killed_by":"Champ","ascension_level":0,"is_trial":false}