{"gold_per_floor":[114,132,28,178,178,213,213,183,206,206,239,254,278,293,293,293],"floor_reached":16,"playtime":640,"items_purged":[],"score":220,"play_id":"1f845339-8106-4602-87fa-58e9481cb9ac","local_time":"20190330183451","is_ascension_mode":true,"campfire_choices":[{"data":"Zap","floor":7,"key":"SMITH"},{"floor":10,"key":"REST"},{"data":"Dualcast","floor":15,"key":"SMITH"}],"neow_cost":"PERCENT_DAMAGE","seed_source_timestamp":1184443336680935,"circlet_count":0,"master_deck":["AscendersBane","Strike_B","Strike_B","Strike_B","Strike_B","Defend_B","Defend_B","Defend_B","Defend_B","Zap+1","Dualcast+1","Seek","Compile Driver","Coolheaded","Sweeping Beam","Doubt","All For One","Tempest+1","Genetic Algorithm+1","Leap+1","Hologram+1"],"relics":["Cracked Core","Golden Idol","Omamori","Lantern","Toxic Egg 2"],"potions_floor_usage":[6,6,11,12,14],"damage_taken":[{"damage":0,"enemies":"Cultist","floor":1,"turns":4},{"damage":9,"enemies":"Small Slimes","floor":2,"turns":3},{"damage":9,"enemies":"Gremlin Nob","floor":6,"turns":3},{"damage":19,"enemies":"Lagavulin","floor":11,"turns":7},{"damage":0,"enemies":"2 Louse","floor":12,"turns":1},{"damage":17,"enemies":"Gremlin Gang","floor":13,"turns":3},{"damage":0,"enemies":"3 Louse","floor":14,"turns":1},{"damage":11,"enemies":"Hexaghost","floor":16,"turns":7}],"seed_played":"7478272459619020702","potions_obtained":[{"floor":2,"key":"GamblersBrew"},{"floor":8,"key":"SneckoOil"},{"floor":8,"key":"Dexterity Potion"},{"floor":12,"key":"Ancient Potion"},{"floor":13,"key":"Energy Potion"}],"is_trial":false,"path_per_floor":["M","M","$","?","?","E","R","?","T","R","E","M","M","M","R","B"],"character_chosen":"DEFECT","items_purchased":["Fire Potion","Sweeping Beam"],"campfire_rested":1,"item_purchase_floors":[3,3],"current_hp_per_floor":[46,37,37,37,37,28,28,28,28,47,28,28,11,11,11,0],"gold":293,"neow_bonus":"THREE_RARE_CARDS","is_prod":false,"is_daily":false,"chose_seed":false,"campfire_upgraded":2,"win_rate":0,"timestamp":1553985291,"path_taken":["M","M","$","?","?","E","R","?","T","R","E","M","?","M","R","BOSS"],"build_version":"2019-01-23","purchased_purges":0,"victory":false,"max_hp_per_floor":[71,71,71,71,64,64,64,64,64,64,64,64,64,64,64,64],"card_choices":[{"not_picked":["Rainbow","Hyperbeam"],"picked":"Seek","floor":0},{"not_picked":["Barrage","Sweeping Beam"],"picked":"Compile Driver","floor":1},{"not_picked":["Blizzard","Tempest"],"picked":"Coolheaded","floor":2},{"not_picked":["Beam Cell","Fusion"],"picked":"All For One","floor":6},{"not_picked":["Rebound","Ball Lightning"],"picked":"Tempest","floor":11},{"not_picked":["Chaos+1","Tempest+1"],"picked":"Genetic Algorithm+1","floor":12},{"not_picked":["Barrage","Redo+1"],"picked":"Leap+1","floor":13},{"not_picked":["Cold Snap","Compile Driver"],"picked":"Hologram+1","floor":14}],"player_experience":1496758,"relics_obtained":[{"floor":6,"key":"Omamori"},{"floor":9,"key":"Lantern"},{"floor":11,"key":"Toxic Egg 2"}],"event_choices":[{"damage_healed":0,"gold_gain":150,"player_choice":"AGREE","damage_taken":0,"max_hp_gain":0,"max_hp_loss":0,"event_name":"Liars Game","floor":4,"gold_loss":0,"cards_obtained":["Doubt"]},{"damage_healed":0,"gold_gain":0,"player_choice":"Lose Max HP","damage_taken":0,"relics_obtained":["Golden Idol"],"max_hp_gain":0,"max_hp_loss":7,"event_name":"Golden Idol","floor":5,"gold_loss":0},{"damage_healed":0,"gold_gain":0,"player_choice":"Bought 2 Potions","damage_taken":0,"max_hp_gain":0,"max_hp_loss":0,"event_name":"The Woman in Blue","floor":8,"gold_loss":0}],"is_beta":false,"boss_relics":[],"items_purged_floors":[],"is_endless":false,"potions_floor_spawned":[2,12,13],"killed_by":"Hexaghost","ascension_level":20}