{"gold_per_floor":[113,133,148,55,73,73,101,101,101,176,196,196,207,232,232,232],"floor_reached":16,"playtime":570,"items_purged":[],"score":196,"play_id":"a8c683cb-e562-47bc-b218-26da56d5c1f5","local_time":"20180802102241","is_ascension_mode":true,"campfire_choices":[{"floor":6.0,"key":"REST"},{"data":"Neutralize","floor":8.0,"key":"SMITH"},{"floor":12.0,"key":"REST"},{"floor":15,"key":"REST"}],"neow_cost":"TEN_PERCENT_HP_LOSS","seed_source_timestamp":4557678922970,"circlet_count":0,"master_deck":["Defend_G","Defend_G","Defend_G","Defend_G","Defend_G","Strike_G","Strike_G","Strike_G","Survivor","Neutralize+1","AscendersBane","Infinite Blades","Concentrate","Dagger Spray","Infinite Blades","Escape Plan","Adrenaline","Dagger Throw","Footwork"],"special_seed":0,"relics":["Ring of the Snake","Prayer Wheel","Bottled Tornado","Bottled Lightning"],"potions_floor_usage":[16,16],"damage_taken":[{"damage":2.0,"enemies":"2 Louse","floor":1.0,"turns":4.0},{"damage":5.0,"enemies":"Jaw Worm","floor":2.0,"turns":8.0},{"damage":1.0,"enemies":"Cultist","floor":3.0,"turns":5.0},{"damage":38.0,"enemies":"Gremlin Gang","floor":5.0,"turns":5.0},{"damage":12.0,"enemies":"Lagavulin","floor":7.0,"turns":5.0},{"damage":1.0,"enemies":"Looter","floor":11.0,"turns":4.0},{"damage":0,"enemies":"Blue Slaver","floor":13,"turns":4},{"damage":21,"enemies":"3 Sentries","floor":14,"turns":8},{"damage":23,"enemies":"Hexaghost","floor":16,"turns":15}],"seed_played":"-3095619605201986081","potions_obtained":[{"floor":1.0,"key":"FearPotion"},{"floor":5.0,"key":"SteroidPotion"},{"floor":13,"key":"Block Potion"},{"floor":14,"key":"Poison Potion"}],"is_trial":false,"path_per_floor":["M","M","M","$","M","R","E","R","T","?","M","R","M","E","R"],"character_chosen":"THE_SILENT","items_purchased":["Dagger Spray","Infinite Blades"],"campfire_rested":3,"item_purchase_floors":[4,4],"current_hp_per_floor":[57,52,51,51,13,31,19,19,19,8,7,25,25,4,22,0],"gold":232,"neow_bonus":"TRANSFORM_TWO_CARDS","is_prod":false,"is_daily":false,"chose_seed":false,"campfire_upgraded":1,"win_rate":0,"timestamp":1533230561,"path_taken":["M","M","M","$","M","R","E","R","T","?","M","R","M","E","R","BOSS"],"build_version":"2018-08-01","purchased_purges":0,"victory":false,"max_hp_per_floor":[60,60,60,60,60,60,60,60,60,60,60,60,60,60,60,60],"card_choices":[{"not_picked":["Eviscerate","Blade Dance","Acrobatics"],"picked":"SKIP","floor":1.0},{"not_picked":["Terror","Underhanded Strike","Bane"],"picked":"SKIP","floor":2.0},{"not_picked":["Outmaneuver","Tactician","Slice"],"picked":"SKIP","floor":3.0},{"not_picked":["Underhanded Strike","Blur","Eviscerate"],"picked":"SKIP","floor":5.0},{"not_picked":["Blade Dance","Distraction"],"picked":"Escape Plan","floor":7.0},{"not_picked":["Deflect","PiercingWail"],"picked":"Adrenaline","floor":11.0},{"not_picked":["Eviscerate","Acrobatics","Calculated Gamble"],"picked":"SKIP","floor":11.0},{"not_picked":["Dodge and Roll","All Out Attack"],"picked":"Dagger Throw","floor":13},{"not_picked":["Flying Knee","Underhanded Strike","Skewer"],"picked":"SKIP","floor":13},{"not_picked":["Blur","Blade Dance"],"picked":"Footwork","floor":14}],"player_experience":823342,"relics_obtained":[{"floor":7.0,"key":"Prayer Wheel"},{"floor":9.0,"key":"Bottled Tornado"},{"floor":14,"key":"Bottled Lightning"}],"event_choices":[{"event_name":"World of Goop","player_choice":"Gather Gold","floor":10.0,"damage_taken":0.0}],"is_beta":true,"boss_relics":[],"items_purged_floors":[],"is_endless":false,"potions_floor_spawned":[1,5,13,14],"killed_by":"Hexaghost","ascension_level":15}