{"gold_per_floor":[116,116,130,130,130,130,159,159,214,247,260,317,332,507,507,603,603,616,616,6,23,43,75,91,91,91,107,107,134,145,172,172,172],"floor_reached":33,"playtime":2047,"items_purged":["Strike_R"],"score":457,"play_id":"ed748166-8a55-467a-9e10-910004a736a1","local_time":"20190505140558","is_ascension_mode":true,"campfire_choices":[{"data":"Flame Barrier","floor":6,"key":"SMITH"},{"data":"Armaments","floor":8,"key":"SMITH"},{"floor":15,"key":"REST"},{"data":"Fiend Fire","floor":25,"key":"SMITH"},{"floor":28,"key":"REST"},{"data":"Feel No Pain","floor":32,"key":"SMITH"}],"neow_cost":"NONE","seed_source_timestamp":66253345210846,"circlet_count":0,"master_deck":["Strike_R","Strike_R","Strike_R","Strike_R","Defend_R","Defend_R","Defend_R","Defend_R","Bash","Flame Barrier+1","Perfected Strike","Armaments+1","Offering","Cleave","Clothesline","Rupture","Fiend Fire+1","Headbutt+1","Ghostly Armor","Power Through+1","Battle Trance","Second Wind","Feel No Pain+1"],"relics":["Burning Blood","Paper Frog","Regal Pillow","Bronze Scales","Blue Candle","Lantern","Charon\u0027s Ashes","Orichalcum","Mark of Pain","Molten Egg 2","Gambling Chip","Boot","Turnip","Question Card","Juzu Bracelet"],"potions_floor_usage":[16,16,31,33,33],"damage_taken":[{"damage":5,"enemies":"Small Slimes","floor":1,"turns":3},{"damage":3,"enemies":"2 Louse","floor":3,"turns":4},{"damage":23,"enemies":"Gremlin Nob","floor":7,"turns":4},{"damage":21,"enemies":"Lagavulin","floor":10,"turns":6},{"damage":1,"enemies":"Cultist","floor":11,"turns":3},{"damage":16,"enemies":"Lagavulin Event","floor":12,"turns":6},{"damage":6,"enemies":"Blue Slaver","floor":13,"turns":1},{"damage":31,"enemies":"Hexaghost","floor":16,"turns":12},{"damage":6,"enemies":"Shell Parasite","floor":18,"turns":3},{"damage":6,"enemies":"Chosen","floor":21,"turns":3},{"damage":10,"enemies":"Centurion and Healer","floor":22,"turns":4},{"damage":49,"enemies":"Slavers","floor":23,"turns":5},{"damage":5,"enemies":"Snecko","floor":24,"turns":4},{"damage":6,"enemies":"Snake Plant","floor":27,"turns":1},{"damage":11,"enemies":"Book of Stabbing","floor":29,"turns":3},{"damage":6,"enemies":"3 Cultists","floor":30,"turns":3},{"damage":17,"enemies":"Gremlin Leader","floor":31,"turns":3},{"damage":69,"enemies":"Champ","floor":33,"turns":18}],"seed_played":"1013683604135135266","potions_obtained":[{"floor":1,"key":"SpeedPotion"},{"floor":7,"key":"GamblersBrew"},{"floor":10,"key":"BloodPotion"},{"floor":18,"key":"LiquidBronze"},{"floor":24,"key":"SkillPotion"}],"is_trial":false,"path_per_floor":["M","?","M","?","?","R","E","R","T","E","M","?","M","?","R","B",null,"M","?","$","M","M","E","M","R","T","M","R","E","M","E","R","B"],"character_chosen":"IRONCLAD","items_purchased":["Molten Egg 2","Gambling Chip"],"campfire_rested":2,"item_purchase_floors":[20,20],"current_hp_per_floor":[73,73,76,69,69,69,52,52,52,37,42,32,32,32,71,46,72,72,72,72,72,68,25,26,26,26,26,65,60,60,49,49,0],"gold":172,"neow_bonus":"RANDOM_COLORLESS","is_prod":false,"is_daily":false,"chose_seed":false,"campfire_upgraded":4,"win_rate":0,"timestamp":1557061558,"path_taken":["M","?","M","?","?","R","E","R","T","E","?","?","M","?","R","BOSS","M","?","$","M","?","E","?","R","T","M","R","E","M","E","R","BOSS"],"build_version":"2019-01-23","purchased_purges":1,"victory":false,"max_hp_per_floor":[80,80,80,80,80,80,80,80,80,80,80,80,80,80,80,80,80,80,80,80,80,80,80,80,80,80,80,80,80,80,80,80,80],"card_choices":[{"not_picked":["Clash","Thunderclap"],"picked":"Flame Barrier","floor":1},{"not_picked":["Flex","Pommel Strike"],"picked":"Perfected Strike","floor":3},{"not_picked":["Twin Strike","Perfected Strike"],"picked":"Armaments","floor":7},{"not_picked":["Twin Strike","Hemokinesis"],"picked":"Offering","floor":10},{"not_picked":["Heavy Blade","Flex"],"picked":"Cleave","floor":11},{"not_picked":["Dual Wield","Entrench"],"picked":"Clothesline","floor":12},{"not_picked":["Bloodletting","Metallicize"],"picked":"Rupture","floor":13},{"not_picked":["Immolate","Offering"],"picked":"Fiend Fire","floor":16},{"not_picked":["Sever Soul+1","Intimidate","Hemokinesis+1"],"picked":"SKIP","floor":18},{"not_picked":["Twin Strike+1","Reckless Charge+1"],"picked":"Headbutt+1","floor":21},{"not_picked":["Cleave+1","Sword Boomerang+1","Infernal Blade"],"picked":"SKIP","floor":22},{"not_picked":["Pommel Strike+1","Seeing Red"],"picked":"Ghostly Armor","floor":23},{"not_picked":["Sentinel+1","Dual Wield"],"picked":"Power Through+1","floor":24},{"not_picked":["Cleave+1","Clothesline+1"],"picked":"Battle Trance","floor":27},{"not_picked":["Clash+1","Carnage+1"],"picked":"Second Wind","floor":29},{"not_picked":["Flex","Heavy Blade+1","Warcry+1"],"picked":"Feel No Pain","floor":30},{"not_picked":["Hemokinesis+1","Reckless Charge+1","Bludgeon+1","Seeing Red"],"picked":"SKIP","floor":31}],"player_experience":314106,"relics_obtained":[{"floor":7,"key":"Blue Candle"},{"floor":9,"key":"Lantern"},{"floor":10,"key":"Charon\u0027s Ashes"},{"floor":23,"key":"Boot"},{"floor":26,"key":"Turnip"},{"floor":29,"key":"Question Card"},{"floor":31,"key":"Juzu Bracelet"}],"event_choices":[{"damage_healed":0,"gold_gain":0,"player_choice":"Box","damage_taken":0,"relics_obtained":["Paper Frog"],"max_hp_gain":0,"max_hp_loss":0,"event_name":"Big Fish","floor":2,"gold_loss":0,"cards_obtained":["Regret"]},{"damage_healed":0,"gold_gain":0,"player_choice":"Success","damage_taken":7,"relics_obtained":["Regal Pillow"],"max_hp_gain":0,"max_hp_loss":0,"event_name":"Scrap Ooze","floor":4,"gold_loss":0},{"cards_removed":["Madness"],"damage_healed":0,"gold_gain":0,"player_choice":"Gave Card","damage_taken":0,"relics_obtained":["Bronze Scales"],"max_hp_gain":0,"max_hp_loss":0,"event_name":"WeMeetAgain","floor":5,"gold_loss":0},{"damage_healed":0,"gold_gain":30,"player_choice":"Searched \u00273\u0027 times","damage_taken":0,"relics_obtained":["Orichalcum"],"max_hp_gain":0,"max_hp_loss":0,"event_name":"Dead Adventurer","floor":12,"gold_loss":0},{"damage_healed":0,"gold_gain":175,"player_choice":"AGREE","damage_taken":0,"max_hp_gain":0,"max_hp_loss":0,"event_name":"Liars Game","floor":14,"gold_loss":0,"cards_obtained":["Doubt"]},{"cards_removed":["Doubt","Regret"],"damage_healed":0,"gold_gain":0,"player_choice":"Removed Curses","damage_taken":0,"max_hp_gain":0,"max_hp_loss":0,"event_name":"Fountain of Cleansing","floor":19,"gold_loss":0}],"is_beta":false,"boss_relics":[{"not_picked":["Astrolabe","Black Star"],"picked":"Mark of Pain"}],"items_purged_floors":[20],"is_endless":false,"potions_floor_spawned":[1,7,10,11,12,18,24,30],"killed_by":"Champ","ascension_level":9}