{"gold_per_floor":[110,110,110,130,76,101,101,134,134,146,161,161,180,212,212,286,286,296,31,31,31,48,78,78,108,108,122,122,138,138,158,158,158],"floor_reached":33,"playtime":1756,"items_purged":[],"score":610,"play_id":"dc9f5325-a0d2-41c4-9c9d-2ae83bcf5284","local_time":"20190428093705","is_ascension_mode":true,"campfire_choices":[{"data":"Bash","floor":7,"key":"SMITH"},{"data":"Blood for Blood","floor":12,"key":"SMITH"},{"floor":15,"key":"REST"},{"data":"Flame Barrier","floor":24,"key":"SMITH"},{"floor":28,"key":"REST"},{"data":"Spot Weakness","floor":30,"key":"SMITH"},{"data":"Bloodletting","floor":32,"key":"SMITH"}],"neow_cost":"NONE","seed_source_timestamp":487036705745563,"circlet_count":0,"master_deck":["AscendersBane","Strike_R+1","Strike_R+1","Defend_R","Defend_R","Defend_R","Defend_R","Bash+1","Hemokinesis+1","Iron Wave","Reckless Charge","Shrug It Off","Blood for Blood+1","Shrug It Off","Wild Strike","Reaper","Juggernaut+1","Whirlwind+1","Entrench+1","Seeing Red+1","Shrug It Off","Flame Barrier+1","True Grit+1","Bloodletting+1","Spot Weakness+1"],"relics":["Burning Blood","Sundial","Ornamental Fan","Matryoshka","Pocketwatch","Astrolabe","Oddly Smooth Stone","Potion Belt","Torii","Blue Candle","Meat on the Bone"],"potions_floor_usage":[6,8,13,22,23,23,25],"damage_taken":[{"damage":4,"enemies":"Small Slimes","floor":1,"turns":4},{"damage":6,"enemies":"2 Louse","floor":4,"turns":2},{"damage":27,"enemies":"3 Sentries","floor":6,"turns":9},{"damage":28,"enemies":"Lagavulin","floor":8,"turns":7},{"damage":2,"enemies":"Jaw Worm","floor":10,"turns":2},{"damage":6,"enemies":"Red Slaver","floor":11,"turns":3},{"damage":2,"enemies":"Gremlin Gang","floor":13,"turns":3},{"damage":9,"enemies":"3 Sentries","floor":14,"turns":7},{"damage":33,"enemies":"Slime Boss","floor":16,"turns":6},{"damage":14,"enemies":"Chosen","floor":18,"turns":5},{"damage":6,"enemies":"Shell Parasite","floor":22,"turns":3},{"damage":21,"enemies":"Gremlin Leader","floor":23,"turns":5},{"damage":46,"enemies":"Book of Stabbing","floor":25,"turns":6},{"damage":24,"enemies":"Sentry and Sphere","floor":27,"turns":7},{"damage":21,"enemies":"Centurion and Healer","floor":29,"turns":8},{"damage":23,"enemies":"Shelled Parasite and Fungi","floor":31,"turns":4},{"damage":65,"enemies":"Champ","floor":33,"turns":11}],"seed_played":"3291777147804932916","potions_obtained":[{"floor":1,"key":"Dexterity Potion"},{"floor":8,"key":"SteroidPotion"},{"floor":13,"key":"BloodPotion"},{"floor":22,"key":"LiquidBronze"},{"floor":23,"key":"Regen Potion"}],"is_trial":false,"path_per_floor":["M","?","?","M","$","E","R","E","T","M","M","R","M","E","R","B",null,"M","$","?","?","M","E","R","E","T","M","R","M","R","M","R","B"],"character_chosen":"IRONCLAD","items_purchased":["Energy Potion","Oddly Smooth Stone","Seeing Red","Swift Potion"],"campfire_rested":2,"item_purchase_floors":[5,19,19,19],"current_hp_per_floor":[77,52,52,52,52,31,31,9,9,13,13,13,17,14,38,11,64,60,60,60,60,60,59,59,34,34,28,52,57,57,57,57,0],"gold":158,"neow_bonus":"TEN_PERCENT_HP_BONUS","is_prod":false,"is_daily":false,"chose_seed":false,"campfire_upgraded":5,"win_rate":0,"timestamp":1556458625,"path_taken":["M","?","?","M","?","E","R","E","T","?","M","R","?","E","R","BOSS","M","$","?","?","M","E","R","E","T","M","R","M","R","M","R","BOSS"],"build_version":"2019-01-23","purchased_purges":0,"victory":false,"max_hp_per_floor":[82,82,82,82,82,82,82,82,82,82,82,82,82,82,82,82,82,82,82,82,82,82,82,82,82,82,82,82,82,82,82,82,82],"card_choices":[{"not_picked":["Sentinel","Shockwave"],"picked":"Hemokinesis","floor":1},{"not_picked":["Heavy Blade","Armaments"],"picked":"Iron Wave","floor":4},{"not_picked":["Corruption","Armaments"],"picked":"Reckless Charge","floor":6},{"not_picked":["Havoc","Armaments","Anger"],"picked":"SKIP","floor":8},{"not_picked":["Pummel","Whirlwind"],"picked":"Shrug It Off","floor":10},{"not_picked":["Flame Barrier","Havoc"],"picked":"Blood for Blood","floor":11},{"not_picked":["Pommel Strike","Perfected Strike"],"picked":"Shrug It Off","floor":13},{"not_picked":["Havoc","Searing Blow"],"picked":"Wild Strike","floor":14},{"not_picked":["Demon Form","Barricade"],"picked":"Reaper","floor":16},{"not_picked":["Anger","Headbutt","Wild Strike"],"picked":"SKIP","floor":18},{"not_picked":["Thunderclap","Warcry+1"],"picked":"Shrug It Off","floor":22},{"not_picked":["Second Wind","Perfected Strike"],"picked":"Flame Barrier","floor":23},{"not_picked":["Dark Embrace","Rampage"],"picked":"True Grit+1","floor":25},{"not_picked":["Twin Strike","Havoc"],"picked":"Bloodletting","floor":27},{"not_picked":["Iron Wave","Corruption+1"],"picked":"Spot Weakness","floor":29},{"not_picked":["Clash","Perfected Strike","Wild Strike"],"picked":"SKIP","floor":31}],"player_experience":2047064,"relics_obtained":[{"floor":6,"key":"Sundial"},{"floor":8,"key":"Ornamental Fan"},{"floor":9,"key":"Matryoshka"},{"floor":14,"key":"Pocketwatch"},{"floor":23,"key":"Potion Belt"},{"floor":25,"key":"Torii"},{"floor":26,"key":"Blue Candle"},{"floor":26,"key":"Meat on the Bone"}],"event_choices":[{"damage_healed":0,"gold_gain":0,"player_choice":"Entered Light","damage_taken":25,"max_hp_gain":0,"max_hp_loss":0,"event_name":"Shining Light","floor":2,"gold_loss":0,"cards_upgraded":["Strike_R","Strike_R"]},{"damage_healed":0,"gold_gain":0,"player_choice":"Grow","damage_taken":0,"max_hp_gain":0,"max_hp_loss":0,"event_name":"Living Wall","floor":3,"gold_loss":0,"cards_upgraded":["Hemokinesis"]},{"damage_healed":0,"gold_gain":0,"player_choice":"Ignored","damage_taken":0,"max_hp_gain":0,"max_hp_loss":0,"event_name":"Beggar","floor":20,"gold_loss":0},{"damage_healed":0,"gold_gain":0,"player_choice":"Forge","damage_taken":0,"max_hp_gain":0,"max_hp_loss":0,"event_name":"Accursed Blacksmith","floor":21,"gold_loss":0,"cards_upgraded":["Seeing Red"]}],"is_beta":false,"boss_relics":[{"not_picked":["Black Star","Orrery"],"picked":"Astrolabe"}],"items_purged_floors":[],"is_endless":false,"potions_floor_spawned":[1,8,13,22,23],"killed_by":"Champ","ascension_level":20}