{"gold_per_floor":[118,135,148,148,14,14,108,108,135,135,168,243,277,294,294,294],"floor_reached":16,"playtime":675,"items_purged":[],"score":216,"play_id":"f0f0ddfb-a599-4f3e-8f63-d0c620eb4a94","local_time":"20190401103730","is_ascension_mode":true,"campfire_choices":[{"data":"Zap","floor":6,"key":"SMITH"},{"data":"Dualcast","floor":8,"key":"SMITH"},{"data":"Undo","floor":10,"key":"SMITH"},{"data":"Consume","floor":15,"key":"SMITH"}],"neow_cost":"NONE","seed_source_timestamp":1251789332857,"circlet_count":0,"master_deck":["AscendersBane","Strike_B","Strike_B","Strike_B","Strike_B","Defend_B","Defend_B","Defend_B","Defend_B","Zap+1","Dualcast+1","Conserve Battery","Undo+1","Barrage+1","Ball Lightning","Glacier","Reboot","Go for the Eyes","Consume+1"],"relics":["Cracked Core","NeowsBlessing","Tiny Chest","Regal Pillow","Pen Nib","Strawberry"],"potions_floor_usage":[7,13,16],"damage_taken":[{"damage":0,"enemies":"2 Louse","floor":1,"turns":1},{"damage":0,"enemies":"Small Slimes","floor":2,"turns":1},{"damage":0,"enemies":"Jaw Worm","floor":3,"turns":1},{"damage":8,"enemies":"3 Sentries","floor":7,"turns":6},{"damage":21,"enemies":"3 Sentries","floor":11,"turns":7},{"damage":10,"enemies":"Lagavulin","floor":13,"turns":5},{"damage":0,"enemies":"Blue Slaver","floor":14,"turns":3},{"damage":21,"enemies":"Hexaghost","floor":16,"turns":11}],"seed_played":"-6322387197656585108","potions_obtained":[{"floor":2,"key":"FearPotion"},{"floor":3,"key":"Swift Potion"},{"floor":14,"key":"SkillPotion"}],"is_trial":false,"path_per_floor":["M","M","M","?","$","R","?","R","T","R","E","?","E","M","R","B"],"character_chosen":"DEFECT","items_purchased":["Ball Lightning","Glacier"],"campfire_rested":0,"item_purchase_floors":[5,5],"current_hp_per_floor":[64,64,64,64,64,64,56,56,56,56,35,24,21,21,21,0],"gold":294,"neow_bonus":"THREE_ENEMY_KILL","is_prod":false,"is_daily":false,"chose_seed":false,"campfire_upgraded":4,"win_rate":0,"timestamp":1554129450,"path_taken":["M","M","M","?","$","R","?","R","T","R","E","?","E","?","R","BOSS"],"build_version":"2019-01-23","purchased_purges":0,"victory":false,"max_hp_per_floor":[71,71,71,71,71,71,71,71,71,71,71,71,78,78,78,78],"card_choices":[{"not_picked":["Compile Driver","Auto Shields"],"picked":"Conserve Battery","floor":1},{"not_picked":["Force Field","Compile Driver"],"picked":"Undo","floor":2},{"not_picked":["Rebound","Stack"],"picked":"Barrage","floor":3},{"not_picked":["Skim","Gash"],"picked":"Reboot","floor":7},{"not_picked":["Reinforced Body","Force Field"],"picked":"Go for the Eyes","floor":11},{"not_picked":["Go for the Eyes","Undo","Amplify"],"picked":"SKIP","floor":13},{"not_picked":["Rebound","Hologram"],"picked":"Consume","floor":14}],"player_experience":1518792,"relics_obtained":[{"floor":7,"key":"Tiny Chest"},{"floor":9,"key":"Regal Pillow"},{"floor":11,"key":"Pen Nib"},{"floor":13,"key":"Strawberry"}],"event_choices":[{"damage_healed":0,"gold_gain":0,"player_choice":"Grow","damage_taken":0,"max_hp_gain":0,"max_hp_loss":0,"event_name":"Living Wall","floor":4,"gold_loss":0,"cards_upgraded":["Barrage"]},{"damage_healed":0,"gold_gain":0,"player_choice":"Searched \u00271\u0027 times","damage_taken":0,"max_hp_gain":0,"max_hp_loss":0,"event_name":"Dead Adventurer","floor":7,"gold_loss":0},{"damage_healed":0,"gold_gain":75,"player_choice":"Gather Gold","damage_taken":11,"max_hp_gain":0,"max_hp_loss":0,"event_name":"World of Goop","floor":12,"gold_loss":0}],"is_beta":false,"boss_relics":[],"items_purged_floors":[],"is_endless":false,"potions_floor_spawned":[2,3,14],"killed_by":"Hexaghost","ascension_level":20}