{"path_per_floor":["M","?","M","M","$","R","?","$","T","M","M","M","M","?","R","B",null,"M","?","M","?","$","R","T","M","T","?","R","E","M","?","R"],"character_chosen":"IRONCLAD","items_purchased":["Flash of Steel","Question Card"],"gold_per_floor":[116,116,135,155,155,155,155,55,81,96,114,128,143,143,143,246,246,259,259,276,276,34,34,34,52,52,52,52,79,95,95,95,95],"floor_reached":33,"campfire_rested":1,"playtime":965,"current_hp_per_floor":[80,62,63,68,68,68,61,61,61,63,56,62,68,52,52,58,80,80,80,66,51,51,51,51,46,46,38,38,14,20,4,29,0],"items_purged":[],"gold":95,"score":307,"play_id":"c9ca652f-49cc-4c7b-bf3c-15aede456f84","local_time":"20180405094608","is_prod":false,"is_daily":false,"is_ascension_mode":false,"campfire_upgraded":4,"timestamp":1522935968,"path_taken":["M","?","M","?","$","R","?","?","T","M","M","?","M","?","R","BOSS","M","?","?","?","$","R","?","M","T","?","R","E","?","?","R","BOSS"],"build_version":"2018-03-29v2","purchased_purges":0,"victory":false,"master_deck":["Strike_R","Strike_R","Strike_R","Strike_R","Strike_R","Defend_R","Defend_R","Defend_R","Bash","Headbutt","Pommel Strike","Rage+1","Flash of Steel+1","Twin Strike+1","Headbutt","Whirlwind+1","Rage+1","Searing Blow+1","Perfected Strike+1","Pommel Strike+1","Perfected Strike"],"max_hp_per_floor":[80,80,80,80,80,80,80,80,80,80,80,80,80,80,80,80,80,80,80,80,85,85,85,85,85,85,85,85,85,85,85,85,85],"relics":["Burning Blood","Sundial","Art of War","Mark of Pain","Question Card","Bird Faced Urn","Thread and Needle","Ancient Tea Set","Nilry\u0027s Codex"],"card_choices":[{"not_picked":["Wild Strike","Pommel Strike"],"picked":"Headbutt","floor":1},{"not_picked":["Iron Wave","Carnage"],"picked":"Pommel Strike","floor":3},{"not_picked":["Seeing Red","True Grit"],"picked":"Rage","floor":4},{"not_picked":["Iron Wave","Warcry"],"picked":"Twin Strike","floor":10},{"not_picked":["Havoc","Warcry"],"picked":"Headbutt","floor":11},{"not_picked":["Warcry","Wild Strike"],"picked":"Whirlwind","floor":12},{"not_picked":["Anger","Armaments"],"picked":"Rage","floor":13},{"not_picked":["Reckless Charge","Pommel Strike"],"picked":"Searing Blow","floor":18},{"not_picked":["Blood for Blood","Body Slam","Shrug It Off"],"picked":"Perfected Strike","floor":25},{"not_picked":["Sever Soul","True Grit","Impervious"],"picked":"Pommel Strike","floor":29},{"not_picked":["Flame Barrier","Body Slam","Clothesline"],"picked":"Perfected Strike","floor":30}],"player_experience":674802,"potions_floor_usage":[16,18,25,25,29,29],"damage_taken":[{"damage":6,"enemies":"Cultist","floor":1,"turns":3},{"damage":5,"enemies":"Small Slimes","floor":3,"turns":3},{"damage":1,"enemies":"Jaw Worm","floor":4,"turns":3},{"damage":4,"enemies":"Gremlin Gang","floor":10,"turns":4},{"damage":13,"enemies":"3 Louse","floor":11,"turns":2},{"damage":0,"enemies":"2 Fungi Beasts","floor":12,"turns":3},{"damage":0,"enemies":"Exordium Wildlife","floor":13,"turns":2},{"damage":0,"enemies":"Slime Boss","floor":16,"turns":5},{"damage":0,"enemies":"Chosen","floor":18,"turns":3},{"damage":20,"enemies":"2 Thieves","floor":20,"turns":3},{"damage":11,"enemies":"3 Cultists","floor":25,"turns":4},{"damage":30,"enemies":"Slavers","floor":29,"turns":4},{"damage":0,"enemies":"Slaver and Parasite","floor":30,"turns":5},{"damage":40,"enemies":"Automaton","floor":33,"turns":6}],"event_choices":[{"event_name":"Scrap Ooze","player_choice":"success","floor":2,"damage_taken":18},{"event_name":"Golden Wing","player_choice":"Card Removal","floor":7,"damage_taken":0},{"event_name":"Shining Light","player_choice":"Entered Light","floor":14,"damage_taken":0},{"event_name":"Vampires","player_choice":"Ignored","floor":19,"damage_taken":0},{"event_name":"Forgotten Altar","player_choice":"Shed Blood","floor":21,"damage_taken":0},{"event_name":"Knowing Skull","player_choice":"","floor":27,"damage_taken":0},{"event_name":"Cursed Tome","player_choice":"Obtained Book","floor":31,"damage_taken":0}],"boss_relics":[{"not_picked":["Runic Pyramid","Tiny House"],"picked":"Mark of Pain"}],"potions_floor_spawned":[3,10,13,18,20,25,30],"seed_played":"2523572029747234644","killed_by":"Automaton","ascension_level":0,"is_trial":false}