{"gold_per_floor":[118,118,134,146,35,35,35,35,35,54,85,85,119,139,139,212,212,225,48,62,62,72,72,72,72,72,92,119,149,149,178,178,250,250,269,16,16,36,50,77,77,87,87,87,23,23,56,66,66,66,66,66,8,39,39],"floor_reached":56,"playtime":2797,"items_purged":["Strike_G","Strike_G"],"score":1968,"play_id":"9030f3dc-4e73-4c8b-a09f-4a7a401a7611","local_time":"20190404193932","is_ascension_mode":true,"campfire_choices":[{"data":"Deadly Poison","floor":6,"key":"SMITH"},{"data":"Neutralize","floor":8,"key":"SMITH"},{"data":"Blade Dance","floor":15,"key":"SMITH"},{"floor":23,"key":"REST"},{"data":"Malaise","floor":25,"key":"SMITH"},{"floor":30,"key":"REST"},{"floor":32,"key":"REST"},{"floor":46,"key":"RECALL"},{"data":"Footwork","floor":49,"key":"SMITH"},{"data":"Leg Sweep","floor":52,"key":"SMITH"}],"neow_cost":"NONE","seed_source_timestamp":1929210359108060,"circlet_count":0,"master_deck":["AscendersBane","Defend_G","Defend_G","Defend_G+1","Defend_G","Defend_G","Strike_G+1","Survivor","Neutralize+1","Deadly Poison+1","PiercingWail","Quick Slash","Footwork+1","A Thousand Cuts+1","Dodge and Roll","Blade Dance+1","Infinite Blades+1","Malaise+1","Backflip","Backflip","PiercingWail","Predator","Dodge and Roll","Blade Dance+1","Leg Sweep+1","After Image+1","Caltrops+1","Neutralize","Footwork+1","Caltrops+1","Envenom+1","Parasite","Heel Hook","Accuracy+1","Backflip+1"],"relics":["Ring of the Snake","Pear","Kunai","Frozen Egg 2","Runic Dome","The Courier","Oddly Smooth Stone","Gremlin Horn","Du-Vu Doll","Runic Pyramid","Mummified Hand","Paper Crane","Darkstone Periapt","Bottled Lightning"],"potions_floor_usage":[13,29,40,48,55,55],"damage_taken":[{"damage":2,"enemies":"2 Louse","floor":1,"turns":4},{"damage":0,"enemies":"Jaw Worm","floor":3,"turns":4},{"damage":0,"enemies":"Cultist","floor":4,"turns":4},{"damage":0,"enemies":"Large Slime","floor":10,"turns":6},{"damage":0,"enemies":"Lagavulin","floor":11,"turns":8},{"damage":27,"enemies":"Gremlin Nob","floor":13,"turns":5},{"damage":6,"enemies":"Exordium Wildlife","floor":14,"turns":5},{"damage":3,"enemies":"Hexaghost","floor":16,"turns":11},{"damage":16,"enemies":"Spheric Guardian","floor":18,"turns":5},{"damage":5,"enemies":"Chosen","floor":20,"turns":5},{"damage":3,"enemies":"Snake Plant","floor":22,"turns":7},{"damage":3,"enemies":"3 Cultists","floor":27,"turns":5},{"damage":27,"enemies":"Book of Stabbing","floor":29,"turns":6},{"damage":24,"enemies":"Slavers","floor":31,"turns":5},{"damage":20,"enemies":"Champ","floor":33,"turns":14},{"damage":1,"enemies":"Orb Walker","floor":35,"turns":4},{"damage":0,"enemies":"3 Shapes","floor":38,"turns":4},{"damage":0,"enemies":"Maw","floor":39,"turns":8},{"damage":3,"enemies":"Reptomancer","floor":40,"turns":7},{"damage":0,"enemies":"4 Shapes","floor":42,"turns":5},{"damage":3,"enemies":"Giant Head","floor":47,"turns":10},{"damage":0,"enemies":"Writhing Mass","floor":48,"turns":7},{"damage":16,"enemies":"Time Eater","floor":50,"turns":13},{"damage":15,"enemies":"Shield and Spear","floor":54,"turns":7},{"damage":30,"enemies":"The Heart","floor":55,"turns":11}],"seed_played":"-2995786307011158079","potions_obtained":[{"floor":1,"key":"AttackPotion"},{"floor":14,"key":"Explosive Potion"},{"floor":20,"key":"FearPotion"},{"floor":33,"key":"Weak Potion"},{"floor":42,"key":"Regen Potion"},{"floor":48,"key":"Regen Potion"}],"is_trial":false,"path_per_floor":["M","?","M","M","$","R","?","R","T","M","E","?","E","M","R","B",null,"M","$","M","?","M","R","?","R","T","M","T","E","R","E","R","B",null,"M","$","?","M","M","E","?","M","T","?","$","R","E","M","R","B",null,"R","$","E","B",null],"character_chosen":"THE_SILENT","items_purchased":["Footwork","Backflip","PiercingWail","Mummified Hand","Caltrops+1","Caltrops+1","Accuracy+1"],"campfire_rested":3,"item_purchase_floors":[5,19,19,36,36,45,53],"current_hp_per_floor":[57,37,37,37,37,37,37,37,47,47,47,47,20,14,14,11,60,44,44,39,39,36,58,58,58,58,55,55,28,50,26,48,28,64,63,63,76,76,76,73,73,73,73,73,73,73,70,76,76,60,77,77,77,62,82],"gold":39,"neow_bonus":"REMOVE_CARD","is_prod":false,"is_daily":false,"chose_seed":false,"campfire_upgraded":6,"win_rate":0,"timestamp":1554421172,"path_taken":["M","?","M","M","$","R","?","R","T","?","E","?","E","M","R","BOSS","M","$","M","?","M","R","?","R","T","M","?","E","R","E","R","BOSS","M","$","?","M","?","E","?","?","T","?","$","R","E","?","R","BOSS","R","$","E","BOSS"],"build_version":"2019-03-15","purchased_purges":2,"victory":true,"max_hp_per_floor":[66,66,66,66,66,66,66,66,76,76,76,76,76,76,76,76,76,76,76,76,76,76,76,76,76,76,76,76,76,76,76,76,76,76,76,76,76,76,76,76,76,76,76,76,76,76,76,82,82,82,82,82,82,82,82],"card_choices":[{"not_picked":["Caltrops","Sucker Punch"],"picked":"Deadly Poison","floor":1},{"not_picked":["Acrobatics","Prepared"],"picked":"PiercingWail","floor":3},{"not_picked":["Sucker Punch","Cloak And Dagger"],"picked":"Quick Slash","floor":4},{"not_picked":["Finisher","Underhanded Strike"],"picked":"Dodge and Roll","floor":10},{"not_picked":["Flechettes","Outmaneuver"],"picked":"Blade Dance","floor":11},{"not_picked":["Quick Slash","Skewer"],"picked":"Infinite Blades","floor":13},{"not_picked":["Escape Plan","Blade Dance","Bullet Time"],"picked":"SKIP","floor":14},{"not_picked":["Envenom+1","Doppelganger"],"picked":"Malaise","floor":16},{"not_picked":["Deflect","Blur"],"picked":"Backflip","floor":18},{"not_picked":["Eviscerate","Dagger Throw"],"picked":"Predator","floor":20},{"not_picked":["Deflect","Flying Knee+1"],"picked":"Dodge and Roll","floor":22},{"not_picked":["Bane+1","Cloak And Dagger"],"picked":"Blade Dance+1","floor":27},{"not_picked":["Catalyst","Slice"],"picked":"Leg Sweep","floor":29},{"not_picked":["Predator+1","Leg Sweep","Venomology"],"picked":"SKIP","floor":31},{"not_picked":["Bullet Time","Adrenaline"],"picked":"After Image+1","floor":33},{"not_picked":["Deadly Poison+1","Accuracy+1","Poisoned Stab"],"picked":"SKIP","floor":35},{"not_picked":["Backflip","Underhanded Strike","Quick Slash"],"picked":"SKIP","floor":38},{"not_picked":["Dodge and Roll","Unload","Flechettes"],"picked":"SKIP","floor":39},{"not_picked":["Riddle With Holes+1","Outmaneuver","Tactician"],"picked":"SKIP","floor":40},{"not_picked":["Predator","Blur"],"picked":"Footwork+1","floor":42},{"not_picked":["All Out Attack","Quick Slash"],"picked":"Envenom+1","floor":47},{"not_picked":["Acrobatics","Setup"],"picked":"Heel Hook","floor":48},{"not_picked":["Dagger Spray","Riddle With Holes"],"picked":"Backflip+1","floor":54}],"player_experience":2356830,"relics_obtained":[{"floor":9,"key":"Pear"},{"floor":11,"key":"Kunai"},{"floor":13,"key":"Frozen Egg 2"},{"floor":26,"key":"The Courier"},{"floor":28,"key":"Oddly Smooth Stone"},{"floor":29,"key":"Gremlin Horn"},{"floor":31,"key":"Du-Vu Doll"},{"floor":40,"key":"Paper Crane"},{"floor":47,"key":"Darkstone Periapt"},{"floor":54,"key":"Bottled Lightning"}],"event_choices":[{"damage_healed":0,"gold_gain":0,"player_choice":"Entered Light","damage_taken":20,"max_hp_gain":0,"max_hp_loss":0,"event_name":"Shining Light","floor":2,"gold_loss":0,"cards_upgraded":["Defend_G","Strike_G"]},{"damage_healed":0,"gold_gain":0,"cards_transformed":["Strike_G"],"player_choice":"Transformed","damage_taken":0,"max_hp_gain":0,"max_hp_loss":0,"event_name":"Transmorgrifier","floor":7,"gold_loss":0,"cards_obtained":["A Thousand Cuts"]},{"damage_healed":0,"gold_gain":0,"player_choice":"Grow","damage_taken":0,"max_hp_gain":0,"max_hp_loss":0,"event_name":"Living Wall","floor":12,"gold_loss":0,"cards_upgraded":["A Thousand Cuts"]},{"damage_healed":0,"gold_gain":0,"player_choice":"Read","damage_taken":0,"max_hp_gain":0,"max_hp_loss":0,"event_name":"The Library","floor":24,"gold_loss":0,"cards_obtained":["Well Laid Plans"]},{"cards_removed":["Well Laid Plans"],"damage_healed":13,"gold_gain":0,"player_choice":"Offered Uncommon","damage_taken":0,"max_hp_gain":0,"max_hp_loss":0,"event_name":"Bonfire Elementals","floor":37,"gold_loss":0},{"damage_healed":0,"gold_gain":0,"player_choice":"1 cards matched","damage_taken":0,"max_hp_gain":0,"max_hp_loss":0,"event_name":"Match and Keep!","floor":41,"gold_loss":0,"cards_obtained":["Neutralize"]},{"damage_healed":0,"gold_gain":0,"player_choice":"Ignored","damage_taken":0,"max_hp_gain":0,"max_hp_loss":0,"event_name":"SecretPortal","floor":44,"gold_loss":0}],"is_beta":true,"boss_relics":[{"not_picked":["Black Star","WristBlade"],"picked":"Runic Dome"},{"not_picked":["Astrolabe","Coffee Dripper"],"picked":"Runic Pyramid"}],"items_purged_floors":[5,19],"is_endless":false,"potions_floor_spawned":[1,14,20,22,33,35,38,42,48],"ascension_level":15}