{"gold_per_floor":[117,135,60,60,60,60,86,99,99,133,148,148,164,189,189,264,264,279,295,308,308],"floor_reached":21,"playtime":2889,"items_purged":[],"score":382,"play_id":"e9d1aa29-c8b9-4093-9c9b-7776076732e9","local_time":"20190313202512","is_ascension_mode":true,"campfire_choices":[{"data":"Bash","floor":6,"key":"SMITH"},{"data":"Searing Blow","floor":12,"key":"SMITH"},{"data":"Searing Blow+1","floor":15,"key":"SMITH"}],"neow_cost":"TEN_PERCENT_HP_LOSS","seed_source_timestamp":30821378681467,"circlet_count":0,"master_deck":["AscendersBane","Strike_R","Strike_R","Defend_R","Defend_R","Defend_R","Defend_R","Bash+1","Battle Trance","Reckless Charge","Ghostly Armor","Searing Blow+2","Barricade","Shrug It Off","Offering","Inflame"],"relics":["Burning Blood","Mercury Hourglass","Happy Flower","Gremlin Horn","Shuriken","Regal Pillow","Velvet Choker"],"potions_floor_usage":[7,10,10,16,18,19],"damage_taken":[{"damage":1,"enemies":"Cultist","floor":1,"turns":3},{"damage":4,"enemies":"2 Louse","floor":2,"turns":3},{"damage":4,"enemies":"Gremlin Nob","floor":7,"turns":3},{"damage":0,"enemies":"Small Slimes","floor":8,"turns":3},{"damage":33,"enemies":"3 Sentries","floor":10,"turns":9},{"damage":0,"enemies":"Exordium Wildlife","floor":11,"turns":3},{"damage":0,"enemies":"2 Fungi Beasts","floor":13,"turns":3},{"damage":10,"enemies":"Lagavulin","floor":14,"turns":6},{"damage":39,"enemies":"The Guardian","floor":16,"turns":13},{"damage":18,"enemies":"Chosen","floor":18,"turns":4},{"damage":14,"enemies":"3 Byrds","floor":19,"turns":5},{"damage":20,"enemies":"Snake Plant","floor":20,"turns":3},{"damage":39,"enemies":"Sentry and Sphere","floor":21,"turns":7}],"seed_played":"3387950063366435585","potions_obtained":[{"floor":5,"key":"SteroidPotion"},{"floor":5,"key":"Dexterity Potion"},{"floor":7,"key":"BloodPotion"},{"floor":11,"key":"SpeedPotion"},{"floor":16,"key":"BloodPotion"},{"floor":18,"key":"BloodPotion"},{"floor":20,"key":"Strength Potion"}],"is_trial":false,"path_per_floor":["M","M","?","?","?","R","E","M","T","E","M","R","M","E","R","B",null,"M","M","M","M"],"character_chosen":"IRONCLAD","items_purchased":[],"campfire_rested":0,"item_purchase_floors":[],"current_hp_per_floor":[68,68,68,50,50,50,52,58,58,37,43,43,49,45,45,12,54,48,46,32,0],"gold":308,"neow_bonus":"REMOVE_TWO","is_prod":false,"is_daily":false,"chose_seed":false,"campfire_upgraded":3,"win_rate":0,"timestamp":1552523112,"path_taken":["M","M","?","?","?","R","E","M","T","E","M","R","M","E","R","BOSS","M","M","?","M"],"build_version":"2019-01-23","purchased_purges":0,"victory":false,"max_hp_per_floor":[68,68,68,68,68,68,68,68,68,68,68,68,68,68,68,68,68,68,68,68,68],"card_choices":[{"not_picked":["Body Slam","True Grit"],"picked":"Battle Trance","floor":1},{"not_picked":["Clothesline","True Grit"],"picked":"Reckless Charge","floor":2},{"not_picked":["Flame Barrier","Cleave"],"picked":"Ghostly Armor","floor":7},{"not_picked":["Perfected Strike","Entrench","Iron Wave"],"picked":"SKIP","floor":8},{"not_picked":["Whirlwind","Reckless Charge"],"picked":"Searing Blow","floor":10},{"not_picked":["Dual Wield","Dropkick","Warcry"],"picked":"SKIP","floor":11},{"not_picked":["Body Slam","Iron Wave"],"picked":"Barricade","floor":13},{"not_picked":["Shockwave","Body Slam"],"picked":"Shrug It Off","floor":14},{"not_picked":["Barricade","Dark Embrace"],"picked":"Offering","floor":16},{"not_picked":["Sever Soul","Warcry","Dropkick"],"picked":"SKIP","floor":18},{"not_picked":["Anger","Wild Strike"],"picked":"Inflame","floor":19},{"not_picked":["Iron Wave","Flex+1","Evolve"],"picked":"SKIP","floor":20}],"player_experience":1093073,"relics_obtained":[{"floor":7,"key":"Happy Flower"},{"floor":9,"key":"Gremlin Horn"},{"floor":10,"key":"Shuriken"},{"floor":14,"key":"Regal Pillow"}],"event_choices":[{"cards_removed":["Strike_R"],"damage_healed":0,"gold_gain":0,"player_choice":"Card Removal","damage_taken":0,"max_hp_gain":0,"max_hp_loss":0,"event_name":"The Cleric","floor":3,"gold_loss":75},{"damage_healed":0,"gold_gain":0,"player_choice":"Success","damage_taken":18,"relics_obtained":["Mercury Hourglass"],"max_hp_gain":0,"max_hp_loss":0,"event_name":"Scrap Ooze","floor":4,"gold_loss":0},{"damage_healed":0,"gold_gain":0,"player_choice":"Got Potions","damage_taken":0,"max_hp_gain":0,"max_hp_loss":0,"event_name":"Lab","floor":5,"gold_loss":0}],"is_beta":false,"boss_relics":[{"not_picked":["Snecko Eye","Fusion Hammer"],"picked":"Velvet Choker"}],"items_purged_floors":[],"is_endless":false,"potions_floor_spawned":[7,8,11,16,18,20],"killed_by":"Sentry and Sphere","ascension_level":18}