{"gold_per_floor":[119,194,218,143,161,161,177,177,203,213,238,18,52,72,72,146,146,156,156,156,168,38,38,38,69,69,169,184,31,49,62,62,136,136,152,0,50,64,118,150,25,36,36,48,48,100,100,127,127,127,127,127,127,15,50,50],"floor_reached":56,"playtime":2519,"items_purged":["Writhe","Shame","Pain"],"score":1941,"play_id":"329dff99-2bd8-4894-92a9-b9ffa1156c05","local_time":"20190504175800","is_ascension_mode":true,"campfire_choices":[{"data":"Bludgeon","floor":6.0,"key":"SMITH"},{"data":"Bash","floor":8.0,"key":"SMITH"},{"data":"Whirlwind","floor":15.0,"key":"SMITH"},{"data":"Limit Break","floor":23.0,"key":"SMITH"},{"data":"Battle Trance","floor":32.0,"key":"SMITH"},{"floor":47.0,"key":"RECALL"},{"data":"Feel No Pain","floor":49.0,"key":"SMITH"},{"data":"Feel No Pain","floor":53.0,"key":"SMITH"}],"neow_cost":"NONE","seed_source_timestamp":1034258195345140,"circlet_count":0,"master_deck":["AscendersBane","Strike_R+1","Strike_R+1","Strike_R+1","Strike_R+1","Defend_R+1","Defend_R+1","Defend_R+1","Defend_R+1","Bash+1","Bludgeon+1","Clothesline","Battle Trance+1","Anger","Feel No Pain+1","Whirlwind+1","Armaments","Limit Break+1","Feel No Pain+1","True Grit+1","Headbutt+1","Havoc+1","Flex+1","Pummel","Double Tap+1","Havoc+1","Warcry+1","Spot Weakness+1","Parasite","True Grit+1","Warcry+1","Reaper"],"special_seed":0,"relics":["Burning Blood","Happy Flower","Potion Belt","Red Skull","Pen Nib","Vajra","Coffee Dripper","Bronze Scales","Oddly Smooth Stone","Bag of Marbles","Toxic Egg 2","Champion Belt","Mummified Hand","Cursed Key","Red Mask","Lantern","Magic Flower","Bottled Tornado","Blue Candle"],"potions_floor_usage":[],"damage_taken":[{"damage":0.0,"enemies":"Small Slimes","floor":1.0,"turns":2.0},{"damage":12.0,"enemies":"Jaw Worm","floor":5.0,"turns":2.0},{"damage":0.0,"enemies":"Cultist","floor":7.0,"turns":3.0},{"damage":6.0,"enemies":"Looter","floor":10.0,"turns":2.0},{"damage":35.0,"enemies":"3 Sentries","floor":11.0,"turns":9.0},{"damage":0.0,"enemies":"Gremlin Nob","floor":13.0,"turns":3.0},{"damage":10.0,"enemies":"Exordium Thugs","floor":14.0,"turns":3.0},{"damage":24.0,"enemies":"The Guardian","floor":16.0,"turns":10.0},{"damage":0.0,"enemies":"Spheric Guardian","floor":18.0,"turns":1.0},{"damage":13.0,"enemies":"Shell Parasite","floor":21.0,"turns":3.0},{"damage":36.0,"enemies":"Gremlin Leader","floor":25.0,"turns":6.0},{"damage":0.0,"enemies":"Colosseum Slavers","floor":27.0,"turns":1.0},{"damage":7.0,"enemies":"Colosseum Nobs","floor":27.0,"turns":2.0},{"damage":0.0,"enemies":"Centurion and Healer","floor":28.0,"turns":3.0},{"damage":0.0,"enemies":"Sentry and Sphere","floor":30.0,"turns":3.0},{"damage":12.0,"enemies":"3 Cultists","floor":31.0,"turns":5.0},{"damage":36.0,"enemies":"Champ","floor":33.0,"turns":7.0},{"damage":0.0,"enemies":"Orb Walker","floor":35.0,"turns":1.0},{"damage":4.0,"enemies":"3 Darklings","floor":38.0,"turns":2.0},{"damage":26.0,"enemies":"Reptomancer","floor":40.0,"turns":4.0},{"damage":0.0,"enemies":"Sphere and 2 Shapes","floor":42.0,"turns":2.0},{"damage":4.0,"enemies":"Writhing Mass","floor":44.0,"turns":4.0},{"damage":0.0,"enemies":"2 Orb Walkers","floor":46.0,"turns":3.0},{"damage":39.0,"enemies":"Nemesis","floor":48.0,"turns":7.0},{"damage":5.0,"enemies":"Donu and Deca","floor":50.0,"turns":2.0},{"damage":25.0,"enemies":"Time Eater","floor":51.0,"turns":5.0},{"damage":56.0,"enemies":"Shield and Spear","floor":55.0,"turns":5.0},{"damage":46,"enemies":"The Heart","floor":56,"turns":2}],"seed_played":"342772288200916265","potions_obtained":[{"floor":5.0,"key":"SkillPotion"},{"floor":7.0,"key":"SkillPotion"},{"floor":13.0,"key":"Strength Potion"},{"floor":16.0,"key":"BloodPotion"},{"floor":18.0,"key":"Dexterity Potion"},{"floor":21.0,"key":"Dexterity Potion"},{"floor":27.0,"key":"Ancient Potion"},{"floor":38.0,"key":"Strength Potion"},{"floor":40.0,"key":"AttackPotion"},{"floor":44.0,"key":"Dexterity Potion"},{"floor":55.0,"key":"Weak Potion"}],"is_trial":false,"path_per_floor":["M","?","T","?","M","R","M","R","T","M","E","$","E","M","R","B",null,"M","?","?","M","$","R","?","E","T","?","M","$","M","M","R","B",null,"M","?","?","M","T","E","$","M","T","M","?","?","R","E","R","B","B",null,"R","$","E","B"],"character_chosen":"IRONCLAD","items_purchased":["Pen Nib","AttackPotion","Fire Potion","Havoc+1","PowerPotion","Weak Potion"],"campfire_rested":0,"item_purchase_floors":[12,12,22,29,54,54],"current_hp_per_floor":[74,63,63,63,57,57,63,63,63,63,34,34,40,36,36,18,61,67,67,67,67,67,67,67,37,37,42,48,48,54,48,48,18,61,67,67,60,62,62,42,42,48,48,50,50,56,56,26,26,30,14,60,60,60,13,0],"gold":50,"neow_bonus":"ONE_RANDOM_RARE_CARD","is_prod":false,"is_daily":false,"chose_seed":false,"campfire_upgraded":7,"win_rate":0,"timestamp":1557007080,"path_taken":["M","?","?","?","M","R","M","R","T","M","E","$","E","M","R","BOSS","M","?","?","?","?","R","?","E","T","?","M","$","M","M","R","BOSS","M","?","?","?","?","E","?","M","T","M","?","?","R","E","R","BOSS","BOSS","R","$","E","BOSS"],"build_version":"2019-01-23","purchased_purges":3,"victory":false,"max_hp_per_floor":[75,75,75,75,75,75,75,75,75,75,75,75,75,75,75,75,75,75,75,75,75,75,75,75,75,75,75,75,75,75,75,75,75,75,75,75,75,75,75,75,75,75,75,75,75,75,75,75,75,75,75,75,75,75,75,75],"card_choices":[{"not_picked":["Rage","Ghostly Armor"],"picked":"Clothesline","floor":1.0},{"not_picked":["Inflame","Warcry"],"picked":"Battle Trance","floor":5.0},{"not_picked":["Clash","Warcry"],"picked":"Anger","floor":7.0},{"not_picked":["Wild Strike","Clash","Iron Wave"],"picked":"SKIP","floor":10.0},{"not_picked":["Sentinel","Ghostly Armor"],"picked":"Feel No Pain","floor":11.0},{"not_picked":["Headbutt","Battle Trance"],"picked":"Whirlwind","floor":13.0},{"not_picked":["Clothesline","Wild Strike"],"picked":"Armaments","floor":14.0},{"not_picked":["Bludgeon","Double Tap"],"picked":"Limit Break","floor":16.0},{"not_picked":["Headbutt","Thunderclap"],"picked":"Feel No Pain","floor":18.0},{"not_picked":["Flex+1","Seeing Red"],"picked":"True Grit+1","floor":21.0},{"not_picked":["Rage","Wild Strike+1"],"picked":"Headbutt+1","floor":25.0},{"not_picked":["Bludgeon","Sever Soul","Anger"],"picked":"SKIP","floor":28.0},{"not_picked":["Wild Strike","Cleave+1","Flex+1"],"picked":"SKIP","floor":30.0},{"not_picked":["Wild Strike","Cleave+1"],"picked":"Flex+1","floor":30.0},{"not_picked":["Clash","Anger+1"],"picked":"Pummel","floor":31.0},{"not_picked":["Barricade","Juggernaut"],"picked":"Double Tap+1","floor":33.0},{"not_picked":["Twin Strike","Reckless Charge+1"],"picked":"Havoc+1","floor":35.0},{"not_picked":["Reckless Charge","Sever Soul+1","Entrench+1"],"picked":"SKIP","floor":38.0},{"not_picked":["Clothesline","Pommel Strike"],"picked":"Warcry+1","floor":40.0},{"not_picked":["Flex+1","Wild Strike"],"picked":"Spot Weakness+1","floor":42.0},{"not_picked":["Clash","Clothesline+1"],"picked":"True Grit+1","floor":44.0},{"not_picked":["Clash","Blood for Blood+1"],"picked":"Warcry+1","floor":46.0},{"not_picked":["Thunderclap","Clash","Headbutt"],"picked":"SKIP","floor":48.0},{"not_picked":["Inflame","Warcry+1"],"picked":"Reaper","floor":55.0}],"player_experience":2356183,"relics_obtained":[{"floor":3.0,"key":"Happy Flower"},{"floor":9.0,"key":"Potion Belt"},{"floor":11.0,"key":"Red Skull"},{"floor":13.0,"key":"Vajra"},{"floor":25.0,"key":"Bag of Marbles"},{"floor":26.0,"key":"Toxic Egg 2"},{"floor":27.0,"key":"Champion Belt"},{"floor":27.0,"key":"Mummified Hand"},{"floor":40.0,"key":"Lantern"},{"floor":46.0,"key":"Magic Flower"},{"floor":48.0,"key":"Bottled Tornado"},{"floor":55.0,"key":"Blue Candle"}],"event_choices":[{"damage_healed":0.0,"max_hp_gain":0.0,"max_hp_loss":0.0,"gold_gain":75.0,"event_name":"World of Goop","player_choice":"Gather Gold","floor":2.0,"gold_loss":0.0,"damage_taken":11.0},{"cards_removed":["Strike_R"],"damage_healed":0.0,"max_hp_gain":0.0,"max_hp_loss":0.0,"gold_gain":0.0,"event_name":"The Cleric","player_choice":"Card Removal","floor":4.0,"gold_loss":75.0,"damage_taken":0.0},{"damage_healed":0.0,"max_hp_gain":0.0,"max_hp_loss":0.0,"gold_gain":0.0,"event_name":"Back to Basics","player_choice":"Simplicity","floor":19.0,"gold_loss":0.0,"damage_taken":0.0,"cards_upgraded":["Strike_R","Strike_R","Strike_R","Strike_R","Defend_R","Defend_R","Defend_R","Defend_R"]},{"damage_healed":0.0,"max_hp_gain":0.0,"max_hp_loss":0.0,"gold_gain":0.0,"event_name":"The Mausoleum","player_choice":"Opened","floor":20.0,"gold_loss":0.0,"damage_taken":0.0,"relics_obtained":["Bronze Scales"],"cards_obtained":["Writhe"]},{"damage_healed":0.0,"max_hp_gain":0.0,"max_hp_loss":0.0,"gold_gain":0.0,"event_name":"Addict","player_choice":"Stole Relic","floor":24.0,"gold_loss":0.0,"damage_taken":0.0,"relics_obtained":["Oddly Smooth Stone"],"cards_obtained":["Shame"]},{"damage_healed":0.0,"max_hp_gain":0.0,"max_hp_loss":0.0,"gold_gain":0.0,"event_name":"Colosseum","player_choice":"Fight","floor":27.0,"gold_loss":0.0,"damage_taken":0.0},{"damage_healed":0.0,"max_hp_gain":0.0,"max_hp_loss":0.0,"gold_gain":0.0,"event_name":"Colosseum","player_choice":"Fought Nobs","floor":27.0,"gold_loss":0.0,"damage_taken":0.0},{"damage_healed":0.0,"max_hp_gain":0.0,"max_hp_loss":0.0,"gold_gain":0.0,"event_name":"Tomb of Lord Red Mask","player_choice":"Paid","floor":36.0,"gold_loss":152.0,"damage_taken":0.0,"relics_obtained":["Red Mask"]},{"damage_healed":0.0,"max_hp_gain":0.0,"max_hp_loss":0.0,"gold_gain":50.0,"event_name":"FaceTrader","player_choice":"Touch","floor":37.0,"gold_loss":0.0,"damage_taken":7.0},{"damage_healed":0.0,"max_hp_gain":0.0,"max_hp_loss":0.0,"gold_gain":0.0,"event_name":"SensoryStone","player_choice":"Memory 1","floor":45.0,"gold_loss":0.0,"damage_taken":0.0},{"damage_healed":0.0,"max_hp_gain":0.0,"max_hp_loss":0.0,"gold_gain":0.0,"event_name":"Mysterious Sphere","player_choice":"Fight","floor":46.0,"gold_loss":0.0,"damage_taken":0.0}],"is_beta":false,"boss_relics":[{"not_picked":["White Beast Statue","Fusion Hammer"],"picked":"Coffee Dripper"},{"not_picked":["Black Star","Orrery"],"picked":"Cursed Key"}],"items_purged_floors":[22,29,41],"is_endless":false,"potions_floor_spawned":[5,7,13,16,18,21,27,38,40,44,55],"killed_by":"The Heart","ascension_level":20}