{"path_per_floor":["M","?","M","T","$","R","M","E","T","E","M","E","?","M","R","B",null,"M","?","M","M"],"character_chosen":"IRONCLAD","items_purchased":[],"gold_per_floor":[110,110,133,133,58,58,79,123,123,166,190,225,225,248,248,367,367,336,536,551,576],"floor_reached":22,"campfire_rested":0,"playtime":1614,"current_hp_per_floor":[78,58,58,58,58,58,59,55,55,58,50,15,20,24,24,39,85,54,54,60,35],"items_purged":["Strike_R"],"gold":576,"score":206,"play_id":"abea8c02-4cd6-4619-b98b-31a478abe2b9","is_prod":false,"is_daily":false,"is_ascension_mode":false,"campfire_upgraded":2,"path_taken":["M","?","M","?","?","R","M","E","T","E","M","E","?","M","R","BOSS","M","?","M","M","M"],"build_version":"2018-02-08-PROD1","purchased_purges":1,"victory":false,"master_deck":["Strike_R","Strike_R","Strike_R","Strike_R","Defend_R","Defend_R","Defend_R","Defend_R","Bash+1","Clothesline","Entrench+1","Barricade","Bloodletting","Metallicize","Demon Form","Inflame","Clothesline+1"],"max_hp_per_floor":[80,80,80,80,80,80,80,80,80,80,80,80,85,85,85,85,85,85,85,85,85],"relics":["Burning Blood","Golden Idol","Ornamental Fan","Bottled Tornado","Bronze Scales","Anchor","Ancient Tea Set","Runic Pyramid"],"card_choices":[{"not_picked":["Anger","Burning Pact"],"picked":"Clothesline"},{"not_picked":["Clothesline","Feel No Pain"],"picked":"Entrench"},{"not_picked":["Flame Barrier","Bloodletting"],"picked":"Barricade"},{"not_picked":["Rage","Second Wind"],"picked":"Bloodletting"},{"not_picked":["Spot Weakness","Evolve"],"picked":"Metallicize"},{"not_picked":["Fiend Fire","Bludgeon"],"picked":"Demon Form"},{"not_picked":["Anger","Heavy Blade"],"picked":"Inflame"},{"not_picked":["Cleave","Combust"],"picked":"Clothesline"}],"player_experience":206803,"potions_floor_usage":[8,10,14,16,21],"damage_taken":[{"damage":8,"enemies":"Blue Slaver","floor":1,"turns":6},{"damage":6,"enemies":"2 Louse","floor":3,"turns":3},{"damage":5,"enemies":"Cultist","floor":7,"turns":4},{"damage":10,"enemies":"Gremlin Nob","floor":8,"turns":4},{"damage":3,"enemies":"Lagavulin","floor":10,"turns":10},{"damage":14,"enemies":"Exordium Thugs","floor":11,"turns":6},{"damage":41,"enemies":"Gremlin Nob","floor":12,"turns":5},{"damage":2,"enemies":"Looter","floor":14,"turns":3},{"damage":6,"enemies":"Hexaghost","floor":16,"turns":11},{"damage":37,"enemies":"2 Thieves","floor":18,"turns":5},{"damage":0,"enemies":"3 Byrds","floor":20,"turns":3},{"damage":31,"enemies":"Centurion and Healer","floor":21,"turns":7},{"damage":36,"enemies":"Sentry and Sphere","floor":22,"turns":7}],"event_choices":[{"event_name":"Golden Idol","player_choice":"Take Damage","floor":2,"damage_taken":0},{"event_name":"Big Fish","player_choice":"Donut","floor":13,"damage_taken":0},{"event_name":"Wheel of Change","player_choice":"Gold","floor":19,"damage_taken":0}],"boss_relics":[{"not_picked":["Eternal Feather","Pandora\u0027s Box"],"picked":"Runic Pyramid"}],"potions_floor_spawned":[3,8,12,14,20],"seed_played":"-14781554577110021","killed_by":"Sentry and Sphere","ascension_level":0,"is_trial":false}