{"gold_per_floor":[109,109,124,140,158,158,187,187,187,215,235,235,235,255,255,255],"floor_reached":16,"playtime":852,"items_purged":[],"score":218,"play_id":"61d5fe54-9300-412f-901f-e4cb28841e7c","local_time":"20190328000619","is_ascension_mode":true,"campfire_choices":[{"data":"Zap","floor":6,"key":"SMITH"},{"data":"Dualcast","floor":8,"key":"SMITH"},{"data":"Sweeping Beam","floor":13,"key":"SMITH"},{"data":"Biased Cognition","floor":15,"key":"SMITH"}],"neow_cost":"NONE","seed_source_timestamp":944910388762629,"circlet_count":0,"master_deck":["AscendersBane","Strike_B","Strike_B","Strike_B","Strike_B","Defend_B","Defend_B","Defend_B","Zap+1","Dualcast+1","Auto Shields","Biased Cognition+1","Cold Snap","Chill","Reinforced Body","Genetic Algorithm","Sweeping Beam+1","Undo"],"relics":["Cracked Core","Ginger","Darkstone Periapt","Dodecahedron"],"potions_floor_usage":[1,7,10,11],"damage_taken":[{"damage":0,"enemies":"Small Slimes","floor":1,"turns":2},{"damage":1,"enemies":"Cultist","floor":3,"turns":4},{"damage":1,"enemies":"2 Louse","floor":4,"turns":3},{"damage":3,"enemies":"Red Slaver","floor":5,"turns":2},{"damage":22,"enemies":"Gremlin Nob","floor":7,"turns":4},{"damage":2,"enemies":"Lagavulin","floor":10,"turns":6},{"damage":0,"enemies":"Large Slime","floor":11,"turns":6},{"damage":3,"enemies":"Exordium Wildlife","floor":14,"turns":5},{"damage":8,"enemies":"Hexaghost","floor":16,"turns":11}],"seed_played":"-1823196470399937943","potions_obtained":[{"floor":0,"key":"Strength Potion"},{"floor":0,"key":"Explosive Potion"},{"floor":1,"key":"AttackPotion"},{"floor":10,"key":"Regen Potion"}],"is_trial":false,"path_per_floor":["M","?","M","M","M","R","E","R","T","E","M","?","R","M","R","B"],"character_chosen":"DEFECT","items_purchased":[],"campfire_rested":0,"item_purchase_floors":[],"current_hp_per_floor":[64,64,63,62,59,59,37,37,37,35,50,40,40,37,37,29],"gold":255,"neow_bonus":"THREE_SMALL_POTIONS","is_prod":false,"is_daily":false,"chose_seed":false,"campfire_upgraded":4,"win_rate":0,"timestamp":1553745979,"path_taken":["M","?","M","?","M","R","E","R","T","E","M","?","R","?","R","BOSS"],"build_version":"2019-01-23","purchased_purges":0,"victory":false,"max_hp_per_floor":[71,71,71,71,71,71,71,71,71,71,71,71,71,71,71,71],"card_choices":[{"not_picked":["Aggregate","Go for the Eyes"],"picked":"Auto Shields","floor":1},{"not_picked":["Turbo","Rebound","Darkness"],"picked":"SKIP","floor":3},{"not_picked":["Stack","Compile Driver"],"picked":"Cold Snap","floor":4},{"not_picked":["Force Field","Steam"],"picked":"Chill","floor":5},{"not_picked":["Reboot","Tempest"],"picked":"Reinforced Body","floor":7},{"not_picked":["Static Discharge","Skim"],"picked":"Genetic Algorithm","floor":10},{"not_picked":["Chaos","Barrage"],"picked":"Sweeping Beam","floor":11},{"not_picked":["Redo","Turbo"],"picked":"Undo","floor":14}],"player_experience":1448026,"relics_obtained":[{"floor":7,"key":"Ginger"},{"floor":9,"key":"Darkstone Periapt"},{"floor":10,"key":"Dodecahedron"}],"event_choices":[{"damage_healed":0,"gold_gain":0,"cards_transformed":["Defend_B"],"player_choice":"Transformed","damage_taken":0,"max_hp_gain":0,"max_hp_loss":0,"event_name":"Transmorgrifier","floor":2,"gold_loss":0,"cards_obtained":["Biased Cognition"]},{"damage_healed":0,"gold_gain":0,"player_choice":"Damaged","damage_taken":10,"max_hp_gain":0,"max_hp_loss":0,"event_name":"Wheel of Change","floor":12,"gold_loss":0}],"is_beta":false,"boss_relics":[],"items_purged_floors":[],"is_endless":false,"potions_floor_spawned":[1,4,5,10],"killed_by":"Hexaghost","ascension_level":19}