{"gold_per_floor":[110,185,202,202,202,202,202,202,225,241,280,305,305,326,326,326],"floor_reached":16,"playtime":506,"items_purged":[],"score":200,"play_id":"4dbf7af2-d08f-491f-aa79-8333c5cbf7e7","local_time":"20190216144433","is_ascension_mode":true,"campfire_choices":[{"data":"Neutralize","floor":6,"key":"SMITH"},{"data":"Footwork","floor":8,"key":"SMITH"},{"data":"Tools of the Trade","floor":15,"key":"SMITH"}],"neow_cost":"NONE","seed_source_timestamp":101331638387822,"circlet_count":0,"master_deck":["AscendersBane","Defend_G","Defend_G","Defend_G","Defend_G","Defend_G","Strike_G","Strike_G","Strike_G","Strike_G","Survivor","Neutralize+1","Dash","Footwork+1","Backflip","Tools of the Trade+1","Poisoned Stab","Backflip"],"relics":["Ring of the Snake","NeowsBlessing","Golden Idol","Meat on the Bone","Smiling Mask","Happy Flower","Kunai"],"potions_floor_usage":[11,14,16],"damage_taken":[{"damage":0,"enemies":"Cultist","floor":1,"turns":1},{"damage":0,"enemies":"Small Slimes","floor":3,"turns":1},{"damage":0,"enemies":"2 Louse","floor":10,"turns":1},{"damage":17,"enemies":"3 Sentries","floor":11,"turns":15},{"damage":6,"enemies":"Large Slime","floor":12,"turns":7},{"damage":2,"enemies":"Lots of Slimes","floor":14,"turns":6},{"damage":53,"enemies":"Slime Boss","floor":16,"turns":17}],"seed_played":"8705126825908441884","potions_obtained":[{"floor":1,"key":"AttackPotion"},{"floor":10,"key":"Block Potion"},{"floor":11,"key":"Block Potion"}],"is_trial":false,"path_per_floor":["M","?","M","?","?","R","T","R","T","M","E","M","?","M","R","B"],"character_chosen":"THE_SILENT","items_purchased":[],"campfire_rested":0,"item_purchase_floors":[],"current_hp_per_floor":[59,48,48,41,41,41,41,41,41,41,36,42,42,40,40,0],"gold":326,"neow_bonus":"THREE_ENEMY_KILL","is_prod":false,"is_daily":false,"chose_seed":false,"campfire_upgraded":3,"win_rate":0,"timestamp":1550353473,"path_taken":["M","?","M","?","?","R","?","R","T","M","E","M","?","M","R","BOSS"],"build_version":"2019-02-06","purchased_purges":0,"victory":false,"max_hp_per_floor":[66,66,66,66,60,60,60,60,60,60,60,60,60,60,60,60],"card_choices":[{"not_picked":["Backflip","Deflect"],"picked":"Dash","floor":1},{"not_picked":["Deadly Poison","Slice"],"picked":"Footwork","floor":3},{"not_picked":["Prepared","Dagger Throw"],"picked":"Backflip","floor":10},{"not_picked":["Quick Slash","Backflip"],"picked":"Tools of the Trade","floor":11},{"not_picked":["Flying Knee","Quick Slash"],"picked":"Poisoned Stab","floor":12},{"not_picked":["Flechettes","PiercingWail"],"picked":"Backflip","floor":14}],"player_experience":1097299,"relics_obtained":[{"floor":7,"key":"Meat on the Bone"},{"floor":9,"key":"Smiling Mask"},{"floor":11,"key":"Happy Flower"},{"floor":13,"key":"Kunai"}],"event_choices":[{"damage_healed":0,"gold_gain":75,"player_choice":"Gather Gold","damage_taken":11,"max_hp_gain":0,"max_hp_loss":0,"event_name":"World of Goop","floor":2,"gold_loss":0},{"cards_removed":["Strike_G"],"damage_healed":0,"gold_gain":0,"player_choice":"Card Removal","damage_taken":7,"max_hp_gain":0,"max_hp_loss":0,"event_name":"Golden Wing","floor":4,"gold_loss":0},{"damage_healed":0,"gold_gain":0,"player_choice":"Lose Max HP","damage_taken":0,"relics_obtained":["Golden Idol"],"max_hp_gain":0,"max_hp_loss":6,"event_name":"Golden Idol","floor":5,"gold_loss":0},{"damage_healed":0,"gold_gain":0,"player_choice":"Relic","damage_taken":0,"max_hp_gain":0,"max_hp_loss":0,"event_name":"Wheel of Change","floor":13,"gold_loss":0}],"is_beta":true,"boss_relics":[],"items_purged_floors":[],"is_endless":false,"potions_floor_spawned":[1,10,11],"killed_by":"Slime Boss","ascension_level":20}