{"gold_per_floor":[112,112,0,16,30,30,65,65,65,76,111,130,163,175,175,249,249,268,268,288,288,288],"floor_reached":22,"playtime":1378,"items_purged":[],"score":412,"play_id":"0aa0ce77-3c4d-4246-834b-a9becac53290","local_time":"20190505202417","is_ascension_mode":true,"campfire_choices":[{"data":"Bash","floor":6.0,"key":"SMITH"},{"data":"Whirlwind","floor":8.0,"key":"SMITH"},{"data":"Uppercut","floor":15.0,"key":"SMITH"}],"neow_cost":"PERCENT_DAMAGE","seed_source_timestamp":0,"circlet_count":0,"master_deck":["AscendersBane","Strike_R","Strike_R","Strike_R","Strike_R","Defend_R","Defend_R","Defend_R","Defend_R","Bash+1","Pummel","Anger","Thunderclap","Headbutt","Whirlwind+1","Limit Break","Uppercut+1","Impervious","Feel No Pain","Iron Wave+1"],"special_seed":0,"relics":["Burning Blood","Gremlin Horn","Blood Vial","Centennial Puzzle","Pantograph","Sozu"],"potions_floor_usage":[],"damage_taken":[{"damage":12.0,"enemies":"Small Slimes","floor":1.0,"turns":4.0},{"damage":1.0,"enemies":"Cultist","floor":4.0,"turns":3.0},{"damage":4.0,"enemies":"Jaw Worm","floor":5.0,"turns":4.0},{"damage":4.0,"enemies":"Gremlin Nob","floor":7.0,"turns":3.0},{"damage":0.0,"enemies":"2 Fungi Beasts","floor":10.0,"turns":1.0},{"damage":56.0,"enemies":"Lagavulin","floor":11.0,"turns":8.0},{"damage":11.0,"enemies":"Blue Slaver","floor":12.0,"turns":3.0},{"damage":5.0,"enemies":"3 Sentries","floor":13.0,"turns":2.0},{"damage":11.0,"enemies":"Exordium Thugs","floor":14.0,"turns":2.0},{"damage":57.0,"enemies":"The Guardian","floor":16.0,"turns":12.0},{"damage":40.0,"enemies":"Shell Parasite","floor":18.0,"turns":6.0},{"damage":30,"enemies":"Spheric Guardian","floor":20,"turns":6},{"damage":20,"enemies":"Shelled Parasite and Fungi","floor":22,"turns":1}],"seed_played":"-3436289677483261654","potions_obtained":[{"floor":4.0,"key":"BloodPotion"},{"floor":5.0,"key":"Explosive Potion"},{"floor":13.0,"key":"BloodPotion"},{"floor":14.0,"key":"SteroidPotion"}],"is_trial":false,"path_per_floor":["M","?","$","M","M","R","E","R","T","M","E","M","E","M","R","B",null,"M","?","M","?","M"],"character_chosen":"IRONCLAD","items_purchased":["Anger","Strength Potion"],"campfire_rested":0,"item_purchase_floors":[3,3],"current_hp_per_floor":[58,58,58,63,73,73,75,75,75,83,35,32,35,32,32,16,71,39,39,17,17,0],"gold":288,"neow_bonus":"TWENTY_PERCENT_HP_BONUS","is_prod":false,"is_daily":false,"chose_seed":false,"campfire_upgraded":3,"win_rate":0,"timestamp":1557113057,"path_taken":["M","?","?","M","M","R","E","R","T","?","E","M","E","M","R","BOSS","M","?","?","?","M"],"build_version":"2019-04-23","purchased_purges":0,"victory":false,"max_hp_per_floor":[89,89,89,89,89,89,89,89,89,89,89,89,89,89,89,89,89,89,89,89,89,89],"card_choices":[{"not_picked":["Heavy Blade","True Grit"],"picked":"Pummel","floor":1.0},{"not_picked":["Sentinel","Cleave"],"picked":"Thunderclap","floor":4.0},{"not_picked":["Havoc","Wild Strike"],"picked":"Headbutt","floor":5.0},{"not_picked":["Pommel Strike","Heavy Blade"],"picked":"Whirlwind","floor":7.0},{"not_picked":["Entrench","Reckless Charge","Rampage"],"picked":"SKIP","floor":10.0},{"not_picked":["Havoc","Sword Boomerang"],"picked":"Limit Break","floor":11.0},{"not_picked":["Reckless Charge","Warcry","Cleave"],"picked":"SKIP","floor":12.0},{"not_picked":["Entrench","Sentinel","Infernal Blade"],"picked":"SKIP","floor":13.0},{"not_picked":["Clothesline","Armaments"],"picked":"Uppercut","floor":14.0},{"not_picked":["Juggernaut","Bludgeon"],"picked":"Impervious","floor":16.0},{"not_picked":["Warcry","Wild Strike"],"picked":"Feel No Pain","floor":18.0},{"not_picked":["Pommel Strike","Headbutt"],"picked":"Iron Wave+1","floor":20}],"player_experience":1519472,"relics_obtained":[{"floor":7.0,"key":"Gremlin Horn"},{"floor":9.0,"key":"Blood Vial"},{"floor":11.0,"key":"Centennial Puzzle"},{"floor":13.0,"key":"Pantograph"}],"event_choices":[{"cards_removed":["Strike_R"],"damage_healed":0.0,"max_hp_gain":0.0,"max_hp_loss":0.0,"gold_gain":0.0,"event_name":"Purifier","player_choice":"Purged","floor":2.0,"gold_loss":0.0,"damage_taken":0.0},{"damage_healed":0,"gold_gain":0,"player_choice":"Leave","damage_taken":0,"max_hp_gain":0,"max_hp_loss":0,"event_name":"FaceTrader","floor":19,"gold_loss":0},{"damage_healed":0,"gold_gain":0,"player_choice":"Ignored","damage_taken":0,"max_hp_gain":0,"max_hp_loss":0,"event_name":"The Mausoleum","floor":21,"gold_loss":0}],"is_beta":true,"boss_relics":[{"not_picked":["Busted Crown","Cursed Key"],"picked":"Sozu"}],"items_purged_floors":[],"is_endless":false,"potions_floor_spawned":[4,5,13,14],"killed_by":"Shelled Parasite and Fungi","ascension_level":20}