{"path_per_floor":["M","$","?","$","M","E","R","?","T","?","R","M","E","?","R","B",null,"M","M","?","?"],"character_chosen":"IRONCLAD","items_purchased":["Rampage"],"gold_per_floor":[111,36,36,36,47,72,72,72,95,45,45,57,88,88,88,161,161,175,186,101,101,101],"floor_reached":22,"campfire_rested":0,"playtime":384,"current_hp_per_floor":[78,78,71,71,77,80,80,85,85,85,85,85,62,62,62,7,76,60,43,43,43,0],"items_purged":[],"gold":101,"score":380,"play_id":"0241ee17-7be7-4671-a7e9-c8753f5d7769","local_time":"20180412162842","is_prod":false,"is_daily":false,"is_ascension_mode":true,"campfire_upgraded":3,"timestamp":1523575722,"path_taken":["M","$","?","$","M","E","R","?","T","?","R","M","E","?","R","BOSS","M","M","?","?","M"],"build_version":"2018-04-05v2","purchased_purges":0,"victory":false,"master_deck":["Strike_R","Strike_R","Strike_R","Strike_R","Defend_R","Defend_R","Defend_R","Defend_R","Bash+1","AscendersBane","Rampage+1","Twin Strike","Metallicize","Uppercut+1","Ghostly Armor","Offering","Clumsy","Injury","Normality","Flex","Perfected Strike+1"],"max_hp_per_floor":[80,80,80,80,80,80,80,85,85,85,85,85,85,85,85,85,95,95,95,95,95,95],"relics":["Burning Blood","NeowsBlessing","Dream Catcher","Blue Candle","Blood Vial","Dodecahedron","Calling Bell","Bag of Marbles","Pear","Pantograph","Omamori","Prayer Wheel"],"card_choices":[{"not_picked":["Combust","Shockwave"],"picked":"Twin Strike","floor":5},{"not_picked":["Heavy Blade","Rupture"],"picked":"Metallicize","floor":6},{"not_picked":["Thunderclap","Armaments"],"picked":"Uppercut","floor":12},{"not_picked":["Dual Wield","Twin Strike"],"picked":"Ghostly Armor","floor":13},{"not_picked":["Feed","Fiend Fire"],"picked":"Offering","floor":16},{"not_picked":["Thunderclap","Clash"],"picked":"Flex","floor":18},{"not_picked":["Seeing Red","Iron Wave"],"picked":"Perfected Strike","floor":19}],"player_experience":439229,"potions_floor_usage":[16,22,22,22],"damage_taken":[{"damage":0,"enemies":"2 Louse","floor":1,"turns":1},{"damage":0,"enemies":"Cultist","floor":5,"turns":1},{"damage":0,"enemies":"3 Sentries","floor":6,"turns":2},{"damage":0,"enemies":"Small Slimes","floor":12,"turns":3},{"damage":29,"enemies":"Gremlin Nob","floor":13,"turns":4},{"damage":63,"enemies":"Hexaghost","floor":16,"turns":12},{"damage":24,"enemies":"Chosen","floor":18,"turns":5},{"damage":25,"enemies":"Spheric Guardian","floor":19,"turns":4},{"damage":57,"enemies":"3 Cultists","floor":22,"turns":5}],"event_choices":[{"event_name":"Scrap Ooze","player_choice":"success","floor":3,"damage_taken":7},{"event_name":"Big Fish","player_choice":"Donut","floor":8,"damage_taken":0},{"event_name":"The Cleric","player_choice":"Card Removal","floor":10,"damage_taken":0},{"event_name":"Liars Game","player_choice":"disagreed","floor":14,"damage_taken":0},{"event_name":"Addict","player_choice":"Obtained Relic","floor":20,"damage_taken":0},{"event_name":"The Mausoleum","player_choice":"Yes","floor":21,"damage_taken":0}],"boss_relics":[{"not_picked":["Pandora\u0027s Box","Black Star"],"picked":"Calling Bell"}],"potions_floor_spawned":[1,5,12,16],"seed_played":"-5342294510492563977","killed_by":"3 Cultists","ascension_level":13,"is_trial":false}