{"gold_per_floor":[115,135,85,55,72,72,106,106,106,106,138,158,158,42,42,141,141,157,167,55,66,66],"floor_reached":22,"playtime":7063,"items_purged":[],"score":268,"play_id":"adb77ce1-3346-44b6-91cc-287a754a9185","local_time":"20181220175837","is_ascension_mode":true,"campfire_choices":[{"data":"Streamline","floor":6,"key":"SMITH"},{"floor":8,"key":"REST"},{"floor":10,"key":"REST"},{"data":"Defragment","floor":13,"key":"SMITH"},{"floor":15,"key":"REST"}],"neow_cost":"NONE","seed_source_timestamp":16483606708849,"circlet_count":0,"master_deck":["Strike_B","Strike_B","Strike_B","Defend_B","Defend_B","Defend_B","Defend_B","Zap","Dualcast","Thunder Strike","Storm","Streamline+1","Ball Lightning","Defragment+1","Rebound","Self Repair","Storm","Steam","Reboot","Reinforced Body+1","Stack","Lockon","Aggregate","Steam"],"relics":["Cracked Core","Oddly Smooth Stone","Singing Bowl","Centennial Puzzle","Eternal Feather"],"potions_floor_usage":[7,11,16,16,21],"damage_taken":[{"damage":6,"enemies":"Cultist","floor":1,"turns":4},{"damage":1,"enemies":"2 Louse","floor":2,"turns":2},{"damage":9,"enemies":"Jaw Worm","floor":5,"turns":3},{"damage":29,"enemies":"3 Sentries","floor":7,"turns":6},{"damage":14,"enemies":"Gremlin Nob","floor":11,"turns":4},{"damage":30,"enemies":"Gremlin Gang","floor":12,"turns":3},{"damage":0,"enemies":"Slime Boss","floor":16,"turns":5},{"damage":38,"enemies":"2 Thieves","floor":18,"turns":4},{"damage":25,"enemies":"3 Byrds","floor":19,"turns":4},{"damage":4,"enemies":"Snake Plant","floor":21,"turns":3},{"damage":35,"enemies":"Snecko","floor":22,"turns":4}],"seed_played":"1662515425393897196","potions_obtained":[{"floor":1,"key":"Energy Potion"},{"floor":4,"key":"FocusPotion"},{"floor":4,"key":"Weak Potion"},{"floor":11,"key":"Swift Potion"},{"floor":16,"key":"PowerPotion"},{"floor":19,"key":"Weak Potion"}],"is_trial":false,"path_per_floor":["M","M","?","?","M","R","E","R","T","R","E","M","R","$","R","B",null,"M","M","$","M","M"],"character_chosen":"DEFECT","items_purchased":["Storm","Steam","Lockon","Aggregate"],"campfire_rested":3,"item_purchase_floors":[14,14,20,20],"current_hp_per_floor":[69,68,68,68,59,59,30,52,52,74,60,30,30,30,52,59,75,37,19,19,22,0],"gold":66,"neow_bonus":"ONE_RANDOM_RARE_CARD","is_prod":false,"is_daily":false,"chose_seed":false,"campfire_upgraded":2,"win_rate":0,"timestamp":1545346717,"path_taken":["M","M","?","?","M","R","E","R","T","R","E","M","R","$","R","BOSS","M","M","$","M","M"],"build_version":"2018-12-13","purchased_purges":0,"victory":false,"max_hp_per_floor":[75,75,75,75,75,75,75,75,75,75,75,75,75,75,75,75,75,75,75,75,75,75],"card_choices":[{"not_picked":["Barrage","Sweeping Beam"],"picked":"Storm","floor":1},{"not_picked":["Skim","Cold Snap"],"picked":"Streamline","floor":2},{"not_picked":["Hologram","Barrage"],"picked":"Ball Lightning","floor":5},{"not_picked":["Hologram","Creative AI"],"picked":"Defragment","floor":7},{"not_picked":["Cold Snap","Scrape"],"picked":"Rebound","floor":11},{"not_picked":["Beam Cell","Cold Snap"],"picked":"Self Repair","floor":12},{"not_picked":["Fission","Hyperbeam"],"picked":"Reboot","floor":16},{"not_picked":["Gash","Auto Shields"],"picked":"Reinforced Body+1","floor":18},{"not_picked":["Beam Cell","Leap"],"picked":"Stack","floor":19},{"not_picked":["Coolheaded","Barrage"],"picked":"Steam","floor":21}],"player_experience":462497,"relics_obtained":[{"floor":7,"key":"Oddly Smooth Stone"},{"floor":9,"key":"Singing Bowl"},{"floor":11,"key":"Centennial Puzzle"}],"event_choices":[{"cards_removed":["Strike_B"],"damage_healed":0,"gold_gain":0,"player_choice":"Card Removal","damage_taken":0,"max_hp_gain":0,"max_hp_loss":0,"event_name":"The Cleric","floor":3,"gold_loss":50},{"damage_healed":0,"gold_gain":0,"player_choice":"Bought 2 Potions","damage_taken":0,"max_hp_gain":0,"max_hp_loss":0,"event_name":"The Woman in Blue","floor":4,"gold_loss":0}],"is_beta":false,"boss_relics":[{"not_picked":["Ectoplasm","Fusion Hammer"],"picked":"Eternal Feather"}],"items_purged_floors":[],"is_endless":false,"potions_floor_spawned":[1,5,11,16,19],"killed_by":"Snecko","ascension_level":2}