{"gold_per_floor":[113,133,148,44,63,63,94,105,132,132,132,132,147,157,157,228,228,244,244,25,25,45,45,73,73,73,73,73,83,94,124,124,124],"floor_reached":33,"playtime":2013,"items_purged":[],"score":574,"play_id":"9afaa33a-6ab3-4506-bb40-c590dcc00206","local_time":"20190328191437","is_ascension_mode":true,"campfire_choices":[{"data":"Sunder","floor":6,"key":"SMITH"},{"data":"White Noise","floor":10,"key":"SMITH"},{"data":"Zap","floor":12,"key":"SMITH"},{"floor":15,"key":"REST"},{"floor":23,"key":"REST"},{"floor":25,"key":"REST"},{"data":"Streamline","floor":27,"key":"SMITH"},{"data":"Blizzard","floor":32,"key":"SMITH"}],"neow_cost":"NONE","seed_source_timestamp":1012645733436479,"circlet_count":0,"master_deck":["AscendersBane","Strike_B","Strike_B","Defend_B","Defend_B","Defend_B","Defend_B","Zap+1","Dualcast","Streamline+1","Chill","Sunder+1","Seek","Ball Lightning","Leap","White Noise+1","Genetic Algorithm","Glacier","Core Surge","Seek","Cold Snap","RitualDagger","Skim+1","Lockon","Self Repair","Blizzard+1","Blizzard+1"],"relics":["Cracked Core","Mummified Hand","Bronze Scales","Sozu","OrangePellets","Blood Vial","Bag of Marbles","Oddly Smooth Stone"],"potions_floor_usage":[7,8],"damage_taken":[{"damage":1,"enemies":"Cultist","floor":1,"turns":3},{"damage":1,"enemies":"2 Louse","floor":2,"turns":2},{"damage":5,"enemies":"Small Slimes","floor":3,"turns":3},{"damage":0,"enemies":"2 Fungi Beasts","floor":5,"turns":2},{"damage":10,"enemies":"Gremlin Nob","floor":7,"turns":3},{"damage":7,"enemies":"3 Louse","floor":8,"turns":3},{"damage":9,"enemies":"Red Slaver","floor":13,"turns":3},{"damage":6,"enemies":"2 Fungi Beasts","floor":14,"turns":2},{"damage":6,"enemies":"The Guardian","floor":16,"turns":10},{"damage":12,"enemies":"2 Thieves","floor":18,"turns":3},{"damage":12,"enemies":"Shell Parasite","floor":22,"turns":2},{"damage":11,"enemies":"Gremlin Leader","floor":24,"turns":9},{"damage":11,"enemies":"Chosen and Byrds","floor":29,"turns":5},{"damage":5,"enemies":"Sentry and Sphere","floor":30,"turns":4},{"damage":29,"enemies":"Slavers","floor":31,"turns":5},{"damage":68,"enemies":"Collector","floor":33,"turns":9}],"seed_played":"863441736882069585","potions_obtained":[{"floor":2,"key":"Poison Potion"},{"floor":7,"key":"SteroidPotion"}],"is_trial":false,"path_per_floor":["M","M","M","$","M","R","E","M","T","R","?","R","M","M","R","B",null,"M","?","$","?","M","R","E","R","T","R","?","M","M","E","R","B"],"character_chosen":"DEFECT","items_purchased":["Ball Lightning","Strength Potion","OrangePellets"],"campfire_rested":3,"item_purchase_floors":[4,4,20],"current_hp_per_floor":[63,62,57,57,57,57,47,40,40,40,40,40,31,25,46,40,63,51,51,51,45,33,54,43,64,64,64,64,55,59,39,39,0],"gold":124,"neow_bonus":"THREE_CARDS","is_prod":false,"is_daily":false,"chose_seed":false,"campfire_upgraded":5,"win_rate":0,"timestamp":1553814877,"path_taken":["M","?","M","$","M","R","E","M","T","R","?","R","?","M","R","BOSS","M","?","$","?","M","R","E","R","T","R","?","?","M","E","R","BOSS"],"build_version":"2019-01-23","purchased_purges":0,"victory":false,"max_hp_per_floor":[71,71,71,71,71,71,71,71,71,71,71,71,71,71,71,71,71,71,71,71,71,71,71,71,71,71,71,71,71,71,71,71,71],"card_choices":[{"not_picked":["Beam Cell","Gash"],"picked":"Streamline","floor":0},{"not_picked":["Redo","Gash"],"picked":"Chill","floor":1},{"not_picked":["Rip and Tear","Steam"],"picked":"Sunder","floor":2},{"not_picked":["Go for the Eyes","Ball Lightning"],"picked":"Seek","floor":3},{"not_picked":["Redo","Ball Lightning"],"picked":"Leap","floor":5},{"not_picked":["Double Energy","Sunder"],"picked":"White Noise","floor":7},{"not_picked":["Stack","Ball Lightning"],"picked":"Genetic Algorithm","floor":8},{"not_picked":["Gash","Hello World","Genetic Algorithm"],"picked":"SKIP","floor":13},{"not_picked":["Steam","Rip and Tear"],"picked":"Core Surge","floor":14},{"not_picked":["Hyperbeam","All For One"],"picked":"Seek","floor":16},{"not_picked":["Hello World","Turbo"],"picked":"Cold Snap","floor":18},{"not_picked":["Hologram","Gash"],"picked":"Skim+1","floor":22},{"not_picked":["Streamline","Turbo","Reprogram"],"picked":"SKIP","floor":24},{"not_picked":["Cold Snap","Redo+1"],"picked":"Self Repair","floor":29},{"not_picked":["Steam","Skim"],"picked":"Blizzard","floor":30},{"not_picked":["Coolheaded","Hyperbeam"],"picked":"Blizzard+1","floor":31}],"player_experience":1480480,"relics_obtained":[{"floor":7,"key":"Mummified Hand"},{"floor":9,"key":"Bronze Scales"},{"floor":24,"key":"Blood Vial"},{"floor":26,"key":"Bag of Marbles"},{"floor":31,"key":"Oddly Smooth Stone"}],"event_choices":[{"damage_healed":0,"gold_gain":0,"cards_transformed":["Strike_B"],"player_choice":"Transformed","damage_taken":0,"max_hp_gain":0,"max_hp_loss":0,"event_name":"Transmorgrifier","floor":11,"gold_loss":0,"cards_obtained":["Glacier"]},{"damage_healed":0,"gold_gain":0,"player_choice":"Ignored","damage_taken":0,"max_hp_gain":0,"max_hp_loss":0,"event_name":"Ghosts","floor":19,"gold_loss":0},{"damage_healed":0,"gold_gain":0,"player_choice":"Joined the Cult","damage_taken":6,"max_hp_gain":0,"max_hp_loss":0,"event_name":"Nest","floor":21,"gold_loss":0,"cards_obtained":["RitualDagger"]},{"damage_healed":0,"gold_gain":0,"cards_transformed":["Strike_B"],"player_choice":"Transformed","damage_taken":0,"max_hp_gain":0,"max_hp_loss":0,"event_name":"Transmorgrifier","floor":28,"gold_loss":0,"cards_obtained":["Lockon"]}],"is_beta":false,"boss_relics":[{"not_picked":["Inserter","White Beast Statue"],"picked":"Sozu"}],"items_purged_floors":[],"is_endless":false,"potions_floor_spawned":[2,5,7,22,24,31],"killed_by":"Collector","ascension_level":20}