{"gold_per_floor":[118,68,68,68,87,87,118,118,142,142,177,177,211,261,261,261],"floor_reached":16,"playtime":685,"items_purged":[],"score":154,"play_id":"dcd0fc67-8b0c-4d62-83bf-6656d189e852","local_time":"20190430132940","is_ascension_mode":true,"campfire_choices":[{"data":"Neutralize","floor":6,"key":"SMITH"},{"data":"Cloak And Dagger","floor":8,"key":"SMITH"},{"data":"Backstab","floor":12,"key":"SMITH"},{"data":"Footwork","floor":15,"key":"SMITH"}],"neow_cost":"NONE","seed_source_timestamp":1626342190518139,"circlet_count":0,"master_deck":["Defend_G","Defend_G+1","Defend_G","Defend_G","Strike_G","Strike_G","Strike_G","Survivor","Neutralize+1","Doppelganger+1","Cloak And Dagger+1","Backstab+1","Backflip+1","Footwork+1"],"relics":["Ring of the Snake","Prayer Wheel","War Paint","Bottled Lightning","Pear","Orichalcum"],"potions_floor_usage":[7],"damage_taken":[{"damage":1,"enemies":"2 Louse","floor":1,"turns":5},{"damage":0,"enemies":"Cultist","floor":5,"turns":5},{"damage":22,"enemies":"Gremlin Nob","floor":7,"turns":5},{"damage":4,"enemies":"3 Sentries","floor":11,"turns":10},{"damage":4,"enemies":"Gremlin Nob","floor":13,"turns":4},{"damage":43,"enemies":"Hexaghost","floor":16,"turns":18}],"seed_played":"-8568288281795718093","potions_obtained":[{"floor":5,"key":"SteroidPotion"}],"is_trial":false,"path_per_floor":["M","?","?","?","M","R","E","R","T","?","E","R","E","T","R","B"],"character_chosen":"THE_SILENT","items_purchased":[],"campfire_rested":0,"item_purchase_floors":[],"current_hp_per_floor":[62,62,55,55,55,55,33,33,33,33,29,29,35,35,35,0],"gold":261,"neow_bonus":"ONE_RANDOM_RARE_CARD","is_prod":false,"is_daily":false,"chose_seed":false,"campfire_upgraded":4,"win_rate":0,"timestamp":1556627380,"path_taken":["M","?","?","?","?","R","E","R","T","?","E","R","E","?","R","BOSS"],"build_version":"2019-01-23","purchased_purges":0,"victory":false,"max_hp_per_floor":[70,70,70,70,70,70,70,70,70,70,70,70,80,80,80,80],"card_choices":[{"not_picked":["Tactician","Slice"],"picked":"Cloak And Dagger","floor":1},{"not_picked":["Masterful Stab","Bane"],"picked":"Backstab","floor":5},{"not_picked":["Underhanded Strike","Slice"],"picked":"Backflip","floor":7},{"not_picked":["Blade Dance","Flying Knee","Poisoned Stab"],"picked":"SKIP","floor":11},{"not_picked":["Burst","Masterful Stab"],"picked":"Footwork","floor":13}],"player_experience":258645,"relics_obtained":[{"floor":7,"key":"Prayer Wheel"},{"floor":9,"key":"War Paint"},{"floor":11,"key":"Bottled Lightning"},{"floor":13,"key":"Pear"},{"floor":14,"key":"Orichalcum"}],"event_choices":[{"cards_removed":["Strike_G"],"damage_healed":0,"gold_gain":0,"player_choice":"Card Removal","damage_taken":0,"max_hp_gain":0,"max_hp_loss":0,"event_name":"The Cleric","floor":2,"gold_loss":50},{"cards_removed":["Strike_G"],"damage_healed":0,"gold_gain":0,"player_choice":"Card Removal","damage_taken":7,"max_hp_gain":0,"max_hp_loss":0,"event_name":"Golden Wing","floor":3,"gold_loss":0},{"cards_removed":["Defend_G"],"damage_healed":0,"gold_gain":0,"player_choice":"Purged","damage_taken":0,"max_hp_gain":0,"max_hp_loss":0,"event_name":"Purifier","floor":4,"gold_loss":0},{"damage_healed":0,"gold_gain":0,"player_choice":"Grow","damage_taken":0,"max_hp_gain":0,"max_hp_loss":0,"event_name":"Living Wall","floor":10,"gold_loss":0,"cards_upgraded":["Backflip"]}],"is_beta":false,"boss_relics":[],"items_purged_floors":[],"is_endless":false,"potions_floor_spawned":[5],"killed_by":"Hexaghost","ascension_level":7}