{"path_per_floor":["M","?","?","?","$","R","M","R","T","E","?","M","M","M","R","B",null,"M","?","M","M","$","R","?","R","T","M","M","$"],"character_chosen":"IRONCLAD","items_purchased":["Ghostly Armor","Jack Of All Trades"],"gold_per_floor":[111,111,111,61,61,61,79,79,103,137,137,148,166,177,177,248,248,228,153,163,174,103,103,103,103,103,113,123,17,17],"floor_reached":30,"campfire_rested":2,"playtime":1993,"current_hp_per_floor":[74,67,67,67,67,67,73,73,73,75,75,75,75,75,75,15,60,39,39,32,27,27,49,49,71,71,32,23,23,0],"items_purged":[],"gold":17,"score":434,"play_id":"8ab85e6b-c6b5-4e15-8324-d5ace1787a18","local_time":"20180413123541","is_prod":false,"is_daily":false,"chose_seed":false,"is_ascension_mode":true,"campfire_upgraded":3,"timestamp":1523648141,"path_taken":["M","?","?","?","$","R","M","R","T","E","?","M","?","M","R","BOSS","M","?","M","M","$","R","?","R","T","M","M","$","M"],"build_version":"2018-04-12","seed_source_timestamp":140633492277222,"purchased_purges":0,"victory":false,"master_deck":["Strike_R","Strike_R","Strike_R","Defend_R","Defend_R","Defend_R","Bash+1","AscendersBane","Armaments+1","Perfected Strike+1","Metallicize","Shrug It Off","Metallicize+1","Exhume","Sword Boomerang","Flame Barrier","Warcry+1","Ghostly Armor","Armaments","Rage","Flex","Jack Of All Trades"],"max_hp_per_floor":[75,75,75,75,75,75,75,75,75,75,75,75,75,75,75,75,75,75,75,75,75,75,75,75,75,75,75,75,75,75],"relics":["Black Blood","NeowsBlessing","Prayer Wheel","Dead Branch","Shovel"],"card_choices":[{"not_picked":["Heavy Blade","Havoc"],"picked":"Armaments","floor":1},{"not_picked":["Clash","Iron Wave"],"picked":"Perfected Strike","floor":7},{"not_picked":["Dual Wield","Iron Wave"],"picked":"Metallicize","floor":10},{"not_picked":["Battle Trance","True Grit"],"picked":"Shrug It Off","floor":12},{"not_picked":["Sword Boomerang","Dropkick"],"picked":"Metallicize","floor":13},{"not_picked":["Juggernaut","Double Tap"],"picked":"Exhume","floor":16},{"not_picked":["Reckless Charge","Perfected Strike"],"picked":"Sword Boomerang","floor":18},{"not_picked":["Clothesline","Clash"],"picked":"Flame Barrier","floor":20},{"not_picked":["Iron Wave","Infernal Blade"],"picked":"Warcry","floor":21},{"not_picked":["Immolate","Carnage"],"picked":"Armaments","floor":26},{"not_picked":["True Grit","Carnage"],"picked":"Rage","floor":27},{"not_picked":["Heavy Blade","Pommel Strike"],"picked":"Flex","floor":28}],"player_experience":443970,"potions_floor_usage":[13,14,27],"damage_taken":[{"damage":0,"enemies":"Jaw Worm","floor":1,"turns":1},{"damage":0,"enemies":"Cultist","floor":7,"turns":1},{"damage":0,"enemies":"Gremlin Nob","floor":10,"turns":1},{"damage":6,"enemies":"2 Louse","floor":12,"turns":3},{"damage":0,"enemies":"Large Slime","floor":13,"turns":5},{"damage":4,"enemies":"Lots of Slimes","floor":14,"turns":3},{"damage":66,"enemies":"Slime Boss","floor":16,"turns":13},{"damage":31,"enemies":"2 Thieves","floor":18,"turns":4},{"damage":17,"enemies":"Chosen","floor":20,"turns":5},{"damage":15,"enemies":"Snake Plant","floor":21,"turns":6},{"damage":49,"enemies":"Centurion and Healer","floor":27,"turns":20},{"damage":19,"enemies":"Sentry and Sphere","floor":28,"turns":15},{"damage":55,"enemies":"Cultist and Chosen","floor":30,"turns":4}],"event_choices":[{"event_name":"Golden Wing","player_choice":"Card Removal","floor":2,"damage_taken":0},{"event_name":"Upgrade Shrine","player_choice":"Upgraded","floor":3,"damage_taken":0},{"event_name":"The Cleric","player_choice":"Card Removal","floor":4,"damage_taken":0},{"event_name":"Liars Game","player_choice":"disagreed","floor":11,"damage_taken":0},{"event_name":"Beggar","player_choice":"Gave Gold","floor":19,"damage_taken":0},{"event_name":"The Mausoleum","player_choice":"No","floor":24,"damage_taken":0}],"boss_relics":[{"not_picked":["Ectoplasm","Velvet Choker"],"picked":"Black Blood"}],"potions_floor_spawned":[1,12,21,28],"seed_played":"3051552025587986664","killed_by":"Cultist and Chosen","ascension_level":14,"is_trial":false}