{"path_per_floor":["M","M","$","M","$","E","R","?","T","M","R","E","R","$","R","B",null,"M","$","M","?","$","R","M","R","T","R","M","M","$","M","R","B",null,"M","?","M","M","?","R","M","R","T","E","T","R","M","M","R","B"],"character_chosen":"DEFECT","items_purchased":["White Noise","Blaster","Capacitor","FTL","Bandage Up","Leap"],"gold_per_floor":[114,134,19,33,33,63,63,63,144,157,157,182,182,13,13,116,116,131,29,39,39,39,39,59,59,59,59,69,79,27,40,40,145,145,157,157,177,187,187,187,205,205,205,239,239,239,258,273,273,273],"floor_reached":51,"campfire_rested":0,"playtime":2056,"current_hp_per_floor":[68,68,68,68,68,33,33,58,58,58,58,54,54,54,54,75,75,62,62,62,62,62,62,54,54,54,54,42,32,32,38,38,13,60,46,46,55,75,66,66,65,65,65,67,67,67,47,47,47,26],"items_purged":["Dualcast"],"gold":273,"score":1002,"play_id":"8b3a0211-7c89-4719-ab9a-e36a0074cf36","local_time":"20180430104617","is_prod":false,"is_daily":false,"chose_seed":false,"is_ascension_mode":true,"campfire_upgraded":12,"timestamp":1525110377,"path_taken":["M","?","?","M","$","E","R","?","T","?","R","E","R","$","R","BOSS","M","$","M","?","$","R","M","R","T","R","M","?","$","M","R","BOSS","M","?","M","M","?","R","M","R","T","E","?","R","M","M","R","BOSS"],"build_version":"2018-04-27v3","seed_source_timestamp":1137461973212,"purchased_purges":1,"victory":true,"master_deck":["Strike_B","Strike_B","Strike_B","Strike_B","Defend_B","Defend_B","Defend_B","Defend_B","Zap+1","Ball Lightning","Go for the Eyes+1","White Noise+1","Blaster","Stack+1","Leap","Defragment+1","Cold Snap","Capacitor+1","FTL","Prime+1","Cold Snap+1","Bandage Up+1","Sweeping Beam+1","Tempest+1","Buffer+1","Hologram+1","Leap","Leap","Redo","Self Repair+1","Bandage Up+1","Defragment+1","Go for the Eyes+1","Madness","Madness","Coolheaded+1","Storm"],"max_hp_per_floor":[75,75,75,75,75,75,75,75,75,75,75,75,75,75,75,75,75,75,75,75,75,75,75,75,75,75,75,75,75,75,75,75,75,75,75,75,75,75,75,75,75,75,75,75,75,75,75,75,75,75],"relics":["Cracked Core","NeowsBlessing","Vajra","Tiny Chest","Pantograph","Cursed Key","Inserter","Calipers"],"card_choices":[{"not_picked":["Axe Kick","Barrage"],"picked":"Ball Lightning","floor":1},{"not_picked":["Capacitor","Redo"],"picked":"Go for the Eyes","floor":2},{"not_picked":["Turbo","Rebound"],"picked":"Stack","floor":4},{"not_picked":["Barrage","Coolheaded"],"picked":"Leap","floor":6},{"not_picked":["Self Repair","Blaster"],"picked":"Defragment","floor":10},{"not_picked":["Skim","Rip and Tear"],"picked":"Cold Snap","floor":12},{"not_picked":["Redo","Biased Cognition"],"picked":"Prime","floor":16},{"not_picked":["Gash","Flux Capacitor"],"picked":"Cold Snap","floor":18},{"not_picked":["Leap","Rip and Tear"],"picked":"Sweeping Beam","floor":20},{"not_picked":["Skim","Rebound"],"picked":"Tempest","floor":24},{"not_picked":["Static Discharge","Coolheaded"],"picked":"Buffer","floor":28},{"not_picked":["Sweeping Beam","Heatsinks"],"picked":"Hologram","floor":29},{"not_picked":["Sunder","Cold Snap"],"picked":"Leap","floor":31},{"not_picked":["All For One","Fission"],"picked":"Redo","floor":33},{"not_picked":["Reinforced Body","Stack"],"picked":"Self Repair","floor":35},{"not_picked":["Go for the Eyes","Turbo"],"picked":"Defragment","floor":37},{"not_picked":["Capacitor","Beam Cell"],"picked":"Go for the Eyes","floor":38},{"not_picked":["Beam Cell","Turbo"],"picked":"Coolheaded","floor":41},{"not_picked":["Fission","Rebound"],"picked":"Storm","floor":44}],"player_experience":560029,"potions_floor_usage":[12,20,24,33,33,38,48,50,50,50],"damage_taken":[{"damage":0,"enemies":"Cultist","floor":1,"turns":1},{"damage":0,"enemies":"Small Slimes","floor":2,"turns":1},{"damage":0,"enemies":"Jaw Worm","floor":4,"turns":1},{"damage":35,"enemies":"Gremlin Nob","floor":6,"turns":4},{"damage":0,"enemies":"Large Slime","floor":10,"turns":6},{"damage":4,"enemies":"3 Sentries","floor":12,"turns":4},{"damage":0,"enemies":"Slime Boss","floor":16,"turns":7},{"damage":20,"enemies":"Spheric Guardian","floor":18,"turns":4},{"damage":4,"enemies":"Chosen","floor":20,"turns":5},{"damage":14,"enemies":"Sentry and Sphere","floor":24,"turns":4},{"damage":18,"enemies":"Snecko","floor":28,"turns":4},{"damage":16,"enemies":"Snake Plant","floor":29,"turns":4},{"damage":0,"enemies":"Sentry and Sphere","floor":31,"turns":4},{"damage":56,"enemies":"Champ","floor":33,"turns":13},{"damage":20,"enemies":"Flame Bruiser 1 Orb","floor":35,"turns":5},{"damage":3,"enemies":"Orb Walker","floor":37,"turns":4},{"damage":0,"enemies":"Flame Bruiser 2 Orb","floor":38,"turns":6},{"damage":23,"enemies":"Maw","floor":41,"turns":9},{"damage":10,"enemies":"Nemesis","floor":44,"turns":7},{"damage":49,"enemies":"3 Darklings","floor":47,"turns":7},{"damage":22,"enemies":"4 Shapes","floor":48,"turns":7},{"damage":68,"enemies":"Time Eater","floor":50,"turns":15}],"event_choices":[{"event_name":"Big Fish","player_choice":"Banana","floor":8,"damage_taken":0},{"event_name":"Addict","player_choice":"Ignored","floor":21,"damage_taken":0},{"event_name":"Duplicator","player_choice":"One dupe","floor":36,"damage_taken":0},{"event_name":"Winding Halls","player_choice":"Embrace Madness","floor":39,"damage_taken":0}],"boss_relics":[{"not_picked":["Velvet Choker","Astrolabe"],"picked":"Cursed Key"},{"not_picked":["Philosopher\u0027s Stone","White Beast Statue"],"picked":"Inserter"}],"potions_floor_spawned":[2,10,12,16,20,33,37,38,41,48],"seed_played":"-4685775080292398813","ascension_level":7,"is_trial":false}