{"path_per_floor":["M","T","$","M","?","R","M","$","T","M","M","M","R","E","R","B",null,"M","?","?","?","M","R"],"character_chosen":"THE_SILENT","items_purchased":["Well Laid Plans","Vajra","Underhanded Strike"],"gold_per_floor":[117,140,100,114,189,189,202,34,34,50,62,72,72,103,103,205,205,222,222,122,122,133,133,133],"floor_reached":24,"campfire_rested":1,"playtime":1024,"current_hp_per_floor":[57,57,57,57,46,46,45,45,45,42,43,41,41,24,24,24,59,40,40,40,27,2,24,0],"items_purged":[],"gold":133,"score":394,"play_id":"cfe1e03d-6c6c-44a9-91cd-0a32586ebe23","local_time":"20180328210838","is_prod":false,"is_daily":false,"is_ascension_mode":true,"campfire_upgraded":3,"timestamp":1522285718,"path_taken":["M","?","$","?","?","R","?","$","T","?","?","M","R","E","R","BOSS","M","?","?","?","M","R","?"],"build_version":"2018-03-22v2","purchased_purges":1,"victory":false,"master_deck":["Defend_G","Defend_G","Defend_G","Defend_G","Defend_G","Strike_G","Strike_G","Strike_G","Strike_G","Strike_G","Survivor","Neutralize","AscendersBane","A Thousand Cuts+1","Flying Knee","Well Laid Plans","Prepared+1","Eviscerate+1","Underhanded Strike","Slice","Acrobatics","Dagger Throw","Terror","Adrenaline","Writhe","J.A.X.","Backflip+1"],"max_hp_per_floor":[70,70,70,70,70,70,70,70,70,70,70,70,70,70,70,70,70,70,70,70,75,75,75,75],"relics":["Ring of the Snake","Bag of Preparation","Vajra","Unceasing Top","Bronze Scales","Question Card","Paper Crane"],"card_choices":[{"not_picked":["All Out Attack","Deadly Poison"],"picked":"Flying Knee","floor":1},{"not_picked":["Backstab","Acrobatics"],"picked":"Prepared","floor":4},{"not_picked":["Catalyst","PiercingWail"],"picked":"Eviscerate","floor":7},{"not_picked":["Dash","Heel Hook"],"picked":"Slice","floor":10},{"not_picked":["Slice","Riddle With Holes"],"picked":"Acrobatics","floor":11},{"not_picked":["Deadly Poison","Distraction"],"picked":"Dagger Throw","floor":12},{"not_picked":["Leg Sweep","Skewer"],"picked":"Terror","floor":14},{"not_picked":["Storm of Steel","Tools of the Trade"],"picked":"Adrenaline","floor":16},{"not_picked":["Dash","Leg Sweep","Sucker Punch"],"picked":"Backflip","floor":22}],"player_experience":619732,"potions_floor_usage":[11,11,16,18,24],"damage_taken":[{"damage":6,"enemies":"Cultist","floor":1,"turns":5},{"damage":0,"enemies":"2 Louse","floor":4,"turns":2},{"damage":1,"enemies":"Jaw Worm","floor":7,"turns":4},{"damage":3,"enemies":"2 Fungi Beasts","floor":10,"turns":3},{"damage":8,"enemies":"Exordium Thugs","floor":11,"turns":4},{"damage":2,"enemies":"Red Slaver","floor":12,"turns":2},{"damage":17,"enemies":"Lagavulin","floor":14,"turns":6},{"damage":0,"enemies":"Slime Boss","floor":16,"turns":7},{"damage":19,"enemies":"Spheric Guardian","floor":18,"turns":4},{"damage":25,"enemies":"2 Thieves","floor":22,"turns":3},{"damage":24,"enemies":"3 Cultists","floor":24,"turns":3}],"event_choices":[{"event_name":"World of Goop","player_choice":"Gather Gold","floor":5,"damage_taken":0},{"event_name":"The Mausoleum","player_choice":"Yes","floor":19,"damage_taken":0},{"event_name":"Drug Dealer","player_choice":"Got JAXXED","floor":20,"damage_taken":0},{"event_name":"Forgotten Altar","player_choice":"Shed Blood","floor":21,"damage_taken":0}],"boss_relics":[{"not_picked":["Black Star","Velvet Choker"],"picked":"Question Card"}],"potions_floor_spawned":[1,4,10,14,22],"seed_played":"-8966106559758185739","killed_by":"3 Cultists","ascension_level":12,"is_trial":false}