{"gold_per_floor":[117,117,25,25,44,44,78,103,138,179,191,216,256,283,295,381,393,422,434,446,155,172,172,236,247,317,334,334,334],"floor_reached":29,"playtime":1018,"items_purged":["Pain"],"score":626,"play_id":"63950fc7-fdf7-46ec-846e-4b59c77c0a23","local_time":"20190423204802","is_ascension_mode":true,"campfire_choices":[{"data":"Defragment","floor":6.0,"key":"SMITH"},{"data":"Defragment","floor":11.0,"key":"SMITH"},{"data":"Loop","floor":15.0,"key":"SMITH"},{"floor":23.0,"key":"REST"},{"floor":28,"key":"REST"}],"neow_cost":"NONE","seed_source_timestamp":0,"circlet_count":0,"master_deck":["AscendersBane","Strike_B","Strike_B","Defend_B","Defend_B","Defend_B","Defend_B","Zap","Dualcast","Ball Lightning","Compile Driver","Darkness","Defragment+1","Conserve Battery","Chill","Defragment+1","Cold Snap","BootSequence","Coolheaded","Loop+1","Echo Form","Chill","Pain"],"special_seed":0,"relics":["Cracked Core","MawBank","Pen Nib","Art of War","Calipers","Cursed Key","WarpedTongs","Runic Capacitor","Tiny Chest","Kunai"],"potions_floor_usage":[29],"damage_taken":[{"damage":0.0,"enemies":"Small Slimes","floor":1.0,"turns":3.0},{"damage":0.0,"enemies":"2 Louse","floor":5.0,"turns":2.0},{"damage":7.0,"enemies":"Gremlin Nob","floor":7.0,"turns":3.0},{"damage":0.0,"enemies":"Cultist","floor":8.0,"turns":3.0},{"damage":2.0,"enemies":"3 Sentries","floor":10.0,"turns":9.0},{"damage":0.0,"enemies":"Lots of Slimes","floor":12.0,"turns":5.0},{"damage":0.0,"enemies":"Lagavulin","floor":13.0,"turns":10.0},{"damage":0.0,"enemies":"Looter","floor":14.0,"turns":3.0},{"damage":6.0,"enemies":"Hexaghost","floor":16.0,"turns":9.0},{"damage":17.0,"enemies":"2 Thieves","floor":18.0,"turns":4.0},{"damage":27.0,"enemies":"3 Byrds","floor":22.0,"turns":6.0},{"damage":10.0,"enemies":"Book of Stabbing","floor":24.0,"turns":5.0},{"damage":0,"enemies":"Sentry and Sphere","floor":25,"turns":8},{"damage":0,"enemies":"Centurion and Healer","floor":27,"turns":12},{"damage":62,"enemies":"Gremlin Leader","floor":29,"turns":4}],"seed_played":"-6657149929044633203","potions_obtained":[{"floor":5.0,"key":"Poison Potion"},{"floor":10.0,"key":"SteroidPotion"},{"floor":13.0,"key":"GamblersBrew"},{"floor":24.0,"key":"SneckoOil"}],"is_trial":false,"path_per_floor":["M","?","$","?","M","R","E","M","T","E","R","M","E","M","R","B",null,"M","?","?","$","M","R","E","M","T","M","R","E"],"character_chosen":"DEFECT","items_purchased":["Defragment","Conserve Battery","Runic Capacitor"],"campfire_rested":2,"item_purchase_floors":[3,3,21],"current_hp_per_floor":[64,64,64,64,64,64,57,57,57,55,55,55,55,55,55,49,66,49,49,49,49,22,43,33,33,33,33,54,0],"gold":334,"neow_bonus":"THREE_CARDS","is_prod":false,"is_daily":false,"chose_seed":false,"campfire_upgraded":3,"win_rate":0,"timestamp":1556077682,"path_taken":["M","?","$","?","?","R","E","?","T","E","R","M","E","M","R","BOSS","M","?","?","$","?","R","E","M","T","M","R","E"],"build_version":"2019-04-23","purchased_purges":1,"victory":false,"max_hp_per_floor":[71,71,71,71,71,71,71,71,71,71,71,71,71,71,71,71,71,71,71,71,71,71,71,71,71,71,71,71,71],"card_choices":[{"not_picked":["Stack","Reinforced Body"],"picked":"Ball Lightning","floor":0.0},{"not_picked":["Reprogram","Steam"],"picked":"Compile Driver","floor":1.0},{"not_picked":["Lockon","Compile Driver"],"picked":"Chill","floor":5.0},{"not_picked":["Force Field","Chill"],"picked":"Defragment","floor":7.0},{"not_picked":["Barrage","Go for the Eyes"],"picked":"Cold Snap","floor":8.0},{"not_picked":["Chaos","Blizzard"],"picked":"BootSequence","floor":10.0},{"not_picked":["Blizzard","Sunder"],"picked":"Coolheaded","floor":12.0},{"not_picked":["Tempest","Lockon","BootSequence"],"picked":"SKIP","floor":13.0},{"not_picked":["Aggregate","Cold Snap"],"picked":"Loop","floor":14.0},{"not_picked":["Multi-Cast","All For One"],"picked":"Echo Form","floor":16.0},{"not_picked":["Static Discharge","Heatsinks","Compile Driver"],"picked":"SKIP","floor":18.0},{"not_picked":["Aggregate","Rebound"],"picked":"Chill","floor":22.0},{"not_picked":["Skim","Turbo","Stack"],"picked":"SKIP","floor":24.0},{"not_picked":["Gash","Hello World","Stack"],"picked":"SKIP","floor":25},{"not_picked":["Barrage","Capacitor","Double Energy"],"picked":"SKIP","floor":27}],"player_experience":1189480,"relics_obtained":[{"floor":7.0,"key":"MawBank"},{"floor":9.0,"key":"Pen Nib"},{"floor":10.0,"key":"Art of War"},{"floor":13.0,"key":"Calipers"},{"floor":24.0,"key":"Tiny Chest"},{"floor":26,"key":"Kunai"}],"event_choices":[{"damage_healed":0.0,"max_hp_gain":0.0,"max_hp_loss":0.0,"gold_gain":0.0,"cards_transformed":["Strike_B"],"event_name":"Living Wall","player_choice":"Change","floor":2.0,"gold_loss":0.0,"damage_taken":0.0,"cards_obtained":["Darkness"]},{"cards_removed":["Strike_B"],"damage_healed":0.0,"max_hp_gain":0.0,"max_hp_loss":0.0,"gold_gain":0.0,"event_name":"Purifier","player_choice":"Purged","floor":4.0,"gold_loss":0.0,"damage_taken":0.0},{"damage_healed":0.0,"max_hp_gain":0.0,"max_hp_loss":0.0,"gold_gain":0.0,"event_name":"Ghosts","player_choice":"Ignored","floor":19.0,"gold_loss":0.0,"damage_taken":0.0},{"damage_healed":0.0,"max_hp_gain":0.0,"max_hp_loss":0.0,"gold_gain":0.0,"event_name":"Accursed Blacksmith","player_choice":"Rummage","floor":20.0,"gold_loss":0.0,"damage_taken":0.0,"relics_obtained":["WarpedTongs"],"cards_obtained":["Pain"]}],"is_beta":true,"boss_relics":[{"not_picked":["Lizard Tail","Empty Cage"],"picked":"Cursed Key"}],"items_purged_floors":[21],"is_endless":false,"potions_floor_spawned":[5,10,13,24,25],"killed_by":"Gremlin Leader","ascension_level":20}