{"path_per_floor":["M","M","?","?","M","E","R","M","T","R","M","E","R","M","R","B",null,"M","?","M"],"character_chosen":"DEFECT","items_purchased":[],"gold_per_floor":[110,128,128,78,98,125,125,136,136,136,151,184,184,201,201,277,277,296,296,296,296],"floor_reached":21,"campfire_rested":1,"playtime":628,"item_purchase_floors":[],"current_hp_per_floor":[68,68,73,73,73,30,30,21,21,45,45,38,38,36,36,29,67,16,16,20,0],"items_purged":[],"gold":296,"score":315,"play_id":"c68cac6b-8eda-43ae-85bc-0ca1719c8cde","local_time":"20180613160649","is_prod":false,"is_daily":false,"chose_seed":false,"is_ascension_mode":true,"campfire_upgraded":3,"win_rate":0,"timestamp":1528931209,"campfire_choices":[{"data":"Zap","floor":7.0,"key":"SMITH"},{"floor":10.0,"key":"REST"},{"data":"Dualcast","floor":13.0,"key":"SMITH"},{"data":"White Noise","floor":15.0,"key":"SMITH"}],"path_taken":["M","?","?","?","M","E","R","?","T","R","M","E","R","M","R","BOSS","M","?","?","M"],"build_version":"2018-06-13","seed_source_timestamp":282207689150683,"purchased_purges":0,"victory":false,"master_deck":["Strike_B","Strike_B","Strike_B","Defend_B","Defend_B","Defend_B","Defend_B","Zap+1","Dualcast+1","AscendersBane","Coolheaded","Ball Lightning","Conserve Battery","Leap","Ball Lightning","Conserve Battery","White Noise+1","All For One","Capacitor"],"max_hp_per_floor":[75,75,80,80,80,80,80,80,80,80,80,80,80,80,80,80,80,80,80,80,80],"special_seed":0,"relics":["Cracked Core","NeowsBlessing","Calipers","Question Card","Toolbox","Philosopher\u0027s Stone"],"card_choices":[{"not_picked":["Leap","Beam Cell"],"picked":"Coolheaded","floor":1.0},{"not_picked":["Streamline","BootSequence"],"picked":"Ball Lightning","floor":2.0},{"not_picked":["Stack","Reprogram"],"picked":"Conserve Battery","floor":5.0},{"not_picked":["Rebound","Barrage","Gash"],"picked":"SKIP","floor":6.0},{"not_picked":["BootSequence","Rebound"],"picked":"Leap","floor":8.0},{"not_picked":["Steam","Leap","Redo"],"picked":"Ball Lightning","floor":11.0},{"not_picked":["Fission","Gash","Barrage"],"picked":"Conserve Battery","floor":12.0},{"not_picked":["Recycle","Loop","BootSequence"],"picked":"White Noise","floor":14.0},{"not_picked":["Buffer","Multi-Cast","Seek"],"picked":"All For One","floor":16.0},{"not_picked":["Tempest","Sweeping Beam","Barrage"],"picked":"Capacitor","floor":18.0}],"player_experience":651418,"potions_floor_usage":[20],"damage_taken":[{"damage":0.0,"enemies":"Cultist","floor":1.0,"turns":1.0},{"damage":0.0,"enemies":"Jaw Worm","floor":2.0,"turns":1.0},{"damage":0.0,"enemies":"Small Slimes","floor":5.0,"turns":1.0},{"damage":43.0,"enemies":"Lagavulin","floor":6.0,"turns":7.0},{"damage":9.0,"enemies":"3 Louse","floor":8.0,"turns":4.0},{"damage":0.0,"enemies":"2 Fungi Beasts","floor":11.0,"turns":4.0},{"damage":7.0,"enemies":"3 Sentries","floor":12.0,"turns":6.0},{"damage":2.0,"enemies":"Red Slaver","floor":14.0,"turns":4.0},{"damage":7.0,"enemies":"The Guardian","floor":16.0,"turns":13.0},{"damage":58.0,"enemies":"3 Byrds","floor":18.0,"turns":5.0},{"damage":0,"enemies":"2 Thieves","floor":20,"turns":1},{"damage":26,"enemies":"Centurion and Healer","floor":21,"turns":7}],"relics_obtained":[{"floor":6.0,"key":"Calipers"},{"floor":9.0,"key":"Question Card"},{"floor":12.0,"key":"Toolbox"}],"event_choices":[{"event_name":"Big Fish","player_choice":"Donut","floor":3.0,"damage_taken":0.0},{"event_name":"The Cleric","player_choice":"Card Removal","floor":4.0,"damage_taken":0.0},{"event_name":"The Lab","player_choice":"Got Potions","floor":19.0,"damage_taken":0.0}],"boss_relics":[{"not_picked":["White Beast Statue","Empty Cage"],"picked":"Philosopher\u0027s Stone"}],"items_purged_floors":[],"potions_floor_spawned":[6,11,12,14],"seed_played":"-3891218360237263391","killed_by":"Centurion and Healer","ascension_level":13,"potions_obtained":[{"floor":6.0,"key":"SneckoOil"},{"floor":11.0,"key":"AttackPotion"},{"floor":12.0,"key":"GamblersBrew"},{"floor":14.0,"key":"Ancient Potion"},{"floor":19.0,"key":"SmokeBomb"}],"is_trial":false}