{"gold_per_floor":[113,113,38,8,8,8,41,41,65,98,98,110,110,130,130,130],"floor_reached":16,"playtime":404,"items_purged":[],"score":312,"play_id":"8e224ea2-b859-489b-bb59-0a7f1a8dd700","local_time":"20190408040641","is_ascension_mode":true,"campfire_choices":[{"data":"1","floor":6,"key":"LIFT"},{"data":"2","floor":11,"key":"LIFT"},{"data":"3","floor":13,"key":"LIFT"},{"data":"Dagger Spray","floor":15,"key":"SMITH"}],"neow_cost":"NONE","seed_source_timestamp":582948688618132,"circlet_count":0,"master_deck":["AscendersBane","Defend_G","Defend_G","Defend_G","Defend_G","Defend_G","Strike_G","Strike_G","Strike_G","Survivor","Neutralize","PiercingWail","Dagger Spray+1","Dodge and Roll","Well Laid Plans","Storm of Steel+1","Reflex+1"],"relics":["Ring of the Snake","NeowsBlessing","Girya","Juzu Bracelet","Toxic Egg 2"],"potions_floor_usage":[],"damage_taken":[{"damage":0,"enemies":"Small Slimes","floor":1,"turns":1},{"damage":0,"enemies":"3 Sentries","floor":7,"turns":1},{"damage":0,"enemies":"Lagavulin","floor":10,"turns":1},{"damage":0,"enemies":"2 Louse","floor":12,"turns":2},{"damage":0,"enemies":"Jaw Worm","floor":14,"turns":3},{"damage":52,"enemies":"Hexaghost","floor":16,"turns":13}],"seed_played":"-6083566198022898403","potions_obtained":[{"floor":7,"key":"Fire Potion"},{"floor":10,"key":"Ancient Potion"}],"is_trial":false,"path_per_floor":["M","?","?","$","?","R","E","?","T","E","R","M","R","M","R","B"],"character_chosen":"THE_SILENT","items_purchased":["Dagger Spray"],"campfire_rested":0,"item_purchase_floors":[4],"current_hp_per_floor":[59,52,52,52,47,47,47,52,52,52,52,52,52,52,52,0],"gold":130,"neow_bonus":"THREE_ENEMY_KILL","is_prod":false,"is_daily":false,"chose_seed":false,"campfire_upgraded":1,"win_rate":0,"timestamp":1554710801,"path_taken":["M","?","?","$","?","R","E","?","T","E","R","M","R","M","R","BOSS"],"build_version":"2019-01-23","purchased_purges":0,"victory":false,"max_hp_per_floor":[66,66,66,66,66,66,66,71,71,71,71,71,71,71,71,71],"card_choices":[{"not_picked":["Prepared","Setup"],"picked":"PiercingWail","floor":1},{"not_picked":["Flechettes","Blade Dance"],"picked":"Dodge and Roll","floor":7},{"not_picked":["Crippling Poison","Acrobatics"],"picked":"Well Laid Plans","floor":10},{"not_picked":["Flechettes","Acrobatics+1"],"picked":"Storm of Steel+1","floor":12},{"not_picked":["Flying Knee","Prepared+1"],"picked":"Reflex+1","floor":14}],"player_experience":1727258,"relics_obtained":[{"floor":7,"key":"Juzu Bracelet"},{"floor":10,"key":"Toxic Egg 2"}],"event_choices":[{"cards_removed":["Strike_G"],"damage_healed":0,"gold_gain":0,"player_choice":"Card Removal","damage_taken":7,"max_hp_gain":0,"max_hp_loss":0,"event_name":"Golden Wing","floor":2,"gold_loss":0},{"cards_removed":["Strike_G"],"damage_healed":0,"gold_gain":0,"player_choice":"Card Removal","damage_taken":0,"max_hp_gain":0,"max_hp_loss":0,"event_name":"The Cleric","floor":3,"gold_loss":75},{"damage_healed":0,"gold_gain":0,"player_choice":"Success","damage_taken":5,"relics_obtained":["Girya"],"max_hp_gain":0,"max_hp_loss":0,"event_name":"Scrap Ooze","floor":5,"gold_loss":0},{"damage_healed":0,"gold_gain":0,"player_choice":"Donut","damage_taken":0,"max_hp_gain":5,"max_hp_loss":0,"event_name":"Big Fish","floor":8,"gold_loss":0}],"is_beta":false,"boss_relics":[],"items_purged_floors":[],"is_endless":false,"potions_floor_spawned":[7,10],"killed_by":"Hexaghost","ascension_level":20}