{"gold_per_floor":[114,114,189,189,265,265,299,309,309,326,31,50,81,92,92,165,165,185,185,202,229,5,5],"floor_reached":23,"playtime":1153,"items_purged":["Strike_R"],"score":448,"play_id":"05319249-5461-4d94-8527-403344031213","local_time":"20190407040801","is_ascension_mode":true,"campfire_choices":[{"data":"True Grit","floor":6.0,"key":"SMITH"},{"data":"Armaments","floor":15.0,"key":"SMITH"}],"neow_cost":"NONE","seed_source_timestamp":0,"circlet_count":0,"master_deck":["AscendersBane","Strike_R","Strike_R+1","Strike_R+1","Defend_R","Defend_R","Defend_R","Defend_R","Bash","True Grit+1","Sword Boomerang","Metallicize","Pommel Strike","Armaments+1","Pummel","Feed","Uppercut"],"special_seed":0,"relics":["Burning Blood","NeowsBlessing","Mummified Hand","Blood Vial","Charon\u0027s Ashes","Toy Ornithopter","Pantograph","Cursed Key","Red Mask","Oddly Smooth Stone"],"potions_floor_usage":[21,23],"damage_taken":[{"damage":0.0,"enemies":"Jaw Worm","floor":1.0,"turns":1.0},{"damage":0.0,"enemies":"Gremlin Nob","floor":7.0,"turns":1.0},{"damage":0.0,"enemies":"Small Slimes","floor":8.0,"turns":2.0},{"damage":6.0,"enemies":"2 Louse","floor":10.0,"turns":3.0},{"damage":4.0,"enemies":"Gremlin Gang","floor":12.0,"turns":4.0},{"damage":36.0,"enemies":"Lagavulin","floor":13.0,"turns":6.0},{"damage":0.0,"enemies":"2 Fungi Beasts","floor":14.0,"turns":3.0},{"damage":35.0,"enemies":"The Guardian","floor":16.0,"turns":15.0},{"damage":36.0,"enemies":"2 Thieves","floor":18.0,"turns":4.0},{"damage":17,"enemies":"3 Byrds","floor":20,"turns":6},{"damage":45,"enemies":"Masked Bandits","floor":21,"turns":6},{"damage":47,"enemies":"Gremlin Leader","floor":23,"turns":7}],"seed_played":"-8808222874255389341","potions_obtained":[{"floor":8.0,"key":"Energy Potion"},{"floor":10.0,"key":"GamblersBrew"},{"floor":12.0,"key":"FairyPotion"},{"floor":13.0,"key":"Strength Potion"},{"floor":20,"key":"Weak Potion"}],"is_trial":false,"path_per_floor":["M","?","?","?","T","R","E","M","T","M","$","M","E","M","R","B",null,"M","?","M","?","$","E"],"character_chosen":"IRONCLAD","items_purchased":["Toy Ornithopter","Oddly Smooth Stone","Poison Potion"],"campfire_rested":0,"item_purchase_floors":[11,22,22],"current_hp_per_floor":[74,51,40,33,33,33,39,47,47,49,49,63,35,43,43,46,68,43,59,53,21,21,0],"gold":5,"neow_bonus":"THREE_ENEMY_KILL","is_prod":false,"is_daily":false,"chose_seed":false,"campfire_upgraded":2,"win_rate":0,"timestamp":1554624481,"path_taken":["M","?","?","?","?","R","E","M","T","M","$","?","E","M","R","BOSS","M","?","M","?","$","E"],"build_version":"2019-01-23","purchased_purges":1,"victory":false,"max_hp_per_floor":[75,75,75,75,75,75,75,75,75,75,75,75,75,75,75,75,75,78,78,81,81,81,81],"card_choices":[{"not_picked":["Headbutt","Iron Wave"],"picked":"True Grit","floor":1.0},{"not_picked":["True Grit","Thunderclap"],"picked":"Sword Boomerang","floor":7.0},{"not_picked":["Immolate","Combust"],"picked":"Metallicize","floor":8.0},{"not_picked":["Hemokinesis","Cleave"],"picked":"Pommel Strike","floor":10.0},{"not_picked":["Sword Boomerang","Dual Wield","Bloodletting"],"picked":"SKIP","floor":12.0},{"not_picked":["Flex","Pommel Strike"],"picked":"Armaments","floor":13.0},{"not_picked":["Thunderclap","Wild Strike"],"picked":"Pummel","floor":14.0},{"not_picked":["Bludgeon","Immolate"],"picked":"Feed","floor":16.0},{"not_picked":["Flex","Headbutt"],"picked":"Uppercut","floor":18.0},{"not_picked":["Twin Strike","Clash","Uppercut"],"picked":"SKIP","floor":20}],"player_experience":1686092,"relics_obtained":[{"floor":5.0,"key":"Mummified Hand"},{"floor":7.0,"key":"Blood Vial"},{"floor":9.0,"key":"Charon\u0027s Ashes"},{"floor":13.0,"key":"Pantograph"},{"floor":21,"key":"Red Mask"}],"event_choices":[{"damage_healed":0.0,"max_hp_gain":0.0,"max_hp_loss":0.0,"gold_gain":0.0,"event_name":"Shining Light","player_choice":"Entered Light","floor":2.0,"gold_loss":0.0,"damage_taken":23.0,"cards_upgraded":["Strike_R","Strike_R"]},{"damage_healed":0.0,"max_hp_gain":0.0,"max_hp_loss":0.0,"gold_gain":75.0,"event_name":"World of Goop","player_choice":"Gather Gold","floor":3.0,"gold_loss":0.0,"damage_taken":11.0},{"cards_removed":["Strike_R"],"damage_healed":0.0,"max_hp_gain":0.0,"max_hp_loss":0.0,"gold_gain":0.0,"event_name":"Golden Wing","player_choice":"Card Removal","floor":4.0,"gold_loss":0.0,"damage_taken":7.0},{"damage_healed":16.0,"max_hp_gain":0.0,"max_hp_loss":0.0,"gold_gain":0.0,"event_name":"The Library","player_choice":"Heal","floor":19.0,"gold_loss":0.0,"damage_taken":0.0},{"damage_healed":0,"gold_gain":0,"player_choice":"Fought Bandits","damage_taken":0,"max_hp_gain":0,"max_hp_loss":0,"event_name":"Masked Bandits","floor":21,"gold_loss":0}],"is_beta":false,"boss_relics":[{"not_picked":["Black Star","Runic Cube"],"picked":"Cursed Key"}],"items_purged_floors":[11],"is_endless":false,"potions_floor_spawned":[8,10,12,13,20],"killed_by":"Gremlin Leader","ascension_level":20}