{"path_per_floor":["M","T","?","?","?","E","$","M","T","E","R","E","$","E","R","B",null,"M","M","M","M","M","E","R","E","T","?","$","E","M","M","R","B",null,"M","$","M","M","M","E","R","E","T","E","?","?","E","?","R","B"],"character_chosen":"THE_SILENT","items_purchased":["Leg Sweep","Noxious Fumes","Oddly Smooth Stone","Bottled Tornado","Bouncing Flask","Bag of Marbles","Malaise"],"gold_per_floor":[117,117,67,67,138,163,46,59,130,165,165,190,42,70,70,168,168,183,193,205,219,236,270,270,301,382,382,66,101,116,136,136,232,232,244,11,22,33,45,74,74,103,103,135,135,135,168,168,168,168],"floor_reached":51,"campfire_rested":0,"playtime":6424,"current_hp_per_floor":[70,70,70,56,56,47,47,47,47,38,38,40,40,35,35,37,70,70,57,59,59,46,41,49,43,43,43,43,17,19,14,24,31,70,55,55,55,57,59,61,70,62,62,69,69,69,50,67,70,56],"items_purged":[],"gold":168,"play_id":"533fa54a-456a-4460-a57a-769ec7423f3d","is_prod":false,"is_daily":false,"is_ascension_mode":true,"campfire_upgraded":6,"path_taken":["M","?","?","?","?","E","?","M","T","E","R","E","$","E","R","BOSS","M","M","M","?","M","E","R","E","T","?","$","E","M","M","R","BOSS","M","$","M","M","M","E","R","E","T","E","?","?","E","?","R","BOSS"],"build_version":"2018-02-01-PROD3","purchased_purges":2,"victory":true,"master_deck":["Defend_G+1","Defend_G","Defend_G","Defend_G+1","Defend_G","Strike_G","Strike_G","Strike_G","Strike_G","Survivor+1","Predator","Infinite Blades","Leg Sweep","Noxious Fumes+1","Sucker Punch","Leg Sweep+1","Sucker Punch","Footwork+1","A Thousand Cuts+1","Sucker Punch","Terror+1","Footwork+1","Bouncing Flask","Backflip","Sucker Punch+1","Backstab+1","Malaise+1","Well Laid Plans+1","Dash+1","Deadly Poison+1","Dodge and Roll+1","Dash+1","Choke+1","Outmaneuver+1"],"max_hp_per_floor":[70,70,70,70,70,70,70,70,70,70,70,70,70,70,70,70,70,70,70,70,70,70,70,70,70,70,70,70,70,70,70,70,70,70,70,70,70,70,70,70,70,70,70,70,70,70,70,70,70,70],"relics":["Velvet Choker","Vajra","Bag of Preparation","Blood Vial","Thread and Needle","Oddly Smooth Stone","Ginger","Eternal Feather","Paper Crane","Omamori","Pantograph","Dodecahedron","Bottled Tornado","Happy Flower","The Specimen","Bag of Marbles","Regal Pillow","Matryoshka","War Paint","Torii","Anchor","Juzu Bracelet"],"card_choices":[{"not_picked":["Outmaneuver","Underhanded Strike"],"picked":"Predator"},{"not_picked":["Endless Agony","Outmaneuver"],"picked":"Infinite Blades"},{"not_picked":["Dagger Throw","Acrobatics"],"picked":"Sucker Punch"},{"not_picked":["Dagger Spray","Deflect"],"picked":"Leg Sweep"},{"not_picked":["Acrobatics","Dagger Spray"],"picked":"Sucker Punch"},{"not_picked":["Deflect","Dagger Spray"],"picked":"Footwork"},{"not_picked":["Tactician","Tools of the Trade"],"picked":"A Thousand Cuts"},{"not_picked":["Slice","Endless Agony"],"picked":"Sucker Punch"},{"not_picked":["Flechettes","Accuracy"],"picked":"Terror"},{"not_picked":["PiercingWail","Leg Sweep"],"picked":"Footwork"},{"not_picked":["Choke","Cloak And Dagger"],"picked":"Backflip"},{"not_picked":["Deflect","Infinite Blades"],"picked":"Sucker Punch"},{"not_picked":["Riddle With Holes","Slice"],"picked":"Backstab"},{"not_picked":["Finisher","Blur"],"picked":"Well Laid Plans"},{"not_picked":["Poisoned Stab","Flying Knee"],"picked":"Dash"},{"not_picked":["Choke","Acrobatics"],"picked":"Deadly Poison"},{"not_picked":["Unload","Poisoned Stab"],"picked":"Dodge and Roll"},{"not_picked":["Quick Slash","Blur"],"picked":"Dash"},{"not_picked":["Flying Knee","Eviscerate"],"picked":"Choke"},{"not_picked":["Quick Slash","Dash"],"picked":"Outmaneuver"}],"player_experience":69376,"potions_floor_usage":[50,50],"damage_taken":[{"damage":0.0,"enemies":"Blue Slaver","floor":1.0,"turns":4.0},{"damage":9.0,"enemies":"3 Sentries","floor":6.0,"turns":8.0},{"damage":0.0,"enemies":"Jaw Worm","floor":8.0,"turns":3.0},{"damage":9.0,"enemies":"Lagavulin","floor":10.0,"turns":5.0},{"damage":0.0,"enemies":"3 Sentries","floor":12.0,"turns":7.0},{"damage":7.0,"enemies":"Gremlin Nob","floor":14.0,"turns":4.0},{"damage":0.0,"enemies":"Slime Boss","floor":16.0,"turns":11.0},{"damage":0.0,"enemies":"Shell Parasite","floor":18.0,"turns":6.0},{"damage":13.0,"enemies":"Chosen","floor":19.0,"turns":5.0},{"damage":0.0,"enemies":"Snake Plant","floor":20.0,"turns":5.0},{"damage":2.0,"enemies":"Sentry and Sphere","floor":21.0,"turns":7.0},{"damage":15.0,"enemies":"3 Cultists","floor":22.0,"turns":6.0},{"damage":22.0,"enemies":"Book of Stabbing","floor":23.0,"turns":7.0},{"damage":8.0,"enemies":"Slavers","floor":25.0,"turns":7.0},{"damage":28.0,"enemies":"Gremlin Leader","floor":29.0,"turns":6.0},{"damage":0.0,"enemies":"Snake Plant","floor":30.0,"turns":5.0},{"damage":7.0,"enemies":"Centurion and Healer","floor":31.0,"turns":6.0},{"damage":20.0,"enemies":"Automaton","floor":33.0,"turns":10.0},{"damage":15.0,"enemies":"3 Darklings","floor":35.0,"turns":4.0},{"damage":2.0,"enemies":"3 Shapes","floor":37.0,"turns":4.0},{"damage":0.0,"enemies":"Maw","floor":38.0,"turns":8.0},{"damage":0.0,"enemies":"Sphere and 2 Shapes","floor":39.0,"turns":4.0},{"damage":0.0,"enemies":"Nemesis","floor":40.0,"turns":7.0},{"damage":8.0,"enemies":"2 Orb Walkers","floor":42.0,"turns":5.0},{"damage":10.0,"enemies":"Giant Head","floor":44.0,"turns":10.0},{"damage":20,"enemies":"2 Orb Walkers","floor":47,"turns":5},{"damage":14,"enemies":"Time Eater","floor":50,"turns":12}],"event_choices":[{"event_name":"The Cleric","player_choice":"Card Removal","floor":3.0,"damage_taken":0.0},{"event_name":"Shining Light","player_choice":"Entered Light","floor":4.0,"damage_taken":0.0},{"event_name":"Golden Wing","player_choice":"Gained Gold","floor":5.0,"damage_taken":0.0},{"event_name":"The Mausoleum","player_choice":"Yes","floor":27.0,"damage_taken":0.0},{"event_name":"Mysterious Sphere","player_choice":"Ignore","floor":45.0,"damage_taken":0.0},{"event_name":"Winding Halls","player_choice":"Writhe","floor":48,"damage_taken":0}],"boss_relics":[],"potions_floor_spawned":[1,8,14,16,19,22,23,25,30,37,42,44,47],"seed_played":"2931110828618986530","ascension_level":1,"is_trial":false}