{"gold_per_floor":[113,132,132,132,142,142,167,167,191,203,46,46,61,95,95,95],"floor_reached":16,"playtime":387,"items_purged":[],"score":220,"play_id":"c4a10120-28e4-48c2-91ae-a1f9e709c9f9","local_time":"20190428004955","is_ascension_mode":true,"campfire_choices":[{"data":"Sword Boomerang","floor":6,"key":"SMITH"},{"data":"Juggernaut","floor":12,"key":"SMITH"},{"floor":15,"key":"REST"}],"neow_cost":"NONE","seed_source_timestamp":1087809191503228,"circlet_count":0,"master_deck":["AscendersBane","Strike_R","Strike_R","Strike_R","Strike_R","Strike_R","Defend_R","Defend_R","Defend_R","Defend_R","Bash+1","Anger","Warcry","Sword Boomerang+1","Juggernaut+1","Offering","Armaments"],"relics":["Burning Blood","Sundial","Singing Bowl","Bronze Scales","Regal Pillow"],"potions_floor_usage":[14,16,16],"damage_taken":[{"damage":7,"enemies":"2 Louse","floor":1,"turns":2},{"damage":9,"enemies":"Jaw Worm","floor":2,"turns":3},{"damage":1,"enemies":"Cultist","floor":5,"turns":3},{"damage":35,"enemies":"Lagavulin","floor":7,"turns":6},{"damage":21,"enemies":"Lots of Slimes","floor":10,"turns":4},{"damage":16,"enemies":"Exordium Wildlife","floor":13,"turns":3},{"damage":26,"enemies":"3 Sentries","floor":14,"turns":6},{"damage":69,"enemies":"Slime Boss","floor":16,"turns":9}],"seed_played":"-872113628622941762","potions_obtained":[{"floor":7,"key":"BloodPotion"},{"floor":10,"key":"Regen Potion"},{"floor":14,"key":"Weak Potion"}],"is_trial":false,"path_per_floor":["M","M","?","?","M","R","E","T","T","M","$","R","M","E","R","B"],"character_chosen":"IRONCLAD","items_purchased":["Offering"],"campfire_rested":1,"item_purchase_floors":[11],"current_hp_per_floor":[67,64,64,69,74,74,45,45,45,32,32,32,22,19,59,0],"gold":95,"neow_bonus":"UPGRADE_CARD","is_prod":false,"is_daily":false,"chose_seed":false,"campfire_upgraded":2,"win_rate":0,"timestamp":1556437795,"path_taken":["M","M","?","?","M","R","E","?","T","?","?","R","?","E","R","BOSS"],"build_version":"2019-04-23","purchased_purges":0,"victory":false,"max_hp_per_floor":[75,75,75,80,80,80,80,80,80,82,82,82,82,84,84,84],"card_choices":[{"not_picked":["Headbutt","Wild Strike"],"picked":"Anger","floor":1},{"not_picked":["Searing Blow","Body Slam"],"picked":"Warcry","floor":2},{"not_picked":["Warcry","Searing Blow"],"picked":"Sword Boomerang","floor":5},{"not_picked":["Sever Soul","Disarm"],"picked":"Juggernaut","floor":7},{"not_picked":["Body Slam","Reckless Charge","Dual Wield"],"picked":"Singing Bowl","floor":10},{"not_picked":["Headbutt","Iron Wave"],"picked":"Armaments","floor":13},{"not_picked":["Heavy Blade","Power Through","Dark Embrace"],"picked":"Singing Bowl","floor":14}],"player_experience":1198338,"relics_obtained":[{"floor":7,"key":"Sundial"},{"floor":8,"key":"Singing Bowl"},{"floor":9,"key":"Bronze Scales"},{"floor":14,"key":"Regal Pillow"}],"event_choices":[{"damage_healed":0,"gold_gain":0,"player_choice":"Ignored","damage_taken":0,"max_hp_gain":0,"max_hp_loss":0,"event_name":"Liars Game","floor":3,"gold_loss":0},{"damage_healed":0,"gold_gain":0,"player_choice":"Donut","damage_taken":0,"max_hp_gain":5,"max_hp_loss":0,"event_name":"Big Fish","floor":4,"gold_loss":0}],"is_beta":true,"boss_relics":[],"items_purged_floors":[],"is_endless":false,"potions_floor_spawned":[7,10,14],"killed_by":"Slime Boss","ascension_level":20}