{"gold_per_floor":[111,126,126,146,88,88,422,422,422,387,407,436,31,64,64,64],"floor_reached":16,"playtime":619,"items_purged":[],"score":218,"play_id":"8824ecd2-0193-43ad-ad44-a2d75feaea27","local_time":"20190312004503","is_ascension_mode":true,"campfire_choices":[{"data":"Searing Blow","floor":6,"key":"SMITH"},{"data":"Metamorphosis","floor":15,"key":"SMITH"}],"neow_cost":"NONE","seed_source_timestamp":740498627355285,"circlet_count":0,"master_deck":["AscendersBane","Strike_R","Strike_R","Strike_R","Strike_R","Strike_R","Defend_R","Defend_R+1","Defend_R+1","Defend_R","Bash","Clothesline","Searing Blow+1","Cleave","Inflame","True Grit","Dark Embrace","Metamorphosis+1","Shrug It Off"],"relics":["Burning Blood","Lantern","Old Coin","Incense Burner","Turnip","HandDrill","Art of War"],"potions_floor_usage":[12,14,16],"damage_taken":[{"damage":1,"enemies":"Small Slimes","floor":1,"turns":5},{"damage":0,"enemies":"2 Louse","floor":2,"turns":2},{"damage":9,"enemies":"Jaw Worm","floor":4,"turns":2},{"damage":29,"enemies":"Gremlin Nob","floor":7,"turns":5},{"damage":0,"enemies":"Large Slime","floor":11,"turns":4},{"damage":14,"enemies":"Lagavulin","floor":12,"turns":5},{"damage":4,"enemies":"3 Sentries","floor":14,"turns":4},{"damage":52,"enemies":"Hexaghost","floor":16,"turns":9}],"seed_played":"-9157450588966115488","potions_obtained":[{"floor":1,"key":"Explosive Potion"},{"floor":11,"key":"Strength Potion"},{"floor":14,"key":"FearPotion"}],"is_trial":false,"path_per_floor":["M","M","?","M","?","R","E","?","T","?","M","E","$","E","R","B"],"character_chosen":"IRONCLAD","items_purchased":["Metamorphosis","HandDrill"],"campfire_rested":0,"item_purchase_floors":[13,13],"current_hp_per_floor":[73,75,52,49,49,49,26,31,31,51,57,49,49,51,51,0],"gold":64,"neow_bonus":"RANDOM_COMMON_RELIC","is_prod":false,"is_daily":false,"chose_seed":false,"campfire_upgraded":2,"win_rate":0,"timestamp":1552365903,"path_taken":["M","M","?","M","?","R","E","?","T","?","?","E","$","E","R","BOSS"],"build_version":"2019-01-23","purchased_purges":0,"victory":false,"max_hp_per_floor":[75,75,75,75,75,75,75,80,80,80,80,80,80,80,80,80],"card_choices":[{"not_picked":["Sentinel","Clash"],"picked":"Clothesline","floor":1},{"not_picked":["Warcry","Havoc"],"picked":"Searing Blow","floor":2},{"not_picked":["Rampage","Wild Strike"],"picked":"Cleave","floor":4},{"not_picked":["Clash","Cleave"],"picked":"Inflame","floor":7},{"not_picked":["Iron Wave","Clash"],"picked":"True Grit","floor":11},{"not_picked":["Spot Weakness","Thunderclap"],"picked":"Dark Embrace","floor":12},{"not_picked":["Perfected Strike","Iron Wave"],"picked":"Shrug It Off","floor":14}],"player_experience":1034382,"relics_obtained":[{"floor":7,"key":"Old Coin"},{"floor":9,"key":"Incense Burner"},{"floor":12,"key":"Turnip"},{"floor":14,"key":"Art of War"}],"event_choices":[{"damage_healed":0,"gold_gain":0,"player_choice":"Entered Light","damage_taken":23,"max_hp_gain":0,"max_hp_loss":0,"event_name":"Shining Light","floor":3,"gold_loss":0,"cards_upgraded":["Defend_R","Defend_R"]},{"damage_healed":0,"gold_gain":0,"player_choice":"Left Gold","damage_taken":0,"max_hp_gain":0,"max_hp_loss":0,"event_name":"World of Goop","floor":5,"gold_loss":58},{"damage_healed":0,"gold_gain":0,"player_choice":"Donut","damage_taken":0,"max_hp_gain":5,"max_hp_loss":0,"event_name":"Big Fish","floor":8,"gold_loss":0},{"damage_healed":20,"gold_gain":0,"player_choice":"Healed","damage_taken":0,"max_hp_gain":0,"max_hp_loss":0,"event_name":"The Cleric","floor":10,"gold_loss":35}],"is_beta":false,"boss_relics":[],"items_purged_floors":[],"is_endless":false,"potions_floor_spawned":[1,11,14],"killed_by":"Hexaghost","ascension_level":17}