{"gold_per_floor":[210,230,230,195,30,30,57,76,76,108,17,47,57,74,74,153,153,164,184,50,50,50,50,250,270,270,270,5,5],"floor_reached":29,"playtime":1215,"items_purged":[],"score":482,"play_id":"40a0326e-023d-455e-9b02-6f9cabf06565","local_time":"20190506055754","is_ascension_mode":true,"campfire_choices":[{"data":"Defragment","floor":6.0,"key":"SMITH"},{"data":"Zap","floor":15,"key":"SMITH"},{"data":"1","floor":23,"key":"LIFT"},{"data":"Seek","floor":27,"key":"SMITH"}],"neow_cost":"NONE","seed_source_timestamp":1165552186326294,"circlet_count":0,"master_deck":["AscendersBane","Strike_B+1","Strike_B","Strike_B","Strike_B","Defend_B","Defend_B+1","Defend_B","Defend_B","Zap+1","Dualcast","Defragment+1","Cold Snap","FTL","Hologram","Double Energy","Dark Shackles","Reinforced Body","White Noise","Cold Snap","Seek+1","FTL","Self Repair","FTL","Shame","Conserve Battery"],"special_seed":0,"relics":["Cracked Core","PreservedInsect","Girya","Mummified Hand","Kunai","Shuriken","Coffee Dripper","Juzu Bracelet","Symbiotic Virus","Potion Belt"],"potions_floor_usage":[10,12,16,16,29],"damage_taken":[{"damage":2.0,"enemies":"Jaw Worm","floor":1.0,"turns":3.0},{"damage":1.0,"enemies":"Cultist","floor":2.0,"turns":3.0},{"damage":9.0,"enemies":"Lagavulin","floor":7.0,"turns":7.0},{"damage":0.0,"enemies":"2 Louse","floor":8.0,"turns":2.0},{"damage":12,"enemies":"Gremlin Nob","floor":10,"turns":4},{"damage":6,"enemies":"3 Sentries","floor":12,"turns":4},{"damage":0,"enemies":"Large Slime","floor":13,"turns":5},{"damage":11,"enemies":"Red Slaver","floor":14,"turns":3},{"damage":16,"enemies":"Hexaghost","floor":16,"turns":8},{"damage":14,"enemies":"Shell Parasite","floor":18,"turns":5},{"damage":18,"enemies":"Chosen","floor":19,"turns":6},{"damage":26,"enemies":"Snecko","floor":25,"turns":6},{"damage":15,"enemies":"Snake Plant","floor":29,"turns":2}],"seed_played":"-5538008968545472096","potions_obtained":[{"floor":1.0,"key":"Ancient Potion"},{"floor":2.0,"key":"LiquidBronze"},{"floor":10,"key":"Fruit Juice"},{"floor":12,"key":"LiquidBronze"}],"is_trial":false,"path_per_floor":["M","M","?","?","$","R","E","M","T","E","$","E","M","M","R","B",null,"M","M","$","?","?","R","?","M","T","R","$","M"],"character_chosen":"DEFECT","items_purchased":["PreservedInsect","Dark Shackles","FTL","FearPotion","Potion Belt","Strength Potion","Dexterity Potion"],"campfire_rested":0,"item_purchase_floors":[5,11,20,20,28,28,28],"current_hp_per_floor":[62,61,40,57,57,57,48,48,48,36,36,35,35,24,24,8,59,45,27,27,27,27,27,27,8,8,8,8,0],"gold":5,"neow_bonus":"HUNDRED_GOLD","is_prod":false,"is_daily":false,"chose_seed":false,"campfire_upgraded":3,"win_rate":0,"timestamp":1557136674,"path_taken":["M","M","?","?","?","R","E","M","T","E","$","E","M","?","R","BOSS","M","?","$","?","?","R","?","M","T","R","$","M"],"build_version":"2019-01-23","purchased_purges":0,"victory":false,"max_hp_per_floor":[71,71,71,71,71,71,71,71,71,71,71,76,76,76,76,76,76,76,76,76,76,76,76,76,76,76,76,76,76],"card_choices":[{"not_picked":["Turbo","Steam"],"picked":"Defragment","floor":1.0},{"not_picked":["Skim","Reprogram"],"picked":"Cold Snap","floor":2.0},{"not_picked":["Turbo","Redo"],"picked":"FTL","floor":7.0},{"not_picked":["Double Energy","Gash"],"picked":"Hologram","floor":8.0},{"not_picked":["Redo","Turbo"],"picked":"Double Energy","floor":10},{"not_picked":["Recycle","Rebound"],"picked":"Reinforced Body","floor":12},{"not_picked":["Storm","Turbo"],"picked":"White Noise","floor":13},{"not_picked":["Hello World","Scrape"],"picked":"Cold Snap","floor":14},{"not_picked":["All For One","Creative AI"],"picked":"Seek","floor":16},{"not_picked":["Storm","Aggregate+1"],"picked":"FTL","floor":18},{"not_picked":["Gash+1","Rebound+1"],"picked":"Self Repair","floor":19},{"not_picked":["Hologram","Turbo"],"picked":"Conserve Battery","floor":25}],"player_experience":2382773,"relics_obtained":[{"floor":7.0,"key":"Girya"},{"floor":9.0,"key":"Mummified Hand"},{"floor":10,"key":"Kunai"},{"floor":12,"key":"Shuriken"},{"floor":26,"key":"Symbiotic Virus"}],"event_choices":[{"damage_healed":0.0,"max_hp_gain":0.0,"max_hp_loss":0.0,"gold_gain":0.0,"event_name":"Shining Light","player_choice":"Entered Light","floor":3.0,"gold_loss":0.0,"damage_taken":21.0,"cards_upgraded":["Strike_B","Defend_B"]},{"damage_healed":17.0,"max_hp_gain":0.0,"max_hp_loss":0.0,"gold_gain":0.0,"event_name":"The Cleric","player_choice":"Healed","floor":4.0,"gold_loss":35.0,"damage_taken":0.0},{"damage_healed":0,"gold_gain":0,"player_choice":"Stole Relic","damage_taken":0,"relics_obtained":["Juzu Bracelet"],"max_hp_gain":0,"max_hp_loss":0,"event_name":"Addict","floor":21,"gold_loss":0,"cards_obtained":["Shame"]},{"damage_healed":0,"gold_gain":0,"player_choice":"Ignored","damage_taken":0,"max_hp_gain":0,"max_hp_loss":0,"event_name":"Beggar","floor":22,"gold_loss":0},{"damage_healed":0,"gold_gain":200,"player_choice":"Gold","damage_taken":0,"max_hp_gain":0,"max_hp_loss":0,"event_name":"Wheel of Change","floor":24,"gold_loss":0}],"is_beta":false,"boss_relics":[{"not_picked":["Empty Cage","Tiny House"],"picked":"Coffee Dripper"}],"items_purged_floors":[],"is_endless":false,"potions_floor_spawned":[1,2,10,12,14],"killed_by":"Snake Plant","ascension_level":20}