{"gold_per_floor":[116,133,144,109,123,123,134,134,134,134,154,154,169,198,198,273,273,287,298,298,8,25,25],"floor_reached":23,"playtime":1471,"items_purged":[],"score":390,"play_id":"890c140c-d17f-46b8-b657-18ecc9e0adfb","local_time":"20190407060005","is_ascension_mode":true,"campfire_choices":[{"data":"Dagger Spray","floor":6,"key":"SMITH"},{"data":"Neutralize","floor":8,"key":"SMITH"},{"data":"Survivor","floor":10,"key":"SMITH"},{"data":"Reflex","floor":12,"key":"SMITH"},{"data":"Dodge and Roll","floor":15,"key":"SMITH"}],"neow_cost":"NONE","seed_source_timestamp":502270568121684,"circlet_count":0,"master_deck":["AscendersBane","Defend_G","Defend_G","Defend_G","Defend_G","Defend_G","Strike_G","Strike_G","Strike_G","Survivor+1","Neutralize+1","Dodge and Roll+1","Well Laid Plans","Dagger Spray+1","Deflect","Dash","Reflex+1","Endless Agony","Predator","After Image","Concentrate","A Thousand Cuts","Backstab","Calculated Gamble","Terror","Dagger Spray"],"relics":["Ring of the Snake","Tingsha","Gremlin Horn","Sozu","Bronze Scales"],"potions_floor_usage":[14,16,16],"damage_taken":[{"damage":4,"enemies":"Small Slimes","floor":1,"turns":6},{"damage":23,"enemies":"Jaw Worm","floor":2,"turns":9},{"damage":13,"enemies":"Cultist","floor":3,"turns":5},{"damage":10,"enemies":"Exordium Thugs","floor":5,"turns":9},{"damage":3,"enemies":"Blue Slaver","floor":7,"turns":6},{"damage":4,"enemies":"Red Slaver","floor":11,"turns":4},{"damage":0,"enemies":"Looter","floor":13,"turns":3},{"damage":10,"enemies":"Lagavulin","floor":14,"turns":9},{"damage":2,"enemies":"The Guardian","floor":16,"turns":19},{"damage":6,"enemies":"3 Byrds","floor":18,"turns":7},{"damage":23,"enemies":"Chosen","floor":19,"turns":8},{"damage":8,"enemies":"Snecko","floor":22,"turns":5},{"damage":24,"enemies":"Slavers","floor":23,"turns":2}],"seed_played":"4793189427999646452","potions_obtained":[{"floor":3,"key":"Block Potion"},{"floor":11,"key":"Swift Potion"},{"floor":14,"key":"GhostInAJar"}],"is_trial":false,"path_per_floor":["M","M","M","?","M","R","M","R","T","R","M","R","M","E","R","B",null,"M","M","?","$","M","E"],"character_chosen":"THE_SILENT","items_purchased":["Bronze Scales","Calculated Gamble","Terror"],"campfire_rested":0,"item_purchase_floors":[21,21,21],"current_hp_per_floor":[61,38,25,43,33,33,30,30,30,30,26,26,26,16,16,14,58,52,29,29,29,21,0],"gold":25,"neow_bonus":"TEN_PERCENT_HP_BONUS","is_prod":false,"is_daily":false,"chose_seed":false,"campfire_upgraded":5,"win_rate":0,"timestamp":1554631205,"path_taken":["M","M","M","?","M","R","M","R","T","R","M","R","M","E","R","BOSS","M","M","?","$","M","E"],"build_version":"2019-01-23","purchased_purges":0,"victory":false,"max_hp_per_floor":[72,72,72,72,72,72,72,72,72,72,72,72,72,72,72,72,72,72,72,72,72,72,72],"card_choices":[{"not_picked":["Sucker Punch","Prepared"],"picked":"Dodge and Roll","floor":1},{"not_picked":["Quick Slash","PiercingWail"],"picked":"Well Laid Plans","floor":2},{"not_picked":["Well Laid Plans","Acrobatics"],"picked":"Dagger Spray","floor":3},{"not_picked":["Well Laid Plans","Storm of Steel"],"picked":"Deflect","floor":5},{"not_picked":["PiercingWail","Bane"],"picked":"Dash","floor":7},{"not_picked":["Flechettes","Skewer"],"picked":"Reflex","floor":11},{"not_picked":["Deflect","Expertise"],"picked":"Endless Agony","floor":13},{"not_picked":["Quick Slash","Eviscerate"],"picked":"Predator","floor":14},{"not_picked":["Die Die Die","Unload"],"picked":"After Image","floor":16},{"not_picked":["Setup","Accuracy","All Out Attack"],"picked":"SKIP","floor":18},{"not_picked":["Deflect","Underhanded Strike"],"picked":"Concentrate","floor":19},{"not_picked":["Deflect+1","Catalyst"],"picked":"Dagger Spray","floor":22}],"player_experience":1692345,"relics_obtained":[{"floor":9,"key":"Tingsha"},{"floor":14,"key":"Gremlin Horn"}],"event_choices":[{"damage_healed":18,"gold_gain":0,"player_choice":"Healed","damage_taken":0,"max_hp_gain":0,"max_hp_loss":0,"event_name":"The Cleric","floor":4,"gold_loss":35},{"damage_healed":0,"gold_gain":0,"cards_transformed":["Strike_G","Strike_G"],"player_choice":"Became Test Subject","damage_taken":0,"max_hp_gain":0,"max_hp_loss":0,"event_name":"Drug Dealer","floor":20,"gold_loss":0,"cards_obtained":["A Thousand Cuts","Backstab"]}],"is_beta":false,"boss_relics":[{"not_picked":["Ectoplasm","Coffee Dripper"],"picked":"Sozu"}],"items_purged_floors":[],"is_endless":false,"potions_floor_spawned":[3,11,14,18,22],"killed_by":"Slavers","ascension_level":20}