{"gold_per_floor":[217,21,41,41,55,83,96,123,123,123,134,134,134,150,150,150],"floor_reached":16,"playtime":663,"items_purged":[],"score":224,"play_id":"5d2dec5b-0df8-4944-8663-4c18f6b30053","local_time":"20190328150252","is_ascension_mode":true,"campfire_choices":[{"floor":10,"key":"REST"},{"data":"Sunder","floor":13,"key":"SMITH"},{"data":"Streamline","floor":15,"key":"SMITH"}],"neow_cost":"NONE","seed_source_timestamp":998894144323863,"circlet_count":0,"master_deck":["AscendersBane","Strike_B","Strike_B","Strike_B","Strike_B","Defend_B","Defend_B","Defend_B","Zap","Dualcast","Coolheaded","Sweeping Beam","Leap","Cold Snap","Streamline+1","Sunder+1","Compile Driver","Double Energy","White Noise"],"relics":["Cracked Core","Tiny Chest","DataDisk","Blood Vial","Dream Catcher","Kunai"],"potions_floor_usage":[6,6,8],"damage_taken":[{"damage":0,"enemies":"Cultist","floor":1,"turns":3},{"damage":0,"enemies":"2 Louse","floor":3,"turns":3},{"damage":0,"enemies":"Jaw Worm","floor":5,"turns":4},{"damage":32,"enemies":"Gremlin Nob","floor":6,"turns":4},{"damage":6,"enemies":"2 Fungi Beasts","floor":7,"turns":4},{"damage":25,"enemies":"Lagavulin","floor":8,"turns":5},{"damage":0,"enemies":"3 Louse","floor":11,"turns":3},{"damage":10,"enemies":"Large Slime","floor":14,"turns":4},{"damage":30,"enemies":"Hexaghost","floor":16,"turns":9}],"seed_played":"7206273524512751097","potions_obtained":[{"floor":3,"key":"Regen Potion"},{"floor":7,"key":"FearPotion"}],"is_trial":false,"path_per_floor":["M","$","M","?","M","E","M","E","T","R","M","T","R","M","R","B"],"character_chosen":"DEFECT","items_purchased":["Tiny Chest","FearPotion"],"campfire_rested":1,"item_purchase_floors":[2,2],"current_hp_per_floor":[64,64,64,64,64,42,36,11,11,32,34,34,34,26,26,0],"gold":150,"neow_bonus":"HUNDRED_GOLD","is_prod":false,"is_daily":false,"chose_seed":false,"campfire_upgraded":2,"win_rate":0,"timestamp":1553799772,"path_taken":["M","?","?","?","?","E","M","E","T","R","M","?","R","M","R","BOSS"],"build_version":"2019-01-23","purchased_purges":0,"victory":false,"max_hp_per_floor":[71,71,71,71,71,71,71,71,71,71,71,71,71,71,71,71],"card_choices":[{"not_picked":["Sweeping Beam","Barrage"],"picked":"Coolheaded","floor":1},{"not_picked":["Chaos","Steam"],"picked":"Sweeping Beam","floor":3},{"not_picked":["Force Field","Steam"],"picked":"Leap","floor":5},{"not_picked":["Fusion","Ball Lightning"],"picked":"Cold Snap","floor":6},{"not_picked":["Sweeping Beam","Cold Snap"],"picked":"Streamline","floor":7},{"not_picked":["Buffer","Ball Lightning"],"picked":"Sunder","floor":8},{"not_picked":["Double Energy","Leap"],"picked":"Compile Driver","floor":10},{"not_picked":["Rebound","Streamline","Double Energy"],"picked":"SKIP","floor":11},{"not_picked":["Rebound","Streamline"],"picked":"Double Energy","floor":11},{"not_picked":["Gash","Reboot"],"picked":"White Noise","floor":14}],"player_experience":1467140,"relics_obtained":[{"floor":6,"key":"DataDisk"},{"floor":8,"key":"Blood Vial"},{"floor":9,"key":"Dream Catcher"},{"floor":12,"key":"Kunai"}],"event_choices":[{"cards_removed":["Defend_B"],"damage_healed":0,"gold_gain":0,"player_choice":"Purged","damage_taken":0,"max_hp_gain":0,"max_hp_loss":0,"event_name":"Purifier","floor":4,"gold_loss":0}],"is_beta":false,"boss_relics":[],"items_purged_floors":[],"is_endless":false,"potions_floor_spawned":[3,7],"killed_by":"Hexaghost","ascension_level":20}