{"gold_per_floor":[113,132,132,109,122,122,137,165,215,241,241,260,273,17,17,118,118,138,42,42,42,42,42,67,67,67,67,67,79,99,119,119,215,215,234,0,12,12,32,32,43,63,131,165,219,319,319,350,362,374],"floor_reached":51,"playtime":2597,"items_purged":[],"score":1068,"play_id":"357cd452-075a-445c-9ac3-a62eb3f5d516","local_time":"20190316021345","is_ascension_mode":true,"campfire_choices":[{"data":"Zap","floor":6,"key":"SMITH"},{"data":"Storm","floor":11,"key":"SMITH"},{"data":"Defragment","floor":15,"key":"SMITH"},{"floor":23,"key":"REST"},{"data":"Buffer","floor":25,"key":"SMITH"},{"data":"Loop","floor":32,"key":"SMITH"},{"data":"Loop","floor":40,"key":"SMITH"},{"data":"Stack","floor":49,"key":"SMITH"}],"neow_cost":"NONE","seed_source_timestamp":224953548698009,"circlet_count":0,"master_deck":["Strike_B","Defend_B","Defend_B","Defend_B","Defend_B","Zap+1","Dualcast","Defragment+1","Cold Snap","Auto Shields","Conserve Battery","Hyperbeam","Storm+1","Cold Snap","Sunder","Buffer+1","Cold Snap","Stack+1","Self Repair","Loop+1","Compile Driver+1","Loop+1","Electrodynamics","Heatsinks+1","Ball Lightning+1","Self Repair+1","Glacier+1","Static Discharge+1","Go for the Eyes+1","Undo+1","Self Repair"],"relics":["Cracked Core","Bottled Lightning","Ancient Tea Set","Bronze Scales","Letter Opener","Velvet Choker","MutagenicStrength","Art of War","Meat on the Bone","Dead Branch","Empty Cage","Red Mask","Pen Nib","Symbiotic Virus","Sundial","Prayer Wheel","Peace Pipe","MawBank"],"potions_floor_usage":[10,13,16,16,24,33,33,37,44,45,48,50,50],"damage_taken":[{"damage":4,"enemies":"Jaw Worm","floor":1,"turns":4},{"damage":3,"enemies":"2 Louse","floor":2,"turns":3},{"damage":0,"enemies":"Cultist","floor":5,"turns":4},{"damage":23,"enemies":"Lots of Slimes","floor":7,"turns":3},{"damage":3,"enemies":"3 Sentries","floor":8,"turns":11},{"damage":23,"enemies":"Gremlin Nob","floor":10,"turns":4},{"damage":0,"enemies":"2 Fungi Beasts","floor":12,"turns":3},{"damage":0,"enemies":"Blue Slaver","floor":13,"turns":3},{"damage":1,"enemies":"Hexaghost","floor":16,"turns":9},{"damage":10,"enemies":"2 Thieves","floor":18,"turns":3},{"damage":14,"enemies":"Gremlin Leader","floor":24,"turns":7},{"damage":0,"enemies":"Shell Parasite","floor":29,"turns":3},{"damage":24,"enemies":"Snake Plant","floor":30,"turns":3},{"damage":13,"enemies":"3 Cultists","floor":31,"turns":4},{"damage":27,"enemies":"Champ","floor":33,"turns":10},{"damage":9,"enemies":"Orb Walker","floor":35,"turns":4},{"damage":36,"enemies":"3 Darklings","floor":37,"turns":4},{"damage":8,"enemies":"Spire Growth","floor":39,"turns":4},{"damage":9,"enemies":"Jaw Worm Horde","floor":41,"turns":2},{"damage":0,"enemies":"Transient","floor":42,"turns":5},{"damage":6,"enemies":"Reptomancer","floor":44,"turns":5},{"damage":38,"enemies":"2 Orb Walkers","floor":45,"turns":3},{"damage":0,"enemies":"Mind Bloom Boss Battle","floor":46,"turns":5},{"damage":23,"enemies":"Giant Head","floor":48,"turns":12},{"damage":62,"enemies":"Donu and Deca","floor":50,"turns":6}],"seed_played":"-7833700791761189415","potions_obtained":[{"floor":1,"key":"Ancient Potion"},{"floor":8,"key":"Strength Potion"},{"floor":10,"key":"Poison Potion"},{"floor":12,"key":"GamblersBrew"},{"floor":16,"key":"FairyPotion"},{"floor":18,"key":"FocusPotion"},{"floor":30,"key":"EntropicBrew"},{"floor":33,"key":"SpeedPotion"},{"floor":39,"key":"Explosive Potion"},{"floor":42,"key":"Weak Potion"},{"floor":44,"key":"Strength Potion"},{"floor":45,"key":"LiquidBronze"},{"floor":48,"key":"SpeedPotion"}],"is_trial":false,"path_per_floor":["M","M","?","?","M","R","M","E","T","E","R","M","M","$","R","B",null,"M","$","?","?","$","R","E","R","T","T","$","M","M","M","R","B",null,"M","?","M","?","M","R","M","M","T","E","?","?","?","E","R","B",null],"character_chosen":"DEFECT","items_purchased":["Letter Opener","Stack","Self Repair"],"campfire_rested":1,"item_purchase_floors":[14,19,19],"current_hp_per_floor":[71,68,61,61,61,61,38,35,35,12,12,12,12,12,12,11,64,54,54,54,38,38,64,57,57,57,57,57,57,45,51,51,43,76,74,74,57,57,56,56,54,71,71,82,61,78,78,72,72,29],"gold":386,"neow_bonus":"TEN_PERCENT_HP_BONUS","is_prod":false,"is_daily":false,"chose_seed":false,"campfire_upgraded":7,"win_rate":0,"timestamp":1552716825,"path_taken":["M","M","?","?","M","R","M","E","T","E","R","M","?","?","R","BOSS","M","?","?","?","?","R","E","R","T","?","$","M","?","M","R","BOSS","M","?","M","?","M","R","M","?","T","E","?","?","?","E","R","BOSS"],"build_version":"2019-01-23","purchased_purges":0,"victory":true,"max_hp_per_floor":[82,82,82,82,82,82,82,82,82,82,82,82,82,82,82,82,82,82,82,82,87,87,87,87,87,87,87,87,87,87,87,87,87,87,87,87,87,87,87,87,87,87,87,87,87,87,87,87,87,87],"card_choices":[{"not_picked":["Hologram","Gash"],"picked":"Defragment","floor":1},{"not_picked":["Hologram","Capacitor"],"picked":"Cold Snap","floor":2},{"not_picked":["Consume","Sunder"],"picked":"Auto Shields","floor":5},{"not_picked":["Recycle","Rebound"],"picked":"Conserve Battery","floor":7},{"not_picked":["Beam Cell","Barrage"],"picked":"Hyperbeam","floor":8},{"not_picked":["Stack","Hello World"],"picked":"Storm","floor":10},{"not_picked":["Stack","Go for the Eyes"],"picked":"Cold Snap","floor":12},{"not_picked":["White Noise","Leap"],"picked":"Sunder","floor":13},{"not_picked":["Rainbow","Multi-Cast"],"picked":"Buffer","floor":16},{"not_picked":["Sweeping Beam","Beam Cell"],"picked":"Cold Snap","floor":18},{"not_picked":["Streamline+1","Hologram"],"picked":"Loop","floor":24},{"not_picked":["Steam+1","Stack"],"picked":"Compile Driver+1","floor":29},{"not_picked":["Turbo","Steam+1","Hello World"],"picked":"SKIP","floor":30},{"not_picked":["Conserve Battery","Auto Shields"],"picked":"Loop","floor":31},{"not_picked":["Buffer","All For One"],"picked":"Electrodynamics","floor":33},{"not_picked":["Go for the Eyes","Leap+1"],"picked":"Heatsinks+1","floor":35},{"not_picked":["Gash","Sweeping Beam","Compile Driver+1"],"picked":"SKIP","floor":37},{"not_picked":["Stack","Rebound"],"picked":"Ball Lightning+1","floor":39},{"not_picked":["Tempest+1","Reinforced Body+1"],"picked":"Self Repair+1","floor":41},{"not_picked":["Rebound+1","Ball Lightning"],"picked":"Glacier+1","floor":42},{"not_picked":["Seek","Scrape"],"picked":"Static Discharge+1","floor":44},{"not_picked":["Barrage+1","Ball Lightning+1"],"picked":"Go for the Eyes+1","floor":45},{"not_picked":["Steam Power+1","Heatsinks"],"picked":"Undo+1","floor":46},{"not_picked":["Compile Driver+1","Coolheaded+1"],"picked":"Self Repair","floor":48}],"player_experience":1150120,"relics_obtained":[{"floor":8,"key":"Bottled Lightning"},{"floor":9,"key":"Ancient Tea Set"},{"floor":10,"key":"Bronze Scales"},{"floor":24,"key":"Art of War"},{"floor":26,"key":"Meat on the Bone"},{"floor":27,"key":"Dead Branch"},{"floor":43,"key":"Symbiotic Virus"},{"floor":44,"key":"Sundial"},{"floor":45,"key":"Prayer Wheel"},{"floor":46,"key":"Peace Pipe"},{"floor":48,"key":"MawBank"}],"event_choices":[{"cards_removed":["Strike_B"],"damage_healed":0,"gold_gain":0,"player_choice":"Card Removal","damage_taken":7,"max_hp_gain":0,"max_hp_loss":0,"event_name":"Golden Wing","floor":3,"gold_loss":0},{"damage_healed":0,"gold_gain":0,"player_choice":"Left Gold","damage_taken":0,"max_hp_gain":0,"max_hp_loss":0,"event_name":"World of Goop","floor":4,"gold_loss":23},{"damage_healed":0,"gold_gain":0,"player_choice":"Inject Mutagens","damage_taken":0,"relics_obtained":["MutagenicStrength"],"max_hp_gain":0,"max_hp_loss":0,"event_name":"Drug Dealer","floor":20,"gold_loss":0},{"damage_healed":0,"gold_gain":0,"player_choice":"Shed Blood","damage_taken":21,"max_hp_gain":5,"max_hp_loss":0,"event_name":"Forgotten Altar","floor":21,"gold_loss":0},{"damage_healed":0,"gold_gain":0,"player_choice":"Paid","damage_taken":0,"relics_obtained":["Red Mask"],"max_hp_gain":0,"max_hp_loss":0,"event_name":"Tomb of Lord Red Mask","floor":36,"gold_loss":234},{"damage_healed":0,"gold_gain":0,"player_choice":"Gave Potion","damage_taken":0,"relics_obtained":["Pen Nib"],"max_hp_gain":0,"max_hp_loss":0,"event_name":"WeMeetAgain","floor":38,"gold_loss":0},{"damage_healed":0,"gold_gain":0,"player_choice":"Fight","damage_taken":0,"max_hp_gain":0,"max_hp_loss":0,"event_name":"Mysterious Sphere","floor":45,"gold_loss":0},{"damage_healed":0,"gold_gain":0,"player_choice":"Fight","damage_taken":0,"max_hp_gain":0,"max_hp_loss":0,"event_name":"MindBloom","floor":46,"gold_loss":0},{"damage_healed":0,"gold_gain":0,"player_choice":"Ignored","damage_taken":0,"max_hp_gain":0,"max_hp_loss":0,"event_name":"SecretPortal","floor":47,"gold_loss":0}],"is_beta":false,"boss_relics":[{"not_picked":["Eternal Feather","Cursed Key"],"picked":"Velvet Choker"},{"not_picked":["Black Star","Calling Bell"],"picked":"Empty Cage"}],"items_purged_floors":[],"is_endless":false,"potions_floor_spawned":[1,8,10,12,16,18,30,33,39,42,44,45,48],"ascension_level":9}