{"gold_per_floor":[115,115,131,92,92,92,118,129,129,129,54,54,104,139,139,215,215,235,253,253,34,134,134,163,163,163,163,163,190,205,239,239,311,311,331,431,451,451,466,466,2,13,13,13,13,13,313,338,338,338,338],"floor_reached":51,"playtime":9676,"items_purged":[],"score":1395,"play_id":"6bdd812e-f2bc-4b95-b709-7170dfe8dd4f","local_time":"20190406230912","is_ascension_mode":true,"campfire_choices":[{"floor":6,"key":"RECALL"},{"floor":10,"key":"REST"},{"floor":12,"key":"REST"},{"floor":15,"key":"REST"},{"floor":23,"key":"REST"},{"floor":25,"key":"REST"},{"floor":27,"key":"REST"},{"floor":32,"key":"REST"},{"floor":40,"key":"REST"},{"floor":46,"key":"REST"},{"floor":49,"key":"REST"}],"neow_cost":"NONE","seed_source_timestamp":469406037781273,"circlet_count":0,"master_deck":["AscendersBane","Defend_G","Defend_G","Defend_G","Defend_G","Defend_G","Survivor","Neutralize+1","Acrobatics","Dodge and Roll","Skewer","Acrobatics","Dagger Throw","Glass Knife","Dagger Spray","Leg Sweep","Well Laid Plans","Tactician","Glass Knife","Footwork","Crippling Poison+1","Envenom","Bane+1","Prepared+1","Noxious Fumes","Adrenaline","Madness+1","Madness+1","Calculated Gamble+1"],"relics":["Fusion Hammer","Tingsha","Pen Nib","Ninja Scroll","Juzu Bracelet","Eternal Feather","Vajra","Unceasing Top","Matryoshka","FossilizedHelix","Letter Opener","Singing Bowl","Kunai","Bag of Preparation","Empty Cage","Calipers","Snake Skull","Medical Kit","Toxic Egg 2","Shuriken"],"potions_floor_usage":[7,16,22,22,39],"damage_taken":[{"damage":0,"enemies":"Jaw Worm","floor":1,"turns":5},{"damage":0,"enemies":"Cultist","floor":3,"turns":4},{"damage":37,"enemies":"3 Sentries","floor":7,"turns":15},{"damage":0,"enemies":"2 Louse","floor":8,"turns":2},{"damage":8,"enemies":"Gremlin Nob","floor":14,"turns":3},{"damage":39,"enemies":"Slime Boss","floor":16,"turns":12},{"damage":22,"enemies":"Shell Parasite","floor":18,"turns":5},{"damage":0,"enemies":"3 Byrds","floor":19,"turns":4},{"damage":6,"enemies":"Colosseum Slavers","floor":22,"turns":5},{"damage":0,"enemies":"Colosseum Nobs","floor":22,"turns":4},{"damage":56,"enemies":"Book of Stabbing","floor":24,"turns":6},{"damage":24,"enemies":"Gremlin Leader","floor":29,"turns":8},{"damage":0,"enemies":"Centurion and Healer","floor":30,"turns":4},{"damage":21,"enemies":"Slavers","floor":31,"turns":6},{"damage":49,"enemies":"Collector","floor":33,"turns":13},{"damage":3,"enemies":"3 Shapes","floor":35,"turns":5},{"damage":0,"enemies":"Mind Bloom Boss Battle","floor":36,"turns":6},{"damage":18,"enemies":"3 Darklings","floor":37,"turns":4},{"damage":6,"enemies":"Writhing Mass","floor":39,"turns":7},{"damage":6,"enemies":"4 Shapes","floor":42,"turns":6},{"damage":24,"enemies":"Nemesis","floor":48,"turns":7},{"damage":30,"enemies":"Time Eater","floor":50,"turns":10},{"damage":60,"enemies":"Awakened One","floor":51,"turns":8}],"seed_played":"6248875933511537718","potions_obtained":[{"floor":1,"key":"Explosive Potion"},{"floor":7,"key":"Block Potion"},{"floor":18,"key":"AttackPotion"},{"floor":30,"key":"GhostInAJar"},{"floor":31,"key":"Ancient Potion"},{"floor":42,"key":"FairyPotion"}],"is_trial":false,"path_per_floor":["M","?","M","$","T","R","E","M","T","R","?","R","?","E","R","B",null,"M","M","?","$","?","R","E","R","T","R","?","E","M","E","R","B",null,"M","?","M","?","M","R","$","M","T","$","?","R","?","E","R","B","B"],"character_chosen":"THE_SILENT","items_purchased":["Skewer","Vajra","Swift Potion","Snake Skull","Noxious Fumes","Medical Kit"],"campfire_rested":10,"item_purchase_floors":[4,21,21,41,41,41],"current_hp_per_floor":[59,59,59,59,59,59,22,22,22,41,41,60,60,52,66,27,56,34,34,34,34,28,59,3,34,34,65,65,41,43,22,54,5,52,51,51,33,33,29,62,62,56,56,56,43,72,72,48,72,42,0],"gold":338,"neow_bonus":"BOSS_RELIC","is_prod":false,"is_daily":false,"chose_seed":false,"campfire_upgraded":0,"win_rate":0,"timestamp":1554606552,"path_taken":["M","?","M","$","?","R","E","M","T","R","?","R","?","E","R","BOSS","M","M","?","$","?","R","E","R","T","R","?","E","M","E","R","BOSS","M","?","M","?","M","R","?","M","T","$","?","R","?","E","R","BOSS","BOSS"],"build_version":"2019-01-23","purchased_purges":0,"victory":false,"max_hp_per_floor":[66,66,66,66,66,66,66,66,66,66,66,66,66,66,66,66,66,66,66,66,66,66,66,66,66,66,66,66,66,68,68,68,68,68,70,70,70,70,72,72,72,72,72,72,72,72,72,72,72,72,72],"card_choices":[{"not_picked":["Heel Hook","Bane"],"picked":"Acrobatics","floor":1},{"not_picked":["Eviscerate","Flying Knee"],"picked":"Dodge and Roll","floor":3},{"not_picked":["Underhanded Strike","Bane"],"picked":"Acrobatics","floor":7},{"not_picked":["Heel Hook","Backflip"],"picked":"Dagger Throw","floor":8},{"not_picked":["Sucker Punch","Poisoned Stab","Slice"],"picked":"SKIP","floor":14},{"not_picked":["Bullet Time","Storm of Steel"],"picked":"Glass Knife","floor":16},{"not_picked":["Deflect+1","Caltrops"],"picked":"Dagger Spray","floor":18},{"not_picked":["Cloak And Dagger","Flying Knee"],"picked":"Leg Sweep","floor":19},{"not_picked":["Sucker Punch","PiercingWail"],"picked":"Tactician","floor":22},{"not_picked":["Expertise","Accuracy"],"picked":"Glass Knife","floor":24},{"not_picked":["Doppelganger","Dagger Spray"],"picked":"Footwork","floor":29},{"not_picked":["Infinite Blades","Cloak And Dagger","Dagger Spray"],"picked":"Singing Bowl","floor":30},{"not_picked":["Dagger Spray","Dodge and Roll"],"picked":"Crippling Poison+1","floor":31},{"not_picked":["Unload","Burst"],"picked":"Envenom","floor":33},{"not_picked":["Dagger Throw","Cloak And Dagger","Poisoned Stab+1"],"picked":"Singing Bowl","floor":35},{"not_picked":["Outmaneuver","Envenom"],"picked":"Bane+1","floor":36},{"not_picked":["Bouncing Flask","Outmaneuver"],"picked":"Prepared+1","floor":37},{"not_picked":["Underhanded Strike+1","Sucker Punch+1","Backflip"],"picked":"Singing Bowl","floor":39},{"not_picked":["Backstab+1","Escape Plan+1"],"picked":"Adrenaline","floor":42},{"not_picked":["Venomology+1","Masterful Stab"],"picked":"Calculated Gamble+1","floor":48}],"player_experience":1660157,"relics_obtained":[{"floor":5,"key":"Tingsha"},{"floor":7,"key":"Pen Nib"},{"floor":9,"key":"Ninja Scroll"},{"floor":14,"key":"Juzu Bracelet"},{"floor":22,"key":"Unceasing Top"},{"floor":22,"key":"Matryoshka"},{"floor":24,"key":"FossilizedHelix"},{"floor":26,"key":"Letter Opener"},{"floor":26,"key":"Singing Bowl"},{"floor":29,"key":"Kunai"},{"floor":31,"key":"Bag of Preparation"},{"floor":36,"key":"Calipers"},{"floor":43,"key":"Toxic Egg 2"},{"floor":48,"key":"Shuriken"}],"event_choices":[{"damage_healed":0,"gold_gain":0,"player_choice":"Upgraded","damage_taken":0,"max_hp_gain":0,"max_hp_loss":0,"event_name":"Upgrade Shrine","floor":2,"gold_loss":0,"cards_upgraded":["Neutralize"]},{"cards_removed":["Strike_G"],"damage_healed":0,"gold_gain":0,"player_choice":"Card Removal","damage_taken":0,"max_hp_gain":0,"max_hp_loss":0,"event_name":"The Cleric","floor":11,"gold_loss":75},{"damage_healed":0,"gold_gain":50,"player_choice":"Pray","damage_taken":0,"max_hp_gain":0,"max_hp_loss":0,"event_name":"Golden Shrine","floor":13,"gold_loss":0},{"damage_healed":0,"gold_gain":0,"cards_transformed":["Strike_G","Strike_G"],"player_choice":"Became Test Subject","damage_taken":0,"max_hp_gain":0,"max_hp_loss":0,"event_name":"Drug Dealer","floor":20,"gold_loss":0,"cards_obtained":["Well Laid Plans","Sucker Punch"]},{"damage_healed":0,"gold_gain":0,"player_choice":"Fight","damage_taken":0,"max_hp_gain":0,"max_hp_loss":0,"event_name":"Colosseum","floor":22,"gold_loss":0},{"damage_healed":0,"gold_gain":0,"player_choice":"Fought Nobs","damage_taken":0,"max_hp_gain":0,"max_hp_loss":0,"event_name":"Colosseum","floor":22,"gold_loss":0},{"damage_healed":0,"gold_gain":0,"player_choice":"Ignored","damage_taken":0,"max_hp_gain":0,"max_hp_loss":0,"event_name":"Vampires","floor":28,"gold_loss":0},{"damage_healed":0,"gold_gain":0,"player_choice":"Fight","damage_taken":0,"max_hp_gain":0,"max_hp_loss":0,"event_name":"MindBloom","floor":36,"gold_loss":0},{"cards_removed":["Sucker Punch"],"damage_healed":0,"gold_gain":0,"player_choice":"Removed Attack","damage_taken":0,"max_hp_gain":0,"max_hp_loss":0,"event_name":"Falling","floor":38,"gold_loss":0},{"damage_healed":0,"gold_gain":0,"player_choice":"Embrace Madness","damage_taken":13,"max_hp_gain":0,"max_hp_loss":0,"event_name":"Winding Halls","floor":45,"gold_loss":0,"cards_obtained":["Madness","Madness"]},{"damage_healed":0,"gold_gain":300,"player_choice":"Gold","damage_taken":0,"max_hp_gain":0,"max_hp_loss":0,"event_name":"Wheel of Change","floor":47,"gold_loss":0}],"is_beta":false,"boss_relics":[{"not_picked":["Velvet Choker","Coffee Dripper"],"picked":"Eternal Feather"},{"not_picked":["White Beast Statue","Cursed Key"],"picked":"Empty Cage"}],"items_purged_floors":[],"is_endless":false,"potions_floor_spawned":[1,7,18,30,31,33,37,42],"killed_by":"Awakened One","ascension_level":20}