{"gold_per_floor":[119,135,135,146,71,71,1,19,95,95,95,108,139,153,153,228,228,242,26,45,60,60,60,60,79,79,90,90,90,90,105,105,184,184,204,204,223,273,16,16,31,31,85,85,85,105,121,140,140,140],"floor_reached":51,"playtime":1833,"items_purged":["Strike_G","Writhe"],"score":1239,"play_id":"f1828e6d-9e3f-479f-8c03-7c2c591ec0f6","local_time":"20180808200351","is_ascension_mode":true,"campfire_choices":[{"data":"Neutralize","floor":6.0,"key":"SMITH"},{"data":"Dash","floor":11.0,"key":"SMITH"},{"data":"Adrenaline","floor":15.0,"key":"SMITH"},{"floor":23.0,"key":"REST"},{"data":"Tools of the Trade","floor":30,"key":"SMITH"},{"floor":32,"key":"REST"},{"data":"Noxious Fumes","floor":40,"key":"SMITH"},{"floor":42,"key":"REST"},{"floor":44,"key":"REST"},{"floor":49,"key":"REST"}],"neow_cost":"NONE","seed_source_timestamp":273616189114040,"circlet_count":0,"master_deck":["Defend_G+1","Defend_G+1","Defend_G+1","Defend_G+1","Defend_G+1","Strike_G+1","Strike_G+1","Strike_G+1","Survivor+1","Neutralize+1","AscendersBane","Infinite Blades+1","Backflip+1","All Out Attack+1","Dash+1","Predator+1","Dagger Throw+1","Dash+1","Adrenaline+1","Sucker Punch+1","Tools of the Trade+1","Poisoned Stab+1","Leg Sweep+1","Dagger Spray+1","Ghostly+1","Ghostly+1","Ghostly+1","Ghostly+1","Ghostly+1","Deadly Poison+1","Noxious Fumes+1","Noxious Fumes+1","Tools of the Trade+1","Noxious Fumes+1","Tactician+1"],"special_seed":0,"relics":["Ring of the Snake","Potion Belt","Darkstone Periapt","Whetstone","White Beast Statue","Oddly Smooth Stone","Pear","Nunchaku","Busted Crown","Mark of the Bloom","Art of War"],"potions_floor_usage":[33,33,37,41,50,50,50],"damage_taken":[{"damage":0.0,"enemies":"Small Slimes","floor":1.0,"turns":5.0},{"damage":0.0,"enemies":"Cultist","floor":2.0,"turns":3.0},{"damage":0.0,"enemies":"2 Louse","floor":4.0,"turns":2.0},{"damage":0.0,"enemies":"Exordium Thugs","floor":8.0,"turns":4.0},{"damage":10.0,"enemies":"3 Louse","floor":12.0,"turns":3.0},{"damage":7.0,"enemies":"3 Sentries","floor":13.0,"turns":7.0},{"damage":4.0,"enemies":"Red Slaver","floor":14.0,"turns":4.0},{"damage":0.0,"enemies":"Slime Boss","floor":16.0,"turns":6.0},{"damage":36.0,"enemies":"2 Thieves","floor":18.0,"turns":4.0},{"damage":5.0,"enemies":"Spheric Guardian","floor":20.0,"turns":9.0},{"damage":7.0,"enemies":"3 Cultists","floor":21.0,"turns":5.0},{"damage":8.0,"enemies":"Cultist and Chosen","floor":25.0,"turns":11.0},{"damage":18.0,"enemies":"Chosen and Byrds","floor":27.0,"turns":10.0},{"damage":3,"enemies":"Snecko","floor":31,"turns":6},{"damage":8,"enemies":"Automaton","floor":33,"turns":13},{"damage":2,"enemies":"3 Shapes","floor":35,"turns":7},{"damage":11,"enemies":"3 Darklings","floor":37,"turns":5},{"damage":0,"enemies":"Sphere and 2 Shapes","floor":41,"turns":6},{"damage":4,"enemies":"Spire Growth","floor":46,"turns":7},{"damage":4,"enemies":"Snecko and Mystics","floor":47,"turns":5},{"damage":9,"enemies":"4 Shapes","floor":48,"turns":7},{"damage":5,"enemies":"Donu and Deca","floor":50,"turns":11}],"seed_played":"-2460865501835582810","potions_obtained":[{"floor":1.0,"key":"PowerPotion"},{"floor":8.0,"key":"Regen Potion"},{"floor":13.0,"key":"FearPotion"},{"floor":14.0,"key":"Weak Potion"},{"floor":16.0,"key":"Ancient Potion"},{"floor":18.0,"key":"AttackPotion"},{"floor":20.0,"key":"GhostInAJar"},{"floor":21.0,"key":"Dexterity Potion"},{"floor":25.0,"key":"SpeedPotion"},{"floor":27.0,"key":"Ancient Potion"},{"floor":31,"key":"Fire Potion"},{"floor":33,"key":"FearPotion"},{"floor":35,"key":"Swift Potion"},{"floor":37,"key":"Fruit Juice"},{"floor":41,"key":"Dexterity Potion"},{"floor":48,"key":"Fire Potion"}],"is_trial":false,"path_per_floor":["M","M","?","M","$","R","$","M","T","?","R","M","E","M","R","B",null,"M","$","M","M","?","R","?","M","T","M","?","?","R","M","R","B",null,"M","?","M","?","$","R","M","R","T","R","$","M","M","M","R","B"],"character_chosen":"THE_SILENT","items_purchased":["Predator","Leg Sweep","Oddly Smooth Stone","GhostInAJar","Noxious Fumes"],"campfire_rested":5,"item_purchase_floors":[7,19,19,39,39],"current_hp_per_floor":[59,59,59,59,59,59,59,59,59,59,59,49,57,53,53,53,63,27,27,22,15,15,34,33,25,35,17,17,23,23,20,34,26,43,41,41,30,30,30,30,30,30,30,30,30,26,22,13,13,8],"gold":140,"neow_bonus":"RANDOM_COMMON_RELIC","is_prod":false,"is_daily":false,"chose_seed":false,"campfire_upgraded":5,"win_rate":0,"timestamp":1533783831,"path_taken":["M","M","?","M","$","R","?","M","T","?","R","M","E","M","R","BOSS","M","$","M","M","?","R","?","?","T","M","?","?","R","?","R","BOSS","M","?","M","?","$","R","M","R","T","R","$","?","M","M","R","BOSS"],"build_version":"2018-08-07v3","purchased_purges":2,"victory":true,"max_hp_per_floor":[66,66,66,66,66,66,66,66,66,66,66,66,66,66,66,66,66,66,66,66,66,66,66,33,33,43,43,43,49,49,49,49,49,49,49,49,49,49,49,49,54,54,54,54,54,54,54,54,54,54],"card_choices":[{"not_picked":["Caltrops","Acrobatics"],"picked":"Infinite Blades","floor":1.0},{"not_picked":["Terror","Prepared"],"picked":"Backflip","floor":2.0},{"not_picked":["Backflip","Noxious Fumes"],"picked":"Dash","floor":4.0},{"not_picked":["Blade Dance","Flying Knee"],"picked":"Dagger Throw","floor":8.0},{"not_picked":["Dagger Throw","Calculated Gamble"],"picked":"Dash","floor":12.0},{"not_picked":["Die Die Die","Skewer"],"picked":"Adrenaline","floor":13.0},{"not_picked":["Backflip","Underhanded Strike"],"picked":"Sucker Punch","floor":14.0},{"not_picked":["Phantasmal Killer","Wraith Form v2"],"picked":"Tools of the Trade","floor":16.0},{"not_picked":["Finisher","Acrobatics"],"picked":"Poisoned Stab+1","floor":18.0},{"not_picked":["Endless Agony","Finisher"],"picked":"Dagger Spray","floor":20.0},{"not_picked":["Deflect","Eviscerate","Calculated Gamble"],"picked":"SKIP","floor":21.0},{"not_picked":["Deflect","Sucker Punch","Wraith Form v2"],"picked":"SKIP","floor":25.0},{"not_picked":["Dagger Spray","Bouncing Flask"],"picked":"Deadly Poison","floor":27.0},{"not_picked":["Deflect","Bane"],"picked":"Noxious Fumes","floor":31},{"not_picked":["Grand Finale","Unload"],"picked":"Tools of the Trade","floor":33},{"not_picked":["Concentrate+1"],"picked":"SKIP","floor":35},{"not_picked":["Eviscerate"],"picked":"SKIP","floor":37},{"not_picked":[],"picked":"Tactician+1","floor":41},{"not_picked":["Concentrate"],"picked":"SKIP","floor":46},{"not_picked":["Quick Slash"],"picked":"SKIP","floor":47},{"not_picked":["Slice"],"picked":"SKIP","floor":48}],"player_experience":857339,"relics_obtained":[{"floor":9.0,"key":"Darkstone Periapt"},{"floor":13.0,"key":"Whetstone"},{"floor":26.0,"key":"Pear"},{"floor":43,"key":"Art of War"}],"event_choices":[{"event_name":"Match and Keep!","player_choice":"1 cards matched","floor":3.0,"damage_taken":0.0},{"event_name":"Purifier","player_choice":"One Purge","floor":10.0,"damage_taken":0.0},{"event_name":"Back to Basics","player_choice":"Simplicity","floor":22.0,"damage_taken":0.0},{"event_name":"Ghosts","player_choice":"Became a Ghost","floor":24.0,"damage_taken":0.0},{"event_name":"The Library","player_choice":"Read","floor":28.0,"damage_taken":0.0},{"event_name":"The Mausoleum","player_choice":"Yes","floor":29,"damage_taken":0},{"event_name":"MindBloom","player_choice":"Upgrade","floor":36,"damage_taken":0},{"event_name":"Golden Shrine","player_choice":"Pray","floor":38,"damage_taken":0}],"is_beta":true,"boss_relics":[{"not_picked":["Eternal Feather","WristBlade"],"picked":"White Beast Statue"},{"not_picked":["Ring of the Serpent","Lizard Tail"],"picked":"Busted Crown"}],"items_purged_floors":[5,39],"is_endless":false,"potions_floor_spawned":[1,8,13,14,16,18,20,21,25,27,31,33,35,37,41,46,47,48],"ascension_level":15}