{"gold_per_floor":[360,259,434,446,446,479,497,497,497,153,168,188,188,10,10,108,108,121,121,131,141,154,154,114,114,114,114,148,63,63,83,83,83],"floor_reached":33,"playtime":1993,"items_purged":["Regret"],"score":345,"play_id":"cbf88e68-7852-4f2f-80e0-b374b8c72c18","local_time":"20180814213245","is_ascension_mode":true,"campfire_choices":[{"floor":8,"key":"REST"},{"data":"Beam Cell","floor":13,"key":"SMITH"},{"data":"Dualcast","floor":15,"key":"SMITH"},{"floor":23,"key":"REST"},{"data":"Conserve Battery","floor":25,"key":"SMITH"},{"floor":32,"key":"REST"}],"neow_cost":"CURSE","seed_source_timestamp":702427339679269,"circlet_count":0,"master_deck":["Strike_B+1","Strike_B+1","Strike_B+1","Strike_B+1","Defend_B+1","Defend_B+1","Defend_B+1","Defend_B+1","Zap","Dualcast+1","Leap","Ball Lightning","Sweeping Beam","Double Energy","Beam Cell+1","Ball Lightning","Conserve Battery+1","Sweeping Beam","Ball Lightning","Genetic Algorithm","Swift Strike","Machine Learning+1","Beam Cell+1","Conserve Battery","Melter","Go for the Eyes","Static Discharge+1"],"relics":["Cracked Core","Strawberry","Shuriken","Frozen Egg 2","Velvet Choker","Omamori","Centennial Puzzle","Potion Belt"],"potions_floor_usage":[18,22,22,33,33],"damage_taken":[{"damage":9,"enemies":"Small Slimes","floor":1,"turns":3},{"damage":0,"enemies":"Cultist","floor":4,"turns":3},{"damage":31,"enemies":"3 Sentries","floor":6,"turns":6},{"damage":5,"enemies":"2 Louse","floor":7,"turns":3},{"damage":3,"enemies":"Looter","floor":11,"turns":3},{"damage":2,"enemies":"2 Fungi Beasts","floor":12,"turns":2},{"damage":6,"enemies":"Slime Boss","floor":16,"turns":6},{"damage":0,"enemies":"Spheric Guardian","floor":18,"turns":3},{"damage":1,"enemies":"3 Byrds","floor":20,"turns":4},{"damage":12,"enemies":"3 Cultists","floor":21,"turns":4},{"damage":28,"enemies":"Snake Plant","floor":22,"turns":4},{"damage":29,"enemies":"Book of Stabbing","floor":28,"turns":5},{"damage":2,"enemies":"Cultist and Chosen","floor":31,"turns":5},{"damage":55,"enemies":"Collector","floor":33,"turns":7}],"seed_played":"4098894459794902379","potions_obtained":[{"floor":4,"key":"SmokeBomb"},{"floor":11,"key":"Swift Potion"},{"floor":12,"key":"SpeedPotion"},{"floor":16,"key":"FearPotion"},{"floor":21,"key":"Weak Potion"},{"floor":28,"key":"LiquidBronze"}],"is_trial":false,"path_per_floor":["M","$","?","M","?","E","M","R","T","$","M","M","R","$","R","B",null,"M","?","M","M","M","R","$","R","T","?","E","?","$","M","R"],"character_chosen":"DEFECT","items_purchased":["Ball Lightning","Frozen Egg 2","Ball Lightning","Conserve Battery","Genetic Algorithm","Swift Strike","Static Discharge+1"],"campfire_rested":3,"item_purchase_floors":[2,10,10,10,14,14,24],"current_hp_per_floor":[59,59,59,59,59,35,30,54,54,54,51,49,49,49,49,43,72,72,72,71,59,31,55,55,55,55,55,26,26,26,24,48,0],"gold":83,"neow_bonus":"TWO_FIFTY_GOLD","is_prod":false,"is_daily":false,"chose_seed":false,"campfire_upgraded":3,"win_rate":0,"timestamp":1534296765,"path_taken":["M","$","?","?","?","E","M","R","T","$","M","M","R","$","R","BOSS","M","?","M","M","M","R","?","R","T","?","E","?","$","M","R","BOSS"],"build_version":"2018-08-09","purchased_purges":1,"victory":false,"max_hp_per_floor":[75,75,75,75,75,82,82,82,82,82,82,82,82,82,82,82,82,82,82,82,82,82,82,82,82,82,82,82,82,82,82,82,82],"card_choices":[{"not_picked":["Chill","Go for the Eyes"],"picked":"Leap","floor":1},{"not_picked":["Rebound","Darkness"],"picked":"Sweeping Beam","floor":4},{"not_picked":["Loop","Reprogram"],"picked":"Double Energy","floor":6},{"not_picked":["BootSequence","Loop"],"picked":"Beam Cell","floor":7},{"not_picked":["BootSequence","Heatsinks+1"],"picked":"Sweeping Beam","floor":11},{"not_picked":["Skim","Chaos"],"picked":"Ball Lightning","floor":12},{"not_picked":["Echo Form+1","Core Surge"],"picked":"Machine Learning+1","floor":16},{"not_picked":["FTL","Compile Driver+1"],"picked":"Beam Cell+1","floor":18},{"not_picked":["Scrape","Gash"],"picked":"Conserve Battery","floor":20},{"not_picked":["Fusion","Ball Lightning"],"picked":"Melter","floor":21},{"not_picked":["Coolheaded","Sweeping Beam"],"picked":"Go for the Eyes","floor":22},{"not_picked":["Scrape+1","Steam","Heatsinks+1"],"picked":"SKIP","floor":28},{"not_picked":["Hyperbeam","Chaos","Go for the Eyes"],"picked":"SKIP","floor":31}],"player_experience":281407,"relics_obtained":[{"floor":6,"key":"Strawberry"},{"floor":9,"key":"Shuriken"},{"floor":26,"key":"Omamori"},{"floor":28,"key":"Centennial Puzzle"}],"event_choices":[{"event_name":"Liars Game","player_choice":"agreed","floor":3,"damage_taken":0},{"event_name":"Living Wall","player_choice":"Forget","floor":5,"damage_taken":0},{"event_name":"Back to Basics","player_choice":"Simplicity","floor":19,"damage_taken":0},{"event_name":"Forgotten Altar","player_choice":"Smashed Altar","floor":27,"damage_taken":0},{"event_name":"Addict","player_choice":"Obtained Relic","floor":29,"damage_taken":0}],"is_beta":false,"boss_relics":[{"not_picked":["Tiny House","Fusion Hammer"],"picked":"Velvet Choker"}],"items_purged_floors":[2],"is_endless":false,"potions_floor_spawned":[4,11,12,16,21,28],"killed_by":"Collector","ascension_level":6}