{"gold_per_floor":[118,131,131,131,186,186,197,197,250,250,279,308,308,308,308,408,408,427,427,454,235,165,165,182,182,182,216,230,230,230,249,249,345,345,363,363,376,376,376,376,410,410,433,433,459,459,459],"floor_reached":47,"playtime":3897,"items_purged":[],"score":666,"play_id":"cb247f51-9767-4bf9-bff6-655b45f4b64d","local_time":"20180827155228","is_ascension_mode":true,"campfire_choices":[{"data":"Buffer","floor":6,"key":"SMITH"},{"data":"Zap","floor":8,"key":"SMITH"},{"data":"Glacier","floor":10,"key":"SMITH"},{"floor":13,"key":"REST"},{"data":"Lockon","floor":15,"key":"SMITH"},{"data":"Panacea","floor":23,"key":"SMITH"},{"data":"Defragment","floor":25,"key":"SMITH"},{"floor":29,"key":"REST"},{"floor":32,"key":"REST"},{"data":"Seek","floor":40,"key":"SMITH"},{"floor":42,"key":"REST"},{"floor":46,"key":"REST"}],"neow_cost":"NONE","seed_source_timestamp":0,"circlet_count":0,"master_deck":["Strike_B","Strike_B","Strike_B","Strike_B","Defend_B","Defend_B","Defend_B+1","Zap+1","Dualcast","Buffer+1","Undo","Lockon+1","Glacier+1","Hologram","Steam","Chill","Doom and Gloom+1","Seek+1","Barrage","Blizzard","Panacea+1","Cold Snap","Defragment+1","Rip and Tear","Cold Snap+1","Go for the Eyes","Self Repair","Rainbow","Capacitor+1","Madness","Madness","Panacea","Force Field+1","Conserve Battery+1"],"special_seed":0,"relics":["Cracked Core","Lantern","Tiny Chest","Juzu Bracelet","Symbiotic Virus","Odd Mushroom","Philosopher\u0027s Stone","MutagenicStrength","Happy Flower","Smiling Mask","Art of War","Nuclear Battery","Dead Branch","Frozen Egg 2","Anchor","Omamori"],"potions_floor_usage":[11,16,33],"damage_taken":[{"damage":12.0,"enemies":"Small Slimes","floor":1.0,"turns":3.0},{"damage":0.0,"enemies":"Cultist","floor":2.0,"turns":5.0},{"damage":2,"enemies":"Jaw Worm","floor":7,"turns":4},{"damage":23,"enemies":"Gremlin Nob","floor":11,"turns":6},{"damage":1,"enemies":"The Mushroom Lair","floor":12,"turns":5},{"damage":1,"enemies":"Hexaghost","floor":16,"turns":8},{"damage":6,"enemies":"2 Thieves","floor":18,"turns":4},{"damage":0,"enemies":"Chosen","floor":24,"turns":4},{"damage":27,"enemies":"Slavers","floor":27,"turns":5},{"damage":21,"enemies":"Snake Plant","floor":28,"turns":3},{"damage":0,"enemies":"Snecko","floor":31,"turns":7},{"damage":5,"enemies":"Champ","floor":33,"turns":11},{"damage":0,"enemies":"Flame Bruiser 1 Orb","floor":35,"turns":6},{"damage":0,"enemies":"Orb Walker","floor":37,"turns":2},{"damage":0,"enemies":"Mind Bloom Boss Battle","floor":38,"turns":10},{"damage":45,"enemies":"Nemesis","floor":41,"turns":9},{"damage":21,"enemies":"2 Orb Walkers","floor":45,"turns":5},{"damage":60,"enemies":"Mysterious Sphere","floor":47,"turns":3}],"seed_played":"-2337465185910234046","potions_obtained":[{"floor":1.0,"key":"SmokeBomb"},{"floor":2.0,"key":"PowerPotion"},{"floor":7,"key":"PowerPotion"},{"floor":11,"key":"FocusPotion"},{"floor":16,"key":"Swift Potion"},{"floor":24,"key":"SteroidPotion"},{"floor":33,"key":"AttackPotion"},{"floor":38,"key":"Dexterity Potion"}],"is_trial":false,"path_per_floor":["M","M","?","?","T","R","M","R","T","R","E","?","R","?","R","B",null,"M","?","T","$","$","R","M","R","T","E","M","R","?","M","R","B",null,"M","?","M","?","?","R","E","R","T","?","E","R"],"character_chosen":"DEFECT","items_purchased":["Blizzard","Panacea","Cold Snap","Defragment"],"campfire_rested":5,"item_purchase_floors":[21,21,21,22],"current_hp_per_floor":[56,56,56,44,44,44,42,42,42,42,26,25,47,32,32,31,64,58,58,58,58,58,58,58,58,58,31,10,32,32,32,54,56,70,75,66,66,73,68,68,30,52,52,52,38,60,0],"gold":459,"neow_bonus":"ONE_RANDOM_RARE_CARD","is_prod":false,"is_daily":false,"chose_seed":false,"campfire_upgraded":7,"win_rate":0,"timestamp":1535399548,"path_taken":["M","M","?","?","?","R","M","R","T","R","E","?","R","?","R","BOSS","M","?","?","?","$","R","M","R","T","E","M","R","?","M","R","BOSS","M","?","M","?","?","R","E","R","T","?","E","R","?"],"build_version":"2018-08-23v2","purchased_purges":0,"victory":false,"max_hp_per_floor":[75,75,75,75,75,75,75,75,75,75,75,75,75,75,75,75,75,75,75,75,75,75,75,75,75,75,75,75,75,75,75,75,75,75,75,75,75,75,75,75,75,75,75,75,75,75,75],"card_choices":[{"not_picked":["Cold Snap","Defragment"],"picked":"Undo","floor":1.0},{"not_picked":["Hello World","Skim"],"picked":"Lockon","floor":2.0},{"not_picked":["Barrage","Compile Driver"],"picked":"Steam","floor":7},{"not_picked":["Stack","Creative AI"],"picked":"Chill","floor":11},{"not_picked":["Rebound","Barrage"],"picked":"Doom and Gloom","floor":12},{"not_picked":["All For One","Biased Cognition"],"picked":"Seek","floor":16},{"not_picked":["Gash","Streamline"],"picked":"Barrage","floor":18},{"not_picked":["Conserve Battery","Beam Cell"],"picked":"Rip and Tear","floor":24},{"not_picked":["Fission","Consume+1"],"picked":"Cold Snap+1","floor":27},{"not_picked":["Leap","Gash"],"picked":"Go for the Eyes","floor":28},{"not_picked":["Compile Driver","Rip and Tear"],"picked":"Self Repair","floor":31},{"not_picked":["Core Surge","Fission"],"picked":"Rainbow","floor":33},{"not_picked":["Leap+1","Redo+1"],"picked":"Capacitor+1","floor":35},{"not_picked":["Stack","Aggregate","Skim+1"],"picked":"SKIP","floor":37},{"not_picked":["Jack Of All Trades","Deep Breath"],"picked":"Panacea","floor":39},{"not_picked":["BootSequence+1","Steam+1"],"picked":"Force Field+1","floor":41},{"not_picked":["Genetic Algorithm","Coolheaded"],"picked":"Conserve Battery+1","floor":45}],"player_experience":309302,"relics_obtained":[{"floor":5,"key":"Tiny Chest"},{"floor":9,"key":"Juzu Bracelet"},{"floor":11,"key":"Symbiotic Virus"},{"floor":12,"key":"Odd Mushroom"},{"floor":20,"key":"Happy Flower"},{"floor":26,"key":"Smiling Mask"},{"floor":27,"key":"Art of War"},{"floor":38,"key":"Dead Branch"},{"floor":41,"key":"Frozen Egg 2"},{"floor":43,"key":"Anchor"},{"floor":45,"key":"Omamori"}],"event_choices":[{"event_name":"Match and Keep!","player_choice":"2 cards matched","floor":3,"damage_taken":0},{"event_name":"Scrap Ooze","player_choice":"success","floor":4,"damage_taken":12},{"event_name":"Mushrooms","player_choice":"Fought Mushrooms","floor":12,"damage_taken":0},{"event_name":"Shining Light","player_choice":"Entered Light","floor":14,"damage_taken":0},{"event_name":"Drug Dealer","player_choice":"Inject Mutagens","floor":19,"damage_taken":0},{"event_name":"Bonfire Elementals","player_choice":"BASIC","floor":30,"damage_taken":0},{"event_name":"Winding Halls","player_choice":"Embrace Madness","floor":36,"damage_taken":0},{"event_name":"MindBloom","player_choice":"Fight","floor":38,"damage_taken":0},{"event_name":"SensoryStone","player_choice":"Memory 2","floor":39,"damage_taken":0},{"event_name":"Tomb of Lord Red Mask","player_choice":"Ignored","floor":44,"damage_taken":0},{"event_name":"Mysterious Sphere","player_choice":"Fight","floor":47,"damage_taken":0}],"is_beta":false,"boss_relics":[{"not_picked":["Black Star","Snecko Eye"],"picked":"Philosopher\u0027s Stone"},{"not_picked":["Velvet Choker","Coffee Dripper"],"picked":"Nuclear Battery"}],"items_purged_floors":[],"is_endless":false,"potions_floor_spawned":[1,2,7,11,16,24,33,38,41],"killed_by":"Mysterious Sphere","ascension_level":7}