{"gold_per_floor":[119,131,131,131,206,206,241,241,287,314,156,169,201,201,201,303,303,315,415,373,373,384,384,23,23,23,23,38,50,8,8,8,110,110,128,180,180,180,24,24,24,24,24,37,37,37,37,47,47,47],"floor_reached":51,"playtime":841,"items_purged":[],"score":680,"play_id":"fbb706c6-b780-41d1-b6d8-1fad58f74ffb","local_time":"20181109143955","is_ascension_mode":false,"campfire_choices":[{"data":"Bash","floor":6.0,"key":"SMITH"},{"data":"Perfected Strike","floor":8.0,"key":"SMITH"},{"floor":15.0,"key":"REST"},{"data":"Demon Form","floor":23.0,"key":"SMITH"},{"data":"Uppercut","floor":27.0,"key":"SMITH"},{"data":"Perfected Strike","floor":32.0,"key":"SMITH"},{"data":"Armaments","floor":40.0,"key":"SMITH"},{"data":"Armaments","floor":42.0,"key":"SMITH"},{"data":"Havoc","floor":45.0,"key":"SMITH"},{"data":"Panache","floor":46.0,"key":"SMITH"},{"data":"Warcry","floor":47.0,"key":"SMITH"},{"data":"Perfected Strike","floor":49.0,"key":"SMITH"}],"neow_cost":"NONE","seed_source_timestamp":493713128225515,"circlet_count":0,"master_deck":["Strike_R+1","Strike_R+1","Strike_R+1","Strike_R+1","Strike_R+1","Defend_R+1","Defend_R+1","Defend_R+1","Defend_R+1","Bash+1","Perfected Strike+1","Sword Boomerang","Shockwave+1","Twin Strike","Offering","Shrug It Off","Uppercut+1","Clash","Demon Form+1","Armaments+1","Shrug It Off","Warcry+1","Perfected Strike+1","Havoc+1","Shrug It Off","Fiend Fire","Armaments+1","Armaments+1","Panache+1","Perfected Strike+1"],"special_seed":0,"relics":["Burning Blood","Juzu Bracelet","The Courier","Dodecahedron","War Paint","Pear","Ancient Tea Set","Darkstone Periapt","Runic Dome","Charon\u0027s Ashes","Orichalcum","Happy Flower","Bag of Marbles","Paper Frog","Smiling Mask","Busted Crown","WingedGreaves","Strawberry"],"potions_floor_usage":[50],"damage_taken":[{"damage":6.0,"enemies":"Cultist","floor":1.0,"turns":3.0},{"damage":8.0,"enemies":"2 Louse","floor":2.0,"turns":3.0},{"damage":20.0,"enemies":"Gremlin Nob","floor":7.0,"turns":4.0},{"damage":28.0,"enemies":"3 Sentries","floor":10.0,"turns":6.0},{"damage":3.0,"enemies":"Small Slimes","floor":12.0,"turns":2.0},{"damage":19.0,"enemies":"Lagavulin","floor":13.0,"turns":4.0},{"damage":51.0,"enemies":"The Guardian","floor":16.0,"turns":11.0},{"damage":13.0,"enemies":"Shell Parasite","floor":18.0,"turns":3.0},{"damage":16.0,"enemies":"3 Byrds","floor":22.0,"turns":5.0},{"damage":6.0,"enemies":"3 Cultists","floor":28.0,"turns":4.0},{"damage":6.0,"enemies":"Centurion and Healer","floor":29.0,"turns":3.0},{"damage":55.0,"enemies":"Champ","floor":33.0,"turns":8.0},{"damage":11.0,"enemies":"3 Darklings","floor":35.0,"turns":3.0},{"damage":6.0,"enemies":"2 Orb Walkers","floor":36.0,"turns":3.0},{"damage":0.0,"enemies":"Orb Walker","floor":44.0,"turns":3.0},{"damage":22.0,"enemies":"Jaw Worm Horde","floor":48.0,"turns":3.0},{"damage":40,"enemies":"Time Eater","floor":50,"turns":7}],"seed_played":"-2555129100306008082","potions_obtained":[{"floor":1.0,"key":"SneckoOil"},{"floor":10.0,"key":"SteroidPotion"},{"floor":16.0,"key":"PowerPotion"},{"floor":36.0,"key":"Dexterity Potion"}],"is_trial":false,"path_per_floor":["M","M","?","?","?","R","E","R","T","E","$","M","E","T","R","B",null,"M","?","$","T","M","R","$","?","T","R","M","M","$","?","R","B",null,"M","?","?","?","$","R","$","R","T","M","R","R","R","M","R","B",null],"character_chosen":"IRONCLAD","items_purchased":["Offering","Shrug It Off","Shrug It Off","Orichalcum","Happy Flower","Bag of Marbles","Shrug It Off","Panache"],"campfire_rested":1,"item_purchase_floors":[11,11,20,24,24,24,30,39],"current_hp_per_floor":[80,78,83,71,60,60,46,46,46,34,34,37,24,24,52,7,95,88,88,88,88,78,78,78,78,78,78,78,78,78,78,78,29,95,90,90,90,80,80,80,80,80,87,93,93,93,93,77,77,43],"gold":47,"neow_bonus":"RANDOM_COMMON_RELIC","is_prod":false,"is_daily":false,"chose_seed":false,"campfire_upgraded":11,"win_rate":0,"timestamp":1541799595,"path_taken":["M","M","?","?","?","R","E","R","T","E","$","M","E","?","R","BOSS","M","?","?","?","M","R","$","?","T","R","M","M","$","?","R","BOSS","M","?","?","?","$","R","$","R","T","M","R","R","R","M","R","BOSS"],"build_version":"2018-11-08","purchased_purges":0,"victory":true,"max_hp_per_floor":[80,80,85,85,85,85,85,85,85,95,95,95,95,95,95,95,95,95,95,95,95,95,95,95,95,95,95,95,95,95,95,95,95,95,95,95,90,90,90,90,90,90,97,97,97,97,97,97,97,97],"card_choices":[{"not_picked":["Wild Strike","Infernal Blade"],"picked":"Perfected Strike","floor":1.0},{"not_picked":["Blood for Blood","Cleave"],"picked":"Sword Boomerang","floor":2.0},{"not_picked":["Heavy Blade","Double Tap"],"picked":"Shockwave","floor":7.0},{"not_picked":["Havoc","Hemokinesis"],"picked":"Twin Strike","floor":10.0},{"not_picked":["Power Through","Hemokinesis"],"picked":"Uppercut","floor":12.0},{"not_picked":["Thunderclap","Dual Wield"],"picked":"Clash","floor":13.0},{"not_picked":["Offering","Reaper"],"picked":"Demon Form","floor":16.0},{"not_picked":["Dropkick","Thunderclap"],"picked":"Armaments","floor":18.0},{"not_picked":["Cleave+1","Havoc"],"picked":"Warcry","floor":22.0},{"not_picked":["Armaments","Clash"],"picked":"Perfected Strike","floor":28.0},{"not_picked":["Warcry","Headbutt"],"picked":"Havoc","floor":29.0},{"not_picked":["Berserk","Immolate"],"picked":"Fiend Fire","floor":33.0},{"not_picked":[],"picked":"Armaments","floor":35.0},{"not_picked":[],"picked":"Armaments+1","floor":36.0},{"not_picked":["Havoc"],"picked":"SKIP","floor":44.0},{"not_picked":[],"picked":"Perfected Strike","floor":48.0}],"player_experience":960036,"relics_obtained":[{"floor":7.0,"key":"Dodecahedron"},{"floor":9.0,"key":"War Paint"},{"floor":10.0,"key":"Pear"},{"floor":13.0,"key":"Ancient Tea Set"},{"floor":14.0,"key":"Darkstone Periapt"},{"floor":21.0,"key":"Charon\u0027s Ashes"},{"floor":26.0,"key":"Paper Frog"},{"floor":36.0,"key":"WingedGreaves"},{"floor":43.0,"key":"Strawberry"}],"event_choices":[{"damage_healed":0.0,"max_hp_gain":5.0,"max_hp_loss":0.0,"gold_gain":0.0,"event_name":"Big Fish","player_choice":"Donut","floor":3.0,"gold_loss":0.0,"damage_taken":0.0},{"damage_healed":0.0,"max_hp_gain":0.0,"max_hp_loss":0.0,"gold_gain":0.0,"event_name":"Scrap Ooze","player_choice":"Success","floor":4.0,"gold_loss":0.0,"damage_taken":12.0,"relics_obtained":["The Courier"]},{"damage_healed":0.0,"max_hp_gain":0.0,"max_hp_loss":0.0,"gold_gain":75.0,"event_name":"World of Goop","player_choice":"Gather Gold","floor":5.0,"gold_loss":0.0,"damage_taken":11.0},{"damage_healed":0.0,"max_hp_gain":0.0,"max_hp_loss":0.0,"gold_gain":100.0,"event_name":"Golden Shrine","player_choice":"Pray","floor":19.0,"gold_loss":0.0,"damage_taken":0.0},{"damage_healed":0.0,"max_hp_gain":0.0,"max_hp_loss":0.0,"gold_gain":0.0,"event_name":"Back to Basics","player_choice":"Simplicity","floor":25.0,"gold_loss":0.0,"damage_taken":0.0,"cards_upgraded":["Strike_R","Strike_R","Strike_R","Strike_R","Strike_R","Defend_R","Defend_R","Defend_R"]},{"damage_healed":0.0,"max_hp_gain":0.0,"max_hp_loss":0.0,"gold_gain":0.0,"event_name":"WeMeetAgain","player_choice":"Gave Potion","floor":31.0,"gold_loss":0.0,"damage_taken":0.0,"relics_obtained":["Smiling Mask"]},{"damage_healed":0.0,"max_hp_gain":0.0,"max_hp_loss":0.0,"gold_gain":0.0,"event_name":"Mysterious Sphere","player_choice":"Fight","floor":36.0,"gold_loss":0.0,"damage_taken":0.0},{"damage_healed":0.0,"max_hp_gain":0.0,"max_hp_loss":5.0,"gold_gain":0.0,"event_name":"Winding Halls","player_choice":"Max HP","floor":37.0,"gold_loss":0.0,"damage_taken":0.0},{"damage_healed":0.0,"max_hp_gain":0.0,"max_hp_loss":0.0,"gold_gain":0.0,"event_name":"SensoryStone","player_choice":"Memory 3","floor":38.0,"gold_loss":0.0,"damage_taken":10.0}],"is_beta":true,"boss_relics":[{"not_picked":["Lizard Tail","White Beast Statue"],"picked":"Runic Dome"},{"not_picked":["Black Star","Astrolabe"],"picked":"Busted Crown"}],"items_purged_floors":[],"is_endless":false,"potions_floor_spawned":[1,10,16,18,22,36,44,48],"ascension_level":0}