{"gold_per_floor":[368,2,2,12,12,12,23,23,71,82,82,115,3,20,20,94,94,109,109,109,109,123,157,157,184,208,233,266,316,316,341,341,415,415,433,433,433,445,395,427,5,30,30,58,74,108,108,119,119,119,119,119,119,7,42,42],"floor_reached":57,"playtime":5046,"items_purged":[],"score":3434,"play_id":"9d9dc928-5f21-4fe3-a55d-3e2e83c8015a","local_time":"20190426205905","is_ascension_mode":true,"campfire_choices":[{"data":"Zap","floor":6,"key":"SMITH"},{"data":"Dualcast","floor":8,"key":"SMITH"},{"data":"Sweeping Beam","floor":11,"key":"SMITH"},{"data":"Defragment","floor":15,"key":"SMITH"},{"floor":24,"key":"REST"},{"floor":32,"key":"RECALL"},{"floor":47,"key":"REST"},{"floor":49,"key":"REST"},{"floor":53,"key":"REST"}],"neow_cost":"TEN_PERCENT_HP_LOSS","seed_source_timestamp":351837467387353,"circlet_count":0,"master_deck":["AscendersBane","Strike_B+1","Strike_B+1","Strike_B+1","Defend_B+1","Defend_B+1","Defend_B+1","Defend_B+1","Zap+1","Dualcast+1","Coolheaded+1","Glacier+1","Stack+1","Go for the Eyes+1","Coolheaded+1","Sweeping Beam+1","Hologram+1","Defragment+1","Conserve Battery+1","Seek+1","Core Surge","Hologram+1","Recycle+1","Double Energy+1","Hologram+1","Biased Cognition+1","Defragment+1","Ball Lightning","Darkness+1","Seek+1","Leap+1","Secret Technique+1","Master of Strategy+1","Violence+1","Conserve Battery+1","Consume+1","Skim+1","Cold Snap+1","Coolheaded+1","Coolheaded+1","Compile Driver+1","White Noise+1","Reinforced Body+1","Chill+1","Turbo+1","Redo+1"],"relics":["Cracked Core","Toxic Egg 2","Dream Catcher","Lantern","Fusion Hammer","Ancient Tea Set","Juzu Bracelet","Regal Pillow","Torii","Matryoshka","Inserter","Ornamental Fan","Pantograph","DataDisk","Anchor","Bottled Tornado","Happy Flower","Strawberry","Emotion Chip"],"potions_floor_usage":[16,23,28,33,40,42,45,46,51,56],"damage_taken":[{"damage":1,"enemies":"Cultist","floor":1,"turns":3},{"damage":0,"enemies":"Jaw Worm","floor":4,"turns":7},{"damage":4,"enemies":"2 Louse","floor":7,"turns":2},{"damage":0,"enemies":"Looter","floor":10,"turns":4},{"damage":7,"enemies":"Lagavulin","floor":12,"turns":8},{"damage":0,"enemies":"Lots of Slimes","floor":14,"turns":2},{"damage":0,"enemies":"Hexaghost","floor":16,"turns":10},{"damage":0,"enemies":"Chosen","floor":18,"turns":4},{"damage":4,"enemies":"2 Thieves","floor":22,"turns":4},{"damage":0,"enemies":"Book of Stabbing","floor":23,"turns":7},{"damage":11,"enemies":"Slavers","floor":25,"turns":3},{"damage":0,"enemies":"Gremlin Leader","floor":28,"turns":5},{"damage":1,"enemies":"Book of Stabbing","floor":31,"turns":7},{"damage":26,"enemies":"Champ","floor":33,"turns":17},{"damage":15,"enemies":"3 Shapes","floor":35,"turns":3},{"damage":10,"enemies":"Orb Walker","floor":38,"turns":3},{"damage":0,"enemies":"Nemesis","floor":40,"turns":7},{"damage":0,"enemies":"Reptomancer","floor":42,"turns":11},{"damage":0,"enemies":"Giant Head","floor":44,"turns":6},{"damage":0,"enemies":"Jaw Worm Horde","floor":45,"turns":3},{"damage":23,"enemies":"Reptomancer","floor":46,"turns":9},{"damage":0,"enemies":"Spire Growth","floor":48,"turns":4},{"damage":0,"enemies":"Donu and Deca","floor":50,"turns":11},{"damage":15,"enemies":"Awakened One","floor":51,"turns":11},{"damage":61,"enemies":"Shield and Spear","floor":55,"turns":9},{"damage":18,"enemies":"The Heart","floor":56,"turns":13}],"seed_played":"-1501964767295512274","potions_obtained":[{"floor":10,"key":"Strength Potion"},{"floor":12,"key":"PowerPotion"},{"floor":25,"key":"GamblersBrew"},{"floor":31,"key":"SpeedPotion"},{"floor":38,"key":"GamblersBrew"},{"floor":40,"key":"Block Potion"},{"floor":42,"key":"AttackPotion"},{"floor":46,"key":"SkillPotion"}],"is_trial":false,"path_per_floor":["M","$","?","M","?","R","M","R","T","M","R","E","$","M","R","B",null,"M","?","?","?","M","E","R","E","T","T","E","?","?","E","R","B",null,"M","?","?","M","?","E","$","E","T","E","M","E","R","M","R","B","B",null,"R","$","E","B",null],"character_chosen":"DEFECT","items_purchased":["Toxic Egg 2","Glacier+1","Stack+1","Defragment","Conserve Battery+1","Pantograph","Skim+1","Fire Potion","Turbo+1","SpeedPotion"],"campfire_rested":4,"item_purchase_floors":[2,2,2,13,13,41,41,41,54,54],"current_hp_per_floor":[63,63,44,44,44,44,40,40,40,40,40,33,33,33,33,33,56,56,56,56,39,35,35,55,44,44,44,44,44,44,43,43,17,56,41,31,69,59,59,59,59,59,59,59,59,43,76,76,76,76,61,72,76,76,15,22],"gold":42,"neow_bonus":"TWO_FIFTY_GOLD","is_prod":false,"is_daily":false,"chose_seed":false,"campfire_upgraded":4,"win_rate":0,"timestamp":1556326745,"path_taken":["M","$","?","M","?","R","?","R","T","M","R","E","?","?","R","BOSS","M","?","?","?","M","E","R","E","T","?","E","?","?","E","R","BOSS","M","?","?","M","?","E","?","E","T","E","M","E","R","M","R","BOSS","BOSS","R","$","E","BOSS"],"build_version":"2019-01-23","purchased_purges":0,"victory":true,"max_hp_per_floor":[64,64,64,64,64,64,64,64,64,64,64,64,64,64,64,64,64,64,64,64,69,69,69,69,69,69,69,69,69,69,69,69,69,69,69,69,69,69,69,69,69,69,69,69,69,76,76,76,76,76,76,76,76,76,76,76],"card_choices":[{"not_picked":["Turbo","Rip and Tear"],"picked":"Coolheaded","floor":1},{"not_picked":["Rip and Tear","Steam Power+1"],"picked":"Go for the Eyes","floor":4},{"not_picked":["Lockon","Compile Driver"],"picked":"Coolheaded+1","floor":7},{"not_picked":["Go for the Eyes","Streamline"],"picked":"Sweeping Beam","floor":10},{"not_picked":["Streamline","Aggregate+1"],"picked":"Hologram+1","floor":12},{"not_picked":["Hologram+1","Fusion+1"],"picked":"Seek+1","floor":14},{"not_picked":["All For One","Multi-Cast+1"],"picked":"Core Surge","floor":16},{"not_picked":["Chill+1","Leap+1"],"picked":"Hologram+1","floor":18},{"not_picked":["Fusion+1","Rip and Tear"],"picked":"Recycle+1","floor":22},{"not_picked":["Lockon","Reprogram+1"],"picked":"Double Energy+1","floor":23},{"not_picked":["Static Discharge","Stack+1"],"picked":"Hologram+1","floor":24},{"not_picked":["Cold Snap","Ball Lightning"],"picked":"Biased Cognition","floor":25},{"not_picked":["Tempest+1","Coolheaded+1"],"picked":"Defragment+1","floor":28},{"not_picked":["Reinforced Body+1","Conserve Battery+1"],"picked":"Darkness+1","floor":31},{"not_picked":["Machine Learning","Electrodynamics"],"picked":"Seek+1","floor":33},{"not_picked":["Rip and Tear","Go for the Eyes"],"picked":"Leap+1","floor":35},{"not_picked":["Madness+1","Swift Strike"],"picked":"Secret Technique+1","floor":36},{"not_picked":["Dramatic Entrance","Trip+1"],"picked":"Master of Strategy+1","floor":36},{"not_picked":["Madness+1","Forethought+1"],"picked":"Violence+1","floor":36},{"not_picked":["Steam+1","Compile Driver"],"picked":"Conserve Battery+1","floor":38},{"not_picked":["Lockon+1","Conserve Battery+1"],"picked":"Consume+1","floor":40},{"not_picked":["Streamline+1","Ball Lightning","Meteor Strike"],"picked":"SKIP","floor":42},{"not_picked":["Storm","Rebound"],"picked":"Cold Snap+1","floor":44},{"not_picked":["Redo+1","Turbo+1"],"picked":"Coolheaded+1","floor":45},{"not_picked":["Sweeping Beam","Streamline+1"],"picked":"Coolheaded+1","floor":46},{"not_picked":["Gash","Leap+1"],"picked":"Compile Driver+1","floor":47},{"not_picked":["Cold Snap","FTL"],"picked":"White Noise+1","floor":48},{"not_picked":["Melter","Compile Driver"],"picked":"Reinforced Body+1","floor":49},{"not_picked":["Blizzard","Lockon"],"picked":"Chill+1","floor":53},{"not_picked":["Steam+1","Double Energy+1"],"picked":"Redo+1","floor":55}],"player_experience":1968737,"relics_obtained":[{"floor":9,"key":"Dream Catcher"},{"floor":12,"key":"Lantern"},{"floor":23,"key":"Ancient Tea Set"},{"floor":25,"key":"Juzu Bracelet"},{"floor":27,"key":"Regal Pillow"},{"floor":28,"key":"Torii"},{"floor":31,"key":"Matryoshka"},{"floor":40,"key":"Ornamental Fan"},{"floor":42,"key":"DataDisk"},{"floor":43,"key":"Anchor"},{"floor":43,"key":"Bottled Tornado"},{"floor":44,"key":"Happy Flower"},{"floor":46,"key":"Strawberry"},{"floor":55,"key":"Emotion Chip"}],"event_choices":[{"damage_healed":0,"gold_gain":0,"player_choice":"Entered Light","damage_taken":19,"max_hp_gain":0,"max_hp_loss":0,"event_name":"Shining Light","floor":3,"gold_loss":0,"cards_upgraded":["Coolheaded","Strike_B"]},{"damage_healed":0,"gold_gain":0,"player_choice":"Grow","damage_taken":0,"max_hp_gain":0,"max_hp_loss":0,"event_name":"Living Wall","floor":5,"gold_loss":0,"cards_upgraded":["Go for the Eyes"]},{"damage_healed":0,"gold_gain":0,"player_choice":"Simplicity","damage_taken":0,"max_hp_gain":0,"max_hp_loss":0,"event_name":"Back to Basics","floor":19,"gold_loss":0,"cards_upgraded":["Strike_B","Strike_B","Strike_B","Defend_B","Defend_B","Defend_B","Defend_B"]},{"damage_healed":0,"gold_gain":0,"player_choice":"Ignored","damage_taken":0,"max_hp_gain":0,"max_hp_loss":0,"event_name":"Vampires","floor":20,"gold_loss":0},{"damage_healed":0,"gold_gain":0,"player_choice":"Shed Blood","damage_taken":22,"max_hp_gain":5,"max_hp_loss":0,"event_name":"Forgotten Altar","floor":21,"gold_loss":0},{"damage_healed":0,"gold_gain":50,"player_choice":"Stole From Cult","damage_taken":0,"max_hp_gain":0,"max_hp_loss":0,"event_name":"Nest","floor":29,"gold_loss":0},{"damage_healed":0,"gold_gain":0,"cards_transformed":["Strike_B"],"player_choice":"Transformed","damage_taken":0,"max_hp_gain":0,"max_hp_loss":0,"event_name":"Transmorgrifier","floor":30,"gold_loss":0,"cards_obtained":["Ball Lightning"]},{"damage_healed":0,"gold_gain":0,"player_choice":"Memory 3","damage_taken":10,"max_hp_gain":0,"max_hp_loss":0,"event_name":"SensoryStone","floor":36,"gold_loss":0},{"damage_healed":38,"gold_gain":0,"player_choice":"Full Heal","damage_taken":0,"max_hp_gain":0,"max_hp_loss":0,"event_name":"Wheel of Change","floor":37,"gold_loss":0},{"damage_healed":0,"gold_gain":0,"player_choice":"Upgrade","damage_taken":0,"max_hp_gain":0,"max_hp_loss":0,"event_name":"Designer","floor":39,"gold_loss":50,"cards_upgraded":["Biased Cognition"]}],"is_beta":false,"boss_relics":[{"not_picked":["Runic Dome","Philosopher\u0027s Stone"],"picked":"Fusion Hammer"},{"not_picked":["Orrery","Calling Bell"],"picked":"Inserter"}],"items_purged_floors":[],"is_endless":false,"potions_floor_spawned":[10,12,25,31,38,40,42,44,46],"ascension_level":20}