{"gold_per_floor":[116,135,135,135,147,147,177,177,200,200,275,40,40,69,69,148,148,160,160,160,160,160,160,180,180,253,284,284,234,234,159,159,236,236,247,301,311,323,323,323,342,356,381,410,410,22,57,71,71,71,71,71,71,21,50,50],"floor_reached":57,"playtime":3918,"items_purged":["Strike_B","Defend_B","Defend_B","Defend_B"],"score":2914,"play_id":"1cda4ea1-0214-4161-ac6a-6e6f49528a27","local_time":"20190510180901","is_ascension_mode":true,"campfire_choices":[{"data":"Go for the Eyes","floor":6,"key":"SMITH"},{"data":"Coolheaded","floor":8,"key":"SMITH"},{"data":"Ball Lightning","floor":10,"key":"SMITH"},{"data":"Defragment","floor":13,"key":"SMITH"},{"data":"Buffer","floor":15,"key":"SMITH"},{"floor":23,"key":"REST"},{"data":"Consume","floor":28,"key":"SMITH"},{"floor":30,"key":"REST"},{"data":"Buffer","floor":32,"key":"SMITH"},{"floor":40,"key":"RECALL"},{"floor":45,"key":"REST"},{"floor":49,"key":"REST"},{"floor":53,"key":"REST"}],"neow_cost":"NONE","seed_source_timestamp":288884960201432,"circlet_count":0,"master_deck":["AscendersBane","Zap+1","Dualcast","Ball Lightning+1","Go for the Eyes+1","Coolheaded+1","Defragment+1","Coolheaded","Doom and Gloom","Buffer+1","Electrodynamics","Chill","Consume+1","Buffer+1","Steam","Machine Learning","Loop","Seek"],"relics":["Cracked Core","Turnip","Bronze Scales","Smiling Mask","Bag of Marbles","Inserter","Nilry\u0027s Codex","DataDisk","Bag of Preparation","Fusion Hammer","Bird Faced Urn","PreservedInsect","Oddly Smooth Stone","Mummified Hand","Potion Belt","Orichalcum","Ginger","Incense Burner"],"potions_floor_usage":[7,18,36,56,56,56,56],"damage_taken":[{"damage":0,"enemies":"Cultist","floor":1,"turns":3},{"damage":0,"enemies":"2 Louse","floor":2,"turns":2},{"damage":4,"enemies":"Jaw Worm","floor":5,"turns":3},{"damage":14,"enemies":"3 Sentries","floor":7,"turns":7},{"damage":1,"enemies":"Lagavulin","floor":14,"turns":5},{"damage":8,"enemies":"The Guardian","floor":16,"turns":9},{"damage":11,"enemies":"Shell Parasite","floor":18,"turns":5},{"damage":0,"enemies":"3 Byrds","floor":24,"turns":2},{"damage":14,"enemies":"Book of Stabbing","floor":27,"turns":4},{"damage":0,"enemies":"Automaton","floor":33,"turns":11},{"damage":0,"enemies":"Orb Walker","floor":35,"turns":4},{"damage":20,"enemies":"2 Orb Walkers","floor":36,"turns":4},{"damage":0,"enemies":"3 Darklings","floor":37,"turns":6},{"damage":0,"enemies":"Spire Growth","floor":38,"turns":10},{"damage":4,"enemies":"Jaw Worm Horde","floor":41,"turns":3},{"damage":0,"enemies":"3 Darklings","floor":42,"turns":5},{"damage":0,"enemies":"Giant Head","floor":44,"turns":11},{"damage":0,"enemies":"Nemesis","floor":47,"turns":11},{"damage":0,"enemies":"Spire Growth","floor":48,"turns":10},{"damage":35,"enemies":"Awakened One","floor":50,"turns":20},{"damage":0,"enemies":"Time Eater","floor":51,"turns":15},{"damage":34,"enemies":"Shield and Spear","floor":55,"turns":6},{"damage":22,"enemies":"The Heart","floor":56,"turns":11}],"seed_played":"-6310014643685214545","potions_obtained":[{"floor":2,"key":"Block Potion"},{"floor":7,"key":"SteroidPotion"},{"floor":14,"key":"Weak Potion"},{"floor":27,"key":"Fire Potion"},{"floor":42,"key":"Ancient Potion"},{"floor":47,"key":"Swift Potion"},{"floor":48,"key":"FocusPotion"}],"is_trial":false,"path_per_floor":["M","M","T","?","M","R","E","R","T","R","?","$","R","E","R","B",null,"M","?","?","?","?","R","M","?","T","E","R","$","R","?","R","B",null,"M","?","M","M","?","R","M","M","T","E","R","$","E","M","R","B","B",null,"R","$","E","B",null],"character_chosen":"DEFECT","items_purchased":["Defragment","Coolheaded","Doom and Gloom","Potion Belt","Orichalcum"],"campfire_rested":5,"item_purchase_floors":[12,12,12,46,46],"current_hp_per_floor":[64,64,64,64,60,60,46,46,46,46,35,35,35,34,34,26,60,49,29,8,8,8,30,30,30,30,16,16,16,38,38,38,38,67,67,47,63,76,76,76,74,76,76,76,76,76,76,76,76,76,76,76,76,76,50,46],"gold":50,"neow_bonus":"UPGRADE_CARD","is_prod":false,"is_daily":false,"chose_seed":false,"campfire_upgraded":7,"win_rate":0,"timestamp":1557536941,"path_taken":["M","M","?","?","?","R","E","R","T","R","?","$","R","E","R","BOSS","M","?","?","?","?","R","?","?","T","E","R","$","R","?","R","BOSS","M","?","M","M","?","R","M","M","T","E","R","$","E","M","R","BOSS","BOSS","R","$","E","BOSS"],"build_version":"2019-05-07","purchased_purges":4,"victory":true,"max_hp_per_floor":[71,71,71,71,71,71,71,71,71,71,71,71,71,71,71,71,71,71,76,76,76,76,76,76,76,76,76,76,76,76,76,76,76,76,76,76,76,76,76,76,76,76,76,76,76,76,76,76,76,76,76,76,76,76,76,76],"card_choices":[{"not_picked":["Hologram","Gash"],"picked":"Ball Lightning","floor":1},{"not_picked":["Streamline","Reboot"],"picked":"Go for the Eyes","floor":2},{"not_picked":["Loop","Ball Lightning"],"picked":"Coolheaded","floor":5},{"not_picked":["Recycle","Gash"],"picked":"Cold Snap","floor":7},{"not_picked":["Leap","Barrage"],"picked":"Buffer","floor":14},{"not_picked":["Meteor Strike","Amplify"],"picked":"Electrodynamics","floor":16},{"not_picked":["Leap","Sweeping Beam"],"picked":"Chill","floor":18},{"not_picked":["Capacitor","Ball Lightning"],"picked":"Steam","floor":24},{"not_picked":["Rebound","Turbo","Thunder Strike"],"picked":"SKIP","floor":27},{"not_picked":["Reboot","Hyperbeam"],"picked":"Machine Learning","floor":33},{"not_picked":["Stack","Cold Snap","Rebound"],"picked":"SKIP","floor":35},{"not_picked":["Ball Lightning","Sweeping Beam"],"picked":"Loop","floor":37},{"not_picked":["Tempest","Melter","Beam Cell+1"],"picked":"SKIP","floor":38},{"not_picked":["Conserve Battery","Streamline","Recycle+1"],"picked":"SKIP","floor":41},{"not_picked":["Fusion+1","Chaos","Conserve Battery"],"picked":"SKIP","floor":42},{"not_picked":["Blizzard","Redo","Cold Snap"],"picked":"SKIP","floor":44},{"not_picked":["Aggregate","Stack+1","Heatsinks"],"picked":"SKIP","floor":47},{"not_picked":["Melter+1","Reinforced Body","FTL"],"picked":"SKIP","floor":48},{"not_picked":["Lockon","Recycle+1"],"picked":"Seek","floor":55}],"player_experience":6346071,"relics_obtained":[{"floor":3,"key":"Turnip"},{"floor":7,"key":"Bronze Scales"},{"floor":9,"key":"Smiling Mask"},{"floor":14,"key":"Bag of Marbles"},{"floor":20,"key":"Nilry\u0027s Codex"},{"floor":22,"key":"DataDisk"},{"floor":27,"key":"Bag of Preparation"},{"floor":36,"key":"Bird Faced Urn"},{"floor":43,"key":"Oddly Smooth Stone"},{"floor":44,"key":"Mummified Hand"},{"floor":47,"key":"Ginger"},{"floor":55,"key":"Incense Burner"}],"event_choices":[{"cards_removed":["Strike_B"],"damage_healed":0,"gold_gain":0,"player_choice":"Offered Basic","damage_taken":0,"max_hp_gain":0,"max_hp_loss":0,"event_name":"Bonfire Elementals","floor":4,"gold_loss":0},{"damage_healed":0,"gold_gain":75,"player_choice":"Gather Gold","damage_taken":11,"max_hp_gain":0,"max_hp_loss":0,"event_name":"World of Goop","floor":11,"gold_loss":0},{"damage_healed":0,"gold_gain":0,"player_choice":"Shed Blood","damage_taken":25,"max_hp_gain":5,"max_hp_loss":0,"event_name":"Forgotten Altar","floor":19,"gold_loss":0},{"damage_healed":0,"gold_gain":0,"player_choice":"Obtained Book","damage_taken":21,"max_hp_gain":0,"max_hp_loss":0,"event_name":"Cursed Tome","floor":20,"gold_loss":0},{"damage_healed":0,"gold_gain":0,"cards_transformed":["Strike_B","Strike_B"],"player_choice":"Became Test Subject","damage_taken":0,"max_hp_gain":0,"max_hp_loss":0,"event_name":"Drug Dealer","floor":21,"gold_loss":0,"cards_obtained":["Consume","Buffer"]},{"damage_healed":0,"gold_gain":0,"player_choice":"Relic","damage_taken":0,"max_hp_gain":0,"max_hp_loss":0,"event_name":"Wheel of Change","floor":22,"gold_loss":0},{"damage_healed":0,"gold_gain":0,"player_choice":"Ignored","damage_taken":0,"max_hp_gain":0,"max_hp_loss":0,"event_name":"The Mausoleum","floor":25,"gold_loss":0},{"cards_removed":["Defend_B"],"damage_healed":0,"gold_gain":0,"player_choice":"Gave Gold","damage_taken":0,"max_hp_gain":0,"max_hp_loss":0,"event_name":"Beggar","floor":31,"gold_loss":75},{"damage_healed":0,"gold_gain":0,"player_choice":"Fight","damage_taken":0,"max_hp_gain":0,"max_hp_loss":0,"event_name":"Mysterious Sphere","floor":36,"gold_loss":0},{"cards_removed":["Cold Snap"],"damage_healed":0,"gold_gain":0,"player_choice":"Gave Card","damage_taken":0,"relics_obtained":["PreservedInsect"],"max_hp_gain":0,"max_hp_loss":0,"event_name":"WeMeetAgain","floor":39,"gold_loss":0}],"is_beta":true,"boss_relics":[{"not_picked":["Lizard Tail","Eternal Feather"],"picked":"Inserter"},{"not_picked":["Philosopher\u0027s Stone","Sozu"],"picked":"Fusion Hammer"}],"items_purged_floors":[12,29,46,54],"is_endless":false,"potions_floor_spawned":[2,7,14,27,42,47,48],"ascension_level":20}