{"gold_per_floor":[111,127,127,145,10,39,39,69,69,79,108,125,70,82,82,157,157,170,189,131,181,181,206,216,230,230,230,241,273,273,188,188,188],"floor_reached":33,"playtime":2531,"items_purged":[],"score":614,"play_id":"d6347743-b168-48f4-a65e-6bdd61f9ab86","local_time":"20190502223035","is_ascension_mode":true,"campfire_choices":[{"data":"Skewer","floor":7.0,"key":"SMITH"},{"floor":15.0,"key":"REST"},{"floor":27.0,"key":"REST"},{"floor":30.0,"key":"REST"},{"floor":32.0,"key":"REST"}],"neow_cost":"TEN_PERCENT_HP_LOSS","seed_source_timestamp":877761637342838,"circlet_count":0,"master_deck":["AscendersBane","Defend_G","Defend_G","Defend_G","Defend_G","Defend_G","Strike_G","Strike_G","Strike_G","Strike_G","Strike_G","Survivor","Neutralize","Cloak And Dagger","Skewer+1","Neutralize","Tools of the Trade","Caltrops","Crippling Poison","Finisher","Deadly Poison","Cloak And Dagger","Dagger Spray","Envenom","Predator+1","Dagger Spray","Necronomicurse","Blade Dance+1","Dodge and Roll+1","Underhanded Strike","After Image"],"special_seed":0,"relics":["Ring of the Snake","Thread and Needle","Pear","Pen Nib","Bottled Tornado","HoveringKite","Necronomicon","Lantern","Vajra","Snake Skull","Orichalcum"],"potions_floor_usage":[33],"damage_taken":[{"damage":0.0,"enemies":"2 Louse","floor":1.0,"turns":3.0},{"damage":2.0,"enemies":"Cultist","floor":2.0,"turns":5.0},{"damage":0.0,"enemies":"Jaw Worm","floor":4.0,"turns":5.0},{"damage":12.0,"enemies":"Gremlin Nob","floor":6.0,"turns":4.0},{"damage":41.0,"enemies":"Lagavulin","floor":8.0,"turns":8.0},{"damage":0.0,"enemies":"2 Fungi Beasts","floor":10.0,"turns":4.0},{"damage":10.0,"enemies":"Gremlin Nob","floor":11.0,"turns":4.0},{"damage":1.0,"enemies":"Looter","floor":12.0,"turns":3.0},{"damage":0.0,"enemies":"Exordium Wildlife","floor":14.0,"turns":3.0},{"damage":5.0,"enemies":"Hexaghost","floor":16.0,"turns":9.0},{"damage":1.0,"enemies":"3 Byrds","floor":18.0,"turns":5.0},{"damage":2.0,"enemies":"Chosen","floor":19.0,"turns":5.0},{"damage":11.0,"enemies":"Book of Stabbing","floor":23.0,"turns":3.0},{"damage":3.0,"enemies":"Snecko","floor":24.0,"turns":3.0},{"damage":3.0,"enemies":"Centurion and Healer","floor":25.0,"turns":6.0},{"damage":26.0,"enemies":"Snake Plant","floor":28.0,"turns":3.0},{"damage":6.0,"enemies":"Slavers","floor":29.0,"turns":5.0},{"damage":55,"enemies":"Collector","floor":33,"turns":6}],"seed_played":"-4103630535580254708","potions_obtained":[{"floor":8.0,"key":"PowerPotion"},{"floor":10.0,"key":"EssenceOfSteel"},{"floor":11.0,"key":"Poison Potion"},{"floor":14.0,"key":"LiquidBronze"},{"floor":16.0,"key":"LiquidBronze"},{"floor":18.0,"key":"PowerPotion"},{"floor":19.0,"key":"Strength Potion"},{"floor":24.0,"key":"Poison Potion"},{"floor":29.0,"key":"Swift Potion"}],"is_trial":false,"path_per_floor":["M","M","?","M","$","E","R","E","T","M","E","M","$","M","R","B",null,"M","M","$","?","?","E","M","M","T","R","M","E","R","?","R","B"],"character_chosen":"THE_SILENT","items_purchased":["Caltrops","FearPotion","Poison Potion","Dagger Spray"],"campfire_rested":4,"item_purchase_floors":[5,5,13,20],"current_hp_per_floor":[59,57,57,57,57,55,55,14,14,14,4,3,3,3,24,19,57,56,54,54,54,33,22,19,16,16,37,11,5,26,26,47,0],"gold":188,"neow_bonus":"ONE_RARE_RELIC","is_prod":false,"is_daily":false,"chose_seed":false,"campfire_upgraded":1,"win_rate":0,"timestamp":1556850635,"path_taken":["M","M","?","M","$","E","R","E","T","M","E","?","?","M","R","BOSS","M","M","$","?","?","E","M","M","T","R","M","E","R","?","R","BOSS"],"build_version":"2019-01-23","purchased_purges":0,"victory":false,"max_hp_per_floor":[60,60,60,60,60,70,70,70,70,70,70,70,70,70,70,70,70,70,70,70,70,70,70,70,70,70,70,70,70,70,70,70,70],"card_choices":[{"not_picked":["Sucker Punch","Deflect"],"picked":"Cloak And Dagger","floor":1.0},{"not_picked":["Quick Slash","Outmaneuver"],"picked":"Skewer","floor":2.0},{"not_picked":["Quick Slash","Deflect"],"picked":"Tools of the Trade","floor":4.0},{"not_picked":["Flying Knee","Finisher"],"picked":"Crippling Poison","floor":6.0},{"not_picked":["Reflex","Flying Knee"],"picked":"Finisher","floor":8.0},{"not_picked":["Quick Slash","PiercingWail"],"picked":"Deadly Poison","floor":10.0},{"not_picked":["Quick Slash","Deflect"],"picked":"Cloak And Dagger","floor":11.0},{"not_picked":["Bane","Outmaneuver"],"picked":"Dagger Spray","floor":12.0},{"not_picked":["Poisoned Stab","Dodge and Roll"],"picked":"Envenom","floor":14.0},{"not_picked":["Cloak And Dagger+1","Distraction"],"picked":"Predator+1","floor":18.0},{"not_picked":["Flying Knee","Dodge and Roll","Masterful Stab"],"picked":"SKIP","floor":19.0},{"not_picked":["Deflect","Deadly Poison"],"picked":"Blade Dance+1","floor":23.0},{"not_picked":["Acrobatics","Deadly Poison"],"picked":"Dodge and Roll+1","floor":24.0},{"not_picked":["Calculated Gamble","Deflect"],"picked":"Underhanded Strike","floor":25.0},{"not_picked":["Escape Plan","Dagger Throw","Sucker Punch"],"picked":"SKIP","floor":28.0},{"not_picked":["Dagger Spray","Reflex"],"picked":"After Image","floor":29.0}],"player_experience":2272669,"relics_obtained":[{"floor":6.0,"key":"Pear"},{"floor":8.0,"key":"Pen Nib"},{"floor":11.0,"key":"Bottled Tornado"},{"floor":22.0,"key":"Necronomicon"},{"floor":23.0,"key":"Lantern"},{"floor":26.0,"key":"Vajra"},{"floor":29.0,"key":"Snake Skull"}],"event_choices":[{"damage_healed":0.0,"max_hp_gain":0.0,"max_hp_loss":0.0,"gold_gain":0.0,"event_name":"Match and Keep!","player_choice":"1 cards matched","floor":3.0,"gold_loss":0.0,"damage_taken":0.0,"cards_obtained":["Neutralize"]},{"damage_healed":0.0,"max_hp_gain":0.0,"max_hp_loss":0.0,"gold_gain":50.0,"event_name":"Nest","player_choice":"Stole From Cult","floor":21.0,"gold_loss":0.0,"damage_taken":0.0},{"damage_healed":0.0,"max_hp_gain":0.0,"max_hp_loss":0.0,"gold_gain":0.0,"event_name":"Cursed Tome","player_choice":"Obtained Book","floor":22.0,"gold_loss":0.0,"damage_taken":21.0},{"damage_healed":0.0,"max_hp_gain":0.0,"max_hp_loss":0.0,"gold_gain":0.0,"event_name":"Addict","player_choice":"Obtained Relic","floor":31.0,"gold_loss":85.0,"damage_taken":0.0,"relics_obtained":["Orichalcum"]}],"is_beta":false,"boss_relics":[{"not_picked":["Ring of the Serpent","Astrolabe"],"picked":"HoveringKite"}],"items_purged_floors":[],"is_endless":false,"potions_floor_spawned":[8,10,11,14,16,18,19,24,29],"killed_by":"Collector","ascension_level":20}