{"gold_per_floor":[118,137,152,164,13,48,48,66,92,47,63,63,83,117,117,189,189,199,245,205,217,227,227,242,30,30,60,60,60,76,99,99,176,176,189,239,252,0,0,0,0],"floor_reached":41,"playtime":2530,"items_purged":["Strike_R"],"score":925,"play_id":"26d95e42-223e-4a84-88e1-5b8459faf1b7","local_time":"20190318014128","is_ascension_mode":true,"campfire_choices":[{"data":"Limit Break","floor":7,"key":"SMITH"},{"data":"Inflame","floor":12,"key":"SMITH"},{"floor":15,"key":"REST"},{"data":"Feed","floor":23,"key":"SMITH"},{"data":"Perfected Strike","floor":28,"key":"SMITH"},{"data":"Disarm","floor":32,"key":"SMITH"},{"data":"Bash","floor":40,"key":"SMITH"}],"neow_cost":"NONE","seed_source_timestamp":84820379010991,"circlet_count":0,"master_deck":["AscendersBane","Strike_R","Strike_R","Strike_R","Strike_R","Defend_R","Defend_R","Defend_R","Defend_R","Bash+1","Disarm+1","Pommel Strike","Perfected Strike+1","Limit Break+1","Inflame+1","Armaments+1","Burning Pact+1","Power Through+1","Shrug It Off+1","Armaments+1","Double Tap+1","Feed+1","Burning Pact+1","Flex+1","Disarm+1","Heavy Blade+1","Perfected Strike+1","Reaper+1","Twin Strike+1","True Grit+1"],"relics":["Burning Blood","Toxic Egg 2","Potion Belt","Regal Pillow","Coffee Dripper","Omamori","Oddly Smooth Stone","Molten Egg 2","Blood Vial","Art of War","Velvet Choker","Red Mask"],"potions_floor_usage":[6,8,14,16,16,21,24,27,29,33,41,41],"damage_taken":[{"damage":2,"enemies":"Cultist","floor":1,"turns":4},{"damage":5,"enemies":"Small Slimes","floor":2,"turns":4},{"damage":5,"enemies":"Jaw Worm","floor":3,"turns":5},{"damage":9,"enemies":"2 Fungi Beasts","floor":4,"turns":3},{"damage":54,"enemies":"3 Sentries","floor":6,"turns":8},{"damage":0,"enemies":"Lots of Slimes","floor":8,"turns":3},{"damage":6,"enemies":"Looter","floor":11,"turns":4},{"damage":11,"enemies":"Blue Slaver","floor":13,"turns":4},{"damage":24,"enemies":"Gremlin Nob","floor":14,"turns":4},{"damage":5,"enemies":"The Guardian","floor":16,"turns":10},{"damage":13,"enemies":"Spheric Guardian","floor":18,"turns":6},{"damage":31,"enemies":"Chosen","floor":21,"turns":6},{"damage":0,"enemies":"Centurion and Healer","floor":22,"turns":5},{"damage":0,"enemies":"Chosen and Byrds","floor":24,"turns":7},{"damage":65,"enemies":"Slavers","floor":27,"turns":7},{"damage":0,"enemies":"Cultist and Chosen","floor":29,"turns":3},{"damage":7,"enemies":"Snake Plant","floor":30,"turns":5},{"damage":21,"enemies":"Champ","floor":33,"turns":12},{"damage":56,"enemies":"3 Darklings","floor":35,"turns":7},{"damage":2,"enemies":"3 Shapes","floor":37,"turns":18},{"damage":113,"enemies":"Reptomancer","floor":41,"turns":8}],"seed_played":"7668713335460606778","potions_obtained":[{"floor":3,"key":"FearPotion"},{"floor":6,"key":"AttackPotion"},{"floor":11,"key":"Fire Potion"},{"floor":13,"key":"LiquidBronze"},{"floor":14,"key":"SpeedPotion"},{"floor":20,"key":"SmokeBomb"},{"floor":20,"key":"PowerPotion"},{"floor":20,"key":"Strength Potion"},{"floor":21,"key":"Poison Potion"},{"floor":30,"key":"Dexterity Potion"},{"floor":33,"key":"SpeedPotion"},{"floor":37,"key":"Fire Potion"}],"is_trial":false,"path_per_floor":["M","M","M","M","$","E","R","M","T","$","M","R","M","E","R","B",null,"M","T","?","M","M","R","M","$","T","E","R","M","M","T","R","B",null,"M","?","M","?","?","R","E"],"character_chosen":"IRONCLAD","items_purchased":["Inflame","Power Through+1","Disarm+1","Oddly Smooth Stone"],"campfire_rested":1,"item_purchase_floors":[5,10,25,25],"current_hp_per_floor":[79,80,81,78,78,30,30,36,36,36,36,36,31,13,52,53,75,72,72,72,51,60,60,70,70,70,11,11,23,28,28,28,15,83,51,41,105,105,105,105,0],"gold":0,"neow_bonus":"TEN_PERCENT_HP_BONUS","is_prod":false,"is_daily":false,"chose_seed":false,"campfire_upgraded":6,"win_rate":0,"timestamp":1552887688,"path_taken":["M","M","?","M","$","E","R","M","T","$","M","R","M","E","R","BOSS","M","?","?","M","?","R","M","?","T","E","R","M","M","?","R","BOSS","M","?","?","?","?","R","E"],"build_version":"2019-01-23","purchased_purges":1,"victory":false,"max_hp_per_floor":[82,82,82,82,82,82,82,82,82,82,82,82,82,82,82,82,82,86,86,86,90,93,93,97,97,97,97,97,101,105,105,105,105,105,105,105,105,105,105,105,105],"card_choices":[{"not_picked":["Heavy Blade","Wild Strike"],"picked":"Disarm","floor":1},{"not_picked":["Rage","Anger"],"picked":"Pommel Strike","floor":2},{"not_picked":["Spot Weakness","Shrug It Off"],"picked":"Perfected Strike","floor":3},{"not_picked":["Clothesline","Body Slam"],"picked":"Limit Break","floor":4},{"not_picked":["Clash","Flex"],"picked":"Armaments","floor":6},{"not_picked":["Blood for Blood","Headbutt"],"picked":"Burning Pact+1","floor":8},{"not_picked":["Sword Boomerang","Flex+1"],"picked":"Shrug It Off+1","floor":11},{"not_picked":["Uppercut","Headbutt"],"picked":"Armaments+1","floor":13},{"not_picked":["Bloodletting+1","Anger"],"picked":"Double Tap+1","floor":14},{"not_picked":["Berserk","Brutality"],"picked":"Feed","floor":16},{"not_picked":["Iron Wave","Twin Strike"],"picked":"Burning Pact+1","floor":18},{"not_picked":["Fire Breathing","Warcry+1"],"picked":"Twin Strike+1","floor":21},{"not_picked":["Headbutt+1","Armaments+1","Havoc+1"],"picked":"SKIP","floor":22},{"not_picked":["Anger","Wild Strike"],"picked":"Flex+1","floor":24},{"not_picked":["Twin Strike+1","Shrug It Off+1"],"picked":"Heavy Blade+1","floor":27},{"not_picked":["Clothesline+1","Armaments+1"],"picked":"Perfected Strike+1","floor":30},{"not_picked":["Bludgeon+1","Juggernaut"],"picked":"Reaper+1","floor":33},{"not_picked":["Rampage+1","Entrench+1"],"picked":"Twin Strike+1","floor":35},{"not_picked":["Clothesline+1","Shockwave+1"],"picked":"True Grit+1","floor":37}],"player_experience":1199321,"relics_obtained":[{"floor":6,"key":"Toxic Egg 2"},{"floor":9,"key":"Potion Belt"},{"floor":14,"key":"Regal Pillow"},{"floor":19,"key":"Omamori"},{"floor":26,"key":"Molten Egg 2"},{"floor":27,"key":"Blood Vial"},{"floor":31,"key":"Art of War"}],"event_choices":[{"damage_healed":0,"gold_gain":0,"player_choice":"Bought 3 Potions","damage_taken":0,"max_hp_gain":0,"max_hp_loss":0,"event_name":"The Woman in Blue","floor":20,"gold_loss":0},{"damage_healed":0,"gold_gain":50,"player_choice":"Touch","damage_taken":10,"max_hp_gain":0,"max_hp_loss":0,"event_name":"FaceTrader","floor":36,"gold_loss":0},{"damage_healed":0,"gold_gain":0,"player_choice":"Paid","damage_taken":0,"relics_obtained":["Red Mask"],"max_hp_gain":0,"max_hp_loss":0,"event_name":"Tomb of Lord Red Mask","floor":38,"gold_loss":252},{"cards_removed":["Twin Strike"],"damage_healed":0,"gold_gain":0,"player_choice":"Removed Attack","damage_taken":0,"max_hp_gain":0,"max_hp_loss":0,"event_name":"Falling","floor":39,"gold_loss":0}],"is_beta":false,"boss_relics":[{"not_picked":["Pandora\u0027s Box","Sozu"],"picked":"Coffee Dripper"},{"not_picked":["Astrolabe","Black Star"],"picked":"Velvet Choker"}],"items_purged_floors":[5],"is_endless":false,"potions_floor_spawned":[3,6,11,13,14,21,30,33,37],"killed_by":"Reptomancer","ascension_level":20}