{"gold_per_floor":[114,27,27,40,90,117,117,135,181,199,230,250,262,291,291,366,366,386,386,404,417,153,153,169,169,224,253,266,296,322,333,333,411,411,427,446,446,446,456,487,487,487,487,501,501,519,532,546,546,546,546],"floor_reached":51,"playtime":3294,"items_purged":["Strike_R"],"score":1507,"play_id":"03ba1329-f5e8-4f79-8213-c8dbf02d018f","local_time":"20190511084024","is_ascension_mode":true,"campfire_choices":[{"data":"Bash","floor":7.0,"key":"SMITH"},{"data":"True Grit","floor":15.0,"key":"SMITH"},{"floor":23.0,"key":"REST"},{"floor":25.0,"key":"REST"},{"data":"Heavy Blade","floor":32.0,"key":"SMITH"},{"floor":41.0,"key":"RECALL"},{"data":"Disarm","floor":45.0,"key":"SMITH"},{"floor":49.0,"key":"REST"}],"neow_cost":"NONE","seed_source_timestamp":0,"circlet_count":0,"master_deck":["AscendersBane","Strike_R","Strike_R","Strike_R","Strike_R","Defend_R+1","Defend_R","Defend_R","Defend_R","Bash+1","Heavy Blade","Inflame","Spot Weakness+1","True Grit+1","Heavy Blade+1","True Grit","Reaper","Ghostly Armor","True Grit+1","Reaper","Feel No Pain","True Grit+1","Shockwave","Pummel","Demon Form","Uppercut+1","Impervious","Disarm+1","Spot Weakness","Impervious"],"special_seed":0,"relics":["Burning Blood","NeowsBlessing","Omamori","Blood Vial","Lantern","War Paint","Odd Mushroom","Smiling Mask","Philosopher\u0027s Stone","PreservedInsect","Vajra","Tiny Chest","Anchor","Lizard Tail","Centennial Puzzle"],"potions_floor_usage":[50,50],"damage_taken":[{"damage":0.0,"enemies":"2 Louse","floor":1.0,"turns":1.0},{"damage":0.0,"enemies":"Jaw Worm","floor":4.0,"turns":1.0},{"damage":0.0,"enemies":"3 Sentries","floor":6.0,"turns":1.0},{"damage":7.0,"enemies":"Cultist","floor":8.0,"turns":4.0},{"damage":22.0,"enemies":"Gremlin Gang","floor":10.0,"turns":4.0},{"damage":8.0,"enemies":"Gremlin Nob","floor":11.0,"turns":3.0},{"damage":19.0,"enemies":"The Mushroom Lair","floor":12.0,"turns":5.0},{"damage":14.0,"enemies":"3 Louse","floor":13.0,"turns":5.0},{"damage":17.0,"enemies":"Lagavulin","floor":14.0,"turns":7.0},{"damage":49.0,"enemies":"The Guardian","floor":16.0,"turns":12.0},{"damage":10.0,"enemies":"Chosen","floor":18.0,"turns":4.0},{"damage":29.0,"enemies":"Spheric Guardian","floor":20.0,"turns":6.0},{"damage":45.0,"enemies":"Snake Plant","floor":21.0,"turns":4.0},{"damage":57.0,"enemies":"3 Cultists","floor":24.0,"turns":7.0},{"damage":40.0,"enemies":"Book of Stabbing","floor":27.0,"turns":4.0},{"damage":8.0,"enemies":"Centurion and Healer","floor":28.0,"turns":9.0},{"damage":47.0,"enemies":"Slavers","floor":30.0,"turns":5.0},{"damage":22.0,"enemies":"Snecko","floor":31.0,"turns":8.0},{"damage":69.0,"enemies":"Automaton","floor":33.0,"turns":8.0},{"damage":4.0,"enemies":"3 Shapes","floor":35.0,"turns":5.0},{"damage":40.0,"enemies":"3 Darklings","floor":36.0,"turns":5.0},{"damage":47.0,"enemies":"Writhing Mass","floor":39.0,"turns":7.0},{"damage":49.0,"enemies":"Giant Head","floor":40.0,"turns":6.0},{"damage":42.0,"enemies":"Jaw Worm Horde","floor":44.0,"turns":7.0},{"damage":25.0,"enemies":"Maw","floor":46.0,"turns":8.0},{"damage":49.0,"enemies":"Transient","floor":47.0,"turns":6.0},{"damage":50.0,"enemies":"Jaw Worm Horde","floor":48.0,"turns":5.0},{"damage":135,"enemies":"Awakened One","floor":50,"turns":14},{"damage":73,"enemies":"Donu and Deca","floor":51,"turns":6}],"seed_played":"-505202142174459845","potions_obtained":[{"floor":8.0,"key":"Weak Potion"},{"floor":10.0,"key":"Swift Potion"},{"floor":11.0,"key":"BloodPotion"},{"floor":12.0,"key":"SneckoOil"},{"floor":20.0,"key":"BloodPotion"},{"floor":21.0,"key":"Swift Potion"},{"floor":27.0,"key":"LiquidBronze"},{"floor":31.0,"key":"Fire Potion"},{"floor":33.0,"key":"PowerPotion"},{"floor":36.0,"key":"SpeedPotion"},{"floor":40.0,"key":"Poison Potion"},{"floor":47.0,"key":"LiquidBronze"}],"is_trial":false,"path_per_floor":["M","$","?","M","?","E","R","M","T","M","E","?","M","E","R","B",null,"M","?","M","M","$","R","M","R","T","E","M","?","E","M","R","B",null,"M","M","?","?","M","E","R","?","T","M","R","M","M","M","R","B","B"],"character_chosen":"IRONCLAD","items_purchased":["Inflame","Feel No Pain","Ancient Potion","SteroidPotion"],"campfire_rested":3,"item_purchase_floors":[2,22,22,22],"current_hp_per_floor":[74,74,69,75,68,74,74,74,74,59,59,62,65,56,56,15,60,69,69,48,26,26,48,39,61,61,51,65,65,53,58,58,35,67,78,70,70,88,72,51,51,69,69,73,73,66,41,44,70,12,0],"gold":546,"neow_bonus":"THREE_ENEMY_KILL","is_prod":false,"is_daily":false,"chose_seed":false,"campfire_upgraded":4,"win_rate":0,"timestamp":1557589224,"path_taken":["M","$","?","M","?","E","R","?","T","?","E","?","M","E","R","BOSS","M","?","?","M","$","R","M","R","T","E","M","?","E","M","R","BOSS","M","?","?","?","?","E","R","?","T","M","R","M","M","M","R","BOSS","BOSS"],"build_version":"2019-04-23","purchased_purges":1,"victory":false,"max_hp_per_floor":[75,75,75,75,75,75,75,75,75,75,75,75,75,75,75,75,75,75,75,75,75,75,75,75,75,75,75,75,75,78,78,78,78,78,78,78,78,88,88,88,88,88,88,88,88,88,88,88,88,88,88],"card_choices":[{"not_picked":["Clash","Burning Pact"],"picked":"Heavy Blade","floor":1.0},{"not_picked":["Thunderclap","Headbutt"],"picked":"Spot Weakness","floor":4.0},{"not_picked":["Rampage","Iron Wave"],"picked":"True Grit","floor":6.0},{"not_picked":["Clash","Searing Blow"],"picked":"Heavy Blade","floor":8.0},{"not_picked":["Perfected Strike","Infernal Blade"],"picked":"True Grit","floor":10.0},{"not_picked":["Havoc","Cleave"],"picked":"Reaper","floor":11.0},{"not_picked":["Rampage","Combust"],"picked":"Ghostly Armor","floor":12.0},{"not_picked":["Body Slam","Dropkick","Heavy Blade"],"picked":"SKIP","floor":13.0},{"not_picked":["Infernal Blade","Hemokinesis","Clothesline"],"picked":"SKIP","floor":14.0},{"not_picked":["Double Tap","Dark Embrace"],"picked":"Feed","floor":16.0},{"not_picked":["Perfected Strike","Sever Soul"],"picked":"True Grit+1","floor":18.0},{"not_picked":["Searing Blow","Iron Wave","Intimidate"],"picked":"SKIP","floor":20.0},{"not_picked":["Intimidate","Iron Wave","Anger"],"picked":"SKIP","floor":21.0},{"not_picked":["Clothesline","Cleave"],"picked":"True Grit+1","floor":24.0},{"not_picked":["Seeing Red","Twin Strike"],"picked":"Shockwave","floor":27.0},{"not_picked":["Rampage","Seeing Red","Brutality"],"picked":"SKIP","floor":28.0},{"not_picked":["Rampage","Seeing Red","Brutality"],"picked":"SKIP","floor":28.0},{"not_picked":["Heavy Blade","Perfected Strike","Pommel Strike"],"picked":"SKIP","floor":30.0},{"not_picked":["Seeing Red","Bloodletting"],"picked":"Pummel","floor":31.0},{"not_picked":["Feed","Reaper"],"picked":"Demon Form","floor":33.0},{"not_picked":["Heavy Blade","Armaments","Havoc"],"picked":"SKIP","floor":35.0},{"not_picked":["Perfected Strike+1","Heavy Blade"],"picked":"Uppercut+1","floor":36.0},{"not_picked":["Flex","Seeing Red+1","Twin Strike"],"picked":"SKIP","floor":39.0},{"not_picked":["Shrug It Off","Whirlwind"],"picked":"Impervious","floor":40.0},{"not_picked":["Headbutt","Armaments"],"picked":"Disarm","floor":44.0},{"not_picked":["Pommel Strike","Cleave","Anger"],"picked":"SKIP","floor":46.0},{"not_picked":["Rupture","Clothesline"],"picked":"Spot Weakness","floor":47.0},{"not_picked":["Power Through+1","Clash+1"],"picked":"Impervious","floor":48.0}],"player_experience":1523477,"relics_obtained":[{"floor":6.0,"key":"Blood Vial"},{"floor":9.0,"key":"Lantern"},{"floor":11.0,"key":"War Paint"},{"floor":12.0,"key":"Odd Mushroom"},{"floor":14.0,"key":"Smiling Mask"},{"floor":26.0,"key":"PreservedInsect"},{"floor":27.0,"key":"Vajra"},{"floor":30.0,"key":"Anchor"},{"floor":40.0,"key":"Centennial Puzzle"}],"event_choices":[{"damage_healed":0.0,"max_hp_gain":0.0,"max_hp_loss":0.0,"gold_gain":0.0,"event_name":"Scrap Ooze","player_choice":"Success","floor":3.0,"gold_loss":0.0,"damage_taken":5.0,"relics_obtained":["Omamori"]},{"damage_healed":0.0,"max_hp_gain":0.0,"max_hp_loss":0.0,"gold_gain":50.0,"event_name":"FaceTrader","player_choice":"Touch","floor":5.0,"gold_loss":0.0,"damage_taken":7.0},{"damage_healed":0.0,"max_hp_gain":0.0,"max_hp_loss":0.0,"gold_gain":0.0,"event_name":"Mushrooms","player_choice":"Fought Mushrooms","floor":12.0,"gold_loss":0.0,"damage_taken":0.0},{"damage_healed":0.0,"max_hp_gain":0.0,"max_hp_loss":0.0,"gold_gain":0.0,"event_name":"Duplicator","player_choice":"Copied","floor":19.0,"gold_loss":0.0,"damage_taken":0.0,"cards_obtained":["Reaper"]},{"damage_healed":0.0,"max_hp_gain":0.0,"max_hp_loss":0.0,"gold_gain":0.0,"event_name":"WeMeetAgain","player_choice":"Gave Potion","floor":29.0,"gold_loss":0.0,"damage_taken":0.0,"relics_obtained":["Tiny Chest"]},{"damage_healed":0.0,"max_hp_gain":0.0,"max_hp_loss":0.0,"gold_gain":0.0,"event_name":"SensoryStone","player_choice":"Memory 1","floor":37.0,"gold_loss":0.0,"damage_taken":0.0},{"cards_removed":["Feed"],"damage_healed":8.0,"max_hp_gain":10.0,"max_hp_loss":0.0,"gold_gain":0.0,"event_name":"Bonfire Elementals","player_choice":"Offered Rare","floor":38.0,"gold_loss":0.0,"damage_taken":0.0},{"damage_healed":18.0,"max_hp_gain":0.0,"max_hp_loss":0.0,"gold_gain":0.0,"event_name":"Winding Halls","player_choice":"Writhe","floor":42.0,"gold_loss":0.0,"damage_taken":0.0,"cards_obtained":["Writhe"]}],"is_beta":true,"boss_relics":[{"not_picked":["Eternal Feather","Runic Dome"],"picked":"Philosopher\u0027s Stone"},{"not_picked":["Black Blood","Runic Cube"],"picked":"Lizard Tail"}],"items_purged_floors":[22],"is_endless":false,"potions_floor_spawned":[8,10,11,12,20,21,27,31,33,36,40,47],"killed_by":"Donu and Deca","ascension_level":20}