{"gold_per_floor":[109,259,277,11,11,11,11,11,11,24,24,52,52,83,83,157,157,168,183,2,0,0,0,27,27,50,50,50],"floor_reached":28,"playtime":1026,"items_purged":["Doubt"],"score":479,"play_id":"d696ad23-25ee-4a23-a8d0-67e53280a94a","local_time":"20190429100431","is_ascension_mode":true,"campfire_choices":[{"data":"Juggernaut","floor":6,"key":"SMITH"},{"data":"Flame Barrier","floor":8,"key":"SMITH"},{"data":"Uppercut","floor":11,"key":"SMITH"},{"data":"Armaments","floor":15,"key":"SMITH"},{"floor":23,"key":"REST"},{"data":"Shrug It Off","floor":25,"key":"SMITH"},{"data":"Shrug It Off","floor":27,"key":"SMITH"}],"neow_cost":"CURSE","seed_source_timestamp":575826601348063,"circlet_count":0,"master_deck":["AscendersBane","Strike_R","Strike_R","Strike_R+1","Strike_R","Strike_R","Defend_R","Defend_R","Defend_R+1","Defend_R","Bash","Juggernaut+1","Flame Barrier+1","Uppercut+1","Good Instincts","Shrug It Off+1","Armaments+1","Offering","Clothesline+1","Shrug It Off+1","Burning Pact"],"relics":["Burning Blood","Spirit Poop","Omamori","Bag of Preparation","Red Skull","Busted Crown","Meat on the Bone"],"potions_floor_usage":[3,23,28],"damage_taken":[{"damage":7,"enemies":"Small Slimes","floor":1,"turns":4},{"damage":1,"enemies":"2 Louse","floor":3,"turns":3},{"damage":6,"enemies":"Cultist","floor":10,"turns":3},{"damage":30,"enemies":"3 Sentries","floor":12,"turns":9},{"damage":10,"enemies":"Lagavulin","floor":14,"turns":7},{"damage":14,"enemies":"Hexaghost","floor":16,"turns":9},{"damage":38,"enemies":"3 Byrds","floor":18,"turns":5},{"damage":12,"enemies":"Shell Parasite","floor":19,"turns":4},{"damage":29,"enemies":"Book of Stabbing","floor":24,"turns":6},{"damage":43,"enemies":"Gremlin Leader","floor":28,"turns":4}],"seed_played":"-8185316357738158291","potions_obtained":[{"floor":1,"key":"AttackPotion"},{"floor":14,"key":"Fruit Juice"}],"is_trial":false,"path_per_floor":["M","?","M","$","?","R","$","R","T","M","R","E","?","E","R","B",null,"M","M","$","?","?","R","E","R","T","R","E"],"character_chosen":"IRONCLAD","items_purchased":["Uppercut","Good Instincts","Shrug It Off","Burning Pact","Regen Potion"],"campfire_rested":1,"item_purchase_floors":[4,4,20,20,20],"current_hp_per_floor":[67,67,72,72,72,72,72,72,72,72,72,48,26,22,22,14,58,26,20,20,20,20,48,25,25,25,25,0],"gold":50,"neow_bonus":"THREE_RARE_CARDS","is_prod":false,"is_daily":false,"chose_seed":false,"campfire_upgraded":6,"win_rate":0,"timestamp":1556546671,"path_taken":["M","?","M","$","?","R","$","R","T","?","R","E","?","E","R","BOSS","M","M","$","?","?","R","E","R","T","R","E"],"build_version":"2019-01-23","purchased_purges":1,"victory":false,"max_hp_per_floor":[75,75,75,75,72,72,72,72,72,72,72,72,72,72,72,72,72,72,72,72,72,72,77,77,77,77,77,77],"card_choices":[{"not_picked":["Reaper","Limit Break"],"picked":"Juggernaut","floor":0},{"not_picked":["Rampage","Flex","Heavy Blade"],"picked":"SKIP","floor":1},{"not_picked":["Shrug It Off","Thunderclap"],"picked":"Flame Barrier","floor":3},{"not_picked":["Pommel Strike","Feed"],"picked":"Shrug It Off","floor":10},{"not_picked":["Anger","Power Through","Spot Weakness"],"picked":"SKIP","floor":12},{"not_picked":["Sever Soul","Flex"],"picked":"Armaments","floor":14},{"not_picked":["Juggernaut","Dark Embrace"],"picked":"Offering","floor":16},{"not_picked":[],"picked":"Clothesline+1","floor":18},{"not_picked":["Warcry"],"picked":"SKIP","floor":19},{"not_picked":["Headbutt"],"picked":"SKIP","floor":24}],"player_experience":2096161,"relics_obtained":[{"floor":9,"key":"Omamori"},{"floor":12,"key":"Bag of Preparation"},{"floor":14,"key":"Red Skull"},{"floor":24,"key":"Meat on the Bone"}],"event_choices":[{"damage_healed":0,"gold_gain":150,"player_choice":"AGREE","damage_taken":0,"max_hp_gain":0,"max_hp_loss":0,"event_name":"Liars Game","floor":2,"gold_loss":0,"cards_obtained":["Doubt"]},{"cards_removed":["Parasite"],"damage_healed":0,"gold_gain":0,"player_choice":"Offered Curse","damage_taken":0,"relics_obtained":["Spirit Poop"],"max_hp_gain":0,"max_hp_loss":0,"event_name":"Bonfire Elementals","floor":5,"gold_loss":0},{"damage_healed":0,"gold_gain":0,"player_choice":"Entered Light","damage_taken":22,"max_hp_gain":0,"max_hp_loss":0,"event_name":"Shining Light","floor":13,"gold_loss":0,"cards_upgraded":["Defend_R","Strike_R"]},{"damage_healed":0,"gold_gain":0,"player_choice":"Paid Fearfully","damage_taken":0,"max_hp_gain":0,"max_hp_loss":0,"event_name":"Masked Bandits","floor":21,"gold_loss":2},{"damage_healed":0,"gold_gain":0,"player_choice":"Smashed Altar","damage_taken":0,"max_hp_gain":0,"max_hp_loss":0,"event_name":"Forgotten Altar","floor":22,"gold_loss":0,"cards_obtained":["Decay"]}],"is_beta":false,"boss_relics":[{"not_picked":["Empty Cage","Runic Cube"],"picked":"Busted Crown"}],"items_purged_floors":[4],"is_endless":false,"potions_floor_spawned":[1,14],"killed_by":"Gremlin Leader","ascension_level":20}