{"gold_per_floor":[117,129,5,15,15,41,41,108,108,183,183,209,227,254,254,254],"floor_reached":16,"playtime":877,"items_purged":[],"score":286,"play_id":"2ad970b8-d773-48ea-b679-12da64627ad8","local_time":"20190411012107","is_ascension_mode":true,"campfire_choices":[{"data":"Barrage","floor":7,"key":"SMITH"},{"floor":11,"key":"REST"},{"data":"Go for the Eyes","floor":15,"key":"SMITH"}],"neow_cost":"NONE","seed_source_timestamp":33439144466097,"circlet_count":0,"master_deck":["AscendersBane","Strike_B","Strike_B","Strike_B","Strike_B","Defend_B","Defend_B","Defend_B","Defend_B","Zap+1","Dualcast","Cold Snap","Barrage+1","Doom and Gloom","Glacier","Undo","Coolheaded","Buffer","Double Energy","Go for the Eyes+1"],"relics":["Cracked Core","Peace Pipe","Pantograph","Pen Nib","Happy Flower"],"potions_floor_usage":[12,14,14,16],"damage_taken":[{"damage":4,"enemies":"2 Louse","floor":1,"turns":3},{"damage":3,"enemies":"Small Slimes","floor":2,"turns":4},{"damage":12,"enemies":"Jaw Worm","floor":4,"turns":3},{"damage":15,"enemies":"3 Sentries","floor":6,"turns":7},{"damage":22,"enemies":"Lagavulin","floor":12,"turns":8},{"damage":1,"enemies":"2 Fungi Beasts","floor":13,"turns":4},{"damage":0,"enemies":"Gremlin Nob","floor":14,"turns":4},{"damage":48,"enemies":"Hexaghost","floor":16,"turns":14}],"seed_played":"-5266697778269169443","potions_obtained":[{"floor":2,"key":"Strength Potion"},{"floor":12,"key":"Dexterity Potion"},{"floor":13,"key":"Poison Potion"},{"floor":14,"key":"Block Potion"}],"is_trial":false,"path_per_floor":["M","M","$","M","?","E","R","?","T","?","R","E","M","E","R","B"],"character_chosen":"DEFECT","items_purchased":["Doom and Gloom","Glacier"],"campfire_rested":1,"item_purchase_floors":[3,3],"current_hp_per_floor":[60,57,57,45,45,30,30,30,30,19,40,18,17,17,17,0],"gold":254,"neow_bonus":"UPGRADE_CARD","is_prod":false,"is_daily":false,"chose_seed":false,"campfire_upgraded":2,"win_rate":0,"timestamp":1554960067,"path_taken":["M","M","$","M","?","E","R","?","T","?","R","E","?","E","R","BOSS"],"build_version":"2019-01-23","purchased_purges":0,"victory":false,"max_hp_per_floor":[71,71,71,71,71,71,71,71,71,71,71,71,71,71,71,71],"card_choices":[{"not_picked":["Self Repair","Redo"],"picked":"Cold Snap","floor":1},{"not_picked":["Rip and Tear","Coolheaded"],"picked":"Barrage","floor":2},{"not_picked":["Stack","Sweeping Beam"],"picked":"Undo","floor":4},{"not_picked":["Storm","Beam Cell"],"picked":"Coolheaded","floor":6},{"not_picked":["Barrage","Reprogram"],"picked":"Buffer","floor":12},{"not_picked":["Stack","Scrape","Double Energy"],"picked":"SKIP","floor":13},{"not_picked":["Stack","Scrape"],"picked":"Double Energy","floor":13},{"not_picked":["Redo","Hologram"],"picked":"Go for the Eyes","floor":14}],"player_experience":1787149,"relics_obtained":[{"floor":6,"key":"Peace Pipe"},{"floor":9,"key":"Pantograph"},{"floor":12,"key":"Pen Nib"},{"floor":14,"key":"Happy Flower"}],"event_choices":[{"damage_healed":0,"gold_gain":0,"player_choice":"Ignored","damage_taken":0,"max_hp_gain":0,"max_hp_loss":0,"event_name":"Liars Game","floor":5,"gold_loss":0},{"damage_healed":0,"gold_gain":67,"player_choice":"Gained Gold","damage_taken":0,"max_hp_gain":0,"max_hp_loss":0,"event_name":"Golden Wing","floor":8,"gold_loss":0},{"damage_healed":0,"gold_gain":75,"player_choice":"Gather Gold","damage_taken":11,"max_hp_gain":0,"max_hp_loss":0,"event_name":"World of Goop","floor":10,"gold_loss":0}],"is_beta":false,"boss_relics":[],"items_purged_floors":[],"is_endless":false,"potions_floor_spawned":[2,12,13,14],"killed_by":"Hexaghost","ascension_level":20}