{"gold_per_floor":[111,111,211,222,222,222,257,257,257,257,276,305,38,38,38,140,140,152,25,25,36,50,50,61,61,140,140,172,191,210,210,210,309,309,325,325,325,325,341,341,358,358,358,374,299,15,15,50,50,50],"floor_reached":51,"playtime":3863,"items_purged":["Strike_R","Normality"],"score":701,"play_id":"c96df39a-f7ea-4a59-a8fe-51bb24487be9","local_time":"20181021211739","is_ascension_mode":false,"campfire_choices":[{"data":"Cleave","floor":6.0,"key":"SMITH"},{"data":"Seeing Red","floor":8.0,"key":"SMITH"},{"data":"Metallicize","floor":10.0,"key":"SMITH"},{"data":"Evolve","floor":15.0,"key":"SMITH"},{"data":"Power Through","floor":23.0,"key":"SMITH"},{"data":"Flame Barrier","floor":25.0,"key":"SMITH"},{"data":"Inflame","floor":27.0,"key":"SMITH"},{"data":"Bash","floor":32.0,"key":"SMITH"},{"data":"Defend_R","floor":40.0,"key":"SMITH"},{"data":"Defend_R","floor":42.0,"key":"SMITH"},{"data":"Defend_R","floor":47.0,"key":"SMITH"},{"data":"Impervious","floor":49,"key":"SMITH"}],"neow_cost":"PERCENT_DAMAGE","seed_source_timestamp":406600065491033,"circlet_count":0,"master_deck":["Strike_R","Strike_R+1","Defend_R+1","Defend_R+1","Defend_R+1","Bash+1","Seeing Red+1","Metallicize+1","Cleave+1","Shockwave+1","Rampage+1","Flame Barrier+1","Evolve+1","Impervious+1","Inflame+1","Power Through+1","Sword Boomerang+1","Headbutt+1","Twin Strike+1","Pommel Strike+1","Battle Trance+1","Flex+1","Body Slam+1","Limit Break+1","Parasite","Doubt","Cleave+1","Parasite","Secret Technique+1","Anger+1"],"special_seed":0,"relics":["Burning Blood","Molten Egg 2","Singing Bowl","Mercury Hourglass","Medical Kit","Eternal Feather","Ornamental Fan","Toxic Egg 2","Calling Bell","Bag of Preparation","Darkstone Periapt","Gambling Chip","Du-Vu Doll","Letter Opener","Potion Belt"],"potions_floor_usage":[50,50],"damage_taken":[{"damage":1.0,"enemies":"Jaw Worm","floor":1.0,"turns":3.0},{"damage":0.0,"enemies":"2 Louse","floor":4.0,"turns":2.0},{"damage":12.0,"enemies":"Lagavulin","floor":7.0,"turns":7.0},{"damage":0.0,"enemies":"Cultist","floor":11.0,"turns":2.0},{"damage":18.0,"enemies":"3 Sentries","floor":12.0,"turns":3.0},{"damage":28.0,"enemies":"Hexaghost","floor":16.0,"turns":9.0},{"damage":0.0,"enemies":"3 Byrds","floor":18.0,"turns":3.0},{"damage":13.0,"enemies":"Shell Parasite","floor":21.0,"turns":6.0},{"damage":25.0,"enemies":"Centurion and Healer","floor":22.0,"turns":5.0},{"damage":5.0,"enemies":"Snake Plant","floor":24.0,"turns":4.0},{"damage":29.0,"enemies":"Book of Stabbing","floor":28.0,"turns":6.0},{"damage":0.0,"enemies":"Chosen and Byrds","floor":29.0,"turns":5.0},{"damage":5.0,"enemies":"Cultist and Chosen","floor":30.0,"turns":7.0},{"damage":54.0,"enemies":"Champ","floor":33.0,"turns":9.0},{"damage":17.0,"enemies":"3 Darklings","floor":35.0,"turns":5.0},{"damage":8.0,"enemies":"Mind Bloom Boss Battle","floor":38.0,"turns":10.0},{"damage":15.0,"enemies":"3 Shapes","floor":39.0,"turns":2.0},{"damage":24.0,"enemies":"3 Darklings","floor":41.0,"turns":4.0},{"damage":34.0,"enemies":"Writhing Mass","floor":44.0,"turns":6.0},{"damage":0,"enemies":"Reptomancer","floor":48,"turns":3},{"damage":95,"enemies":"Awakened One","floor":50,"turns":8}],"seed_played":"-2623471210759799413","potions_obtained":[{"floor":4.0,"key":"PowerPotion"},{"floor":14.0,"key":"Weak Potion"},{"floor":14.0,"key":"EssenceOfSteel"},{"floor":16.0,"key":"SkillPotion"},{"floor":35.0,"key":"SpeedPotion"},{"floor":41.0,"key":"SpeedPotion"},{"floor":48,"key":"Regen Potion"}],"is_trial":false,"path_per_floor":["M","?","?","M","?","R","E","R","T","R","M","E","$","?","R","B",null,"M","$","?","M","M","R","M","R","T","R","E","M","M","?","R","B",null,"M","?","?","?","M","R","M","R","T","M","$","$","R","E","R","B"],"character_chosen":"IRONCLAD","items_purchased":["Medical Kit","Evolve","Power Through","Sword Boomerang+1","Secret Technique+1"],"campfire_rested":0,"item_purchase_floors":[13,13,19,19,46],"current_hp_per_floor":[61,61,61,67,51,51,45,45,45,45,53,41,41,41,41,19,82,82,82,82,75,56,68,69,81,81,82,59,65,66,50,65,17,87,76,76,76,76,69,84,68,83,83,63,63,63,78,84,101,27],"gold":50,"neow_bonus":"TRANSFORM_TWO_CARDS","is_prod":false,"is_daily":false,"chose_seed":false,"campfire_upgraded":12,"win_rate":0,"timestamp":1540171059,"path_taken":["M","?","?","M","?","R","E","R","T","R","M","E","?","?","R","BOSS","M","$","?","M","M","R","M","R","T","R","E","M","M","?","R","BOSS","M","?","?","?","M","R","M","R","T","M","?","$","R","E","R","BOSS"],"build_version":"2018-10-18","purchased_purges":2,"victory":true,"max_hp_per_floor":[80,80,80,80,80,80,80,80,80,80,82,82,82,82,82,82,82,82,82,82,82,82,82,82,82,82,82,82,82,82,87,87,87,87,87,87,87,89,91,91,93,93,93,101,101,101,101,101,101,101],"card_choices":[{"not_picked":["Flex","Shockwave"],"picked":"Cleave","floor":1.0},{"not_picked":["Perfected Strike","Sword Boomerang"],"picked":"Shockwave","floor":4.0},{"not_picked":["Metallicize","Iron Wave"],"picked":"Rampage","floor":7.0},{"not_picked":["Perfected Strike+1","Clash+1","Bludgeon+1"],"picked":"Singing Bowl","floor":11.0},{"not_picked":["Sever Soul+1","Body Slam+1"],"picked":"Flame Barrier","floor":12.0},{"not_picked":["Brutality","Berserk"],"picked":"Impervious","floor":16.0},{"not_picked":["Clothesline+1","Carnage+1"],"picked":"Inflame","floor":18.0},{"not_picked":["Flex+1","Reckless Charge+1"],"picked":"Twin Strike+1","floor":21.0},{"not_picked":["Feel No Pain+1","Twin Strike+1"],"picked":"Pommel Strike+1","floor":22.0},{"not_picked":["Flex","Body Slam+1"],"picked":"Blood for Blood+1","floor":24.0},{"not_picked":["Clothesline+1","Twin Strike+1"],"picked":"Battle Trance+1","floor":28.0},{"not_picked":["Feel No Pain","Searing Blow+1"],"picked":"Flex+1","floor":29.0},{"not_picked":["Feel No Pain","Pommel Strike+1"],"picked":"Body Slam+1","floor":30.0},{"not_picked":["Fiend Fire+1","Juggernaut"],"picked":"Limit Break+1","floor":33.0},{"not_picked":["Clash+1","Pommel Strike+1"],"picked":"Cleave+1","floor":35.0},{"not_picked":["Body Slam+1","Battle Trance+1","Iron Wave+1"],"picked":"Singing Bowl","floor":38.0},{"not_picked":["Twin Strike+1","Rupture","Bludgeon+1"],"picked":"Singing Bowl","floor":39.0},{"not_picked":["Headbutt+1","Armaments+1","Dropkick+1"],"picked":"Singing Bowl","floor":41.0},{"not_picked":["Sever Soul+1","Clash+1","Pommel Strike+1"],"picked":"Singing Bowl","floor":44.0},{"not_picked":["Metallicize","Dropkick+1"],"picked":"Anger+1","floor":48}],"player_experience":533072,"relics_obtained":[{"floor":7.0,"key":"Molten Egg 2"},{"floor":9.0,"key":"Singing Bowl"},{"floor":12.0,"key":"Mercury Hourglass"},{"floor":26.0,"key":"Ornamental Fan"},{"floor":28.0,"key":"Toxic Egg 2"},{"floor":34.0,"key":"Bag of Preparation"},{"floor":34.0,"key":"Darkstone Periapt"},{"floor":34.0,"key":"Gambling Chip"},{"floor":38.0,"key":"Du-Vu Doll"},{"floor":43.0,"key":"Letter Opener"},{"floor":48,"key":"Potion Belt"}],"event_choices":[{"cards_removed":["Strike_R"],"damage_healed":0.0,"max_hp_gain":0.0,"max_hp_loss":0.0,"gold_gain":0.0,"event_name":"Living Wall","player_choice":"Forget","floor":2.0,"gold_loss":0.0,"damage_taken":0.0},{"damage_healed":0.0,"max_hp_gain":0.0,"max_hp_loss":0.0,"gold_gain":100.0,"event_name":"Golden Shrine","player_choice":"Pray","floor":3.0,"gold_loss":0.0,"damage_taken":0.0},{"damage_healed":0.0,"max_hp_gain":0.0,"max_hp_loss":0.0,"gold_gain":0.0,"event_name":"Shining Light","player_choice":"Entered Light","floor":5.0,"gold_loss":0.0,"damage_taken":16.0,"cards_upgraded":["Strike_R","Shockwave"]},{"damage_healed":0.0,"max_hp_gain":0.0,"max_hp_loss":0.0,"gold_gain":0.0,"event_name":"The Lab","player_choice":"Got Potions","floor":14.0,"gold_loss":0.0,"damage_taken":0.0},{"damage_healed":0.0,"max_hp_gain":0.0,"max_hp_loss":0.0,"gold_gain":0.0,"event_name":"The Library","player_choice":"Read","floor":20.0,"gold_loss":0.0,"damage_taken":0.0,"cards_obtained":["Headbutt"]},{"damage_healed":0.0,"max_hp_gain":5.0,"max_hp_loss":0.0,"gold_gain":0.0,"event_name":"Forgotten Altar","player_choice":"Shed Blood","floor":31.0,"gold_loss":0.0,"damage_taken":21.0},{"cards_removed":["Blood for Blood"],"damage_healed":0.0,"max_hp_gain":0.0,"max_hp_loss":0.0,"gold_gain":0.0,"event_name":"Falling","player_choice":"Removed Attack","floor":36.0,"gold_loss":0.0,"damage_taken":0.0},{"damage_healed":0.0,"max_hp_gain":0.0,"max_hp_loss":0.0,"gold_gain":0.0,"event_name":"Mysterious Sphere","player_choice":"Ignored","floor":37.0,"gold_loss":0.0,"damage_taken":0.0},{"damage_healed":0.0,"max_hp_gain":0.0,"max_hp_loss":0.0,"gold_gain":0.0,"event_name":"MindBloom","player_choice":"Fight","floor":38.0,"gold_loss":0.0,"damage_taken":0.0}],"is_beta":false,"boss_relics":[{"not_picked":["Runic Pyramid","Snecko Eye"],"picked":"Eternal Feather"},{"not_picked":["White Beast Statue","Empty Cage"],"picked":"Calling Bell"}],"items_purged_floors":[45,46],"is_endless":false,"potions_floor_spawned":[4,16,18,21,28,29,35,41,48],"ascension_level":0}