{"path_per_floor":["M","M","M","?","$","E","R","E","T","M","?","R","?","M","R"],"character_chosen":"DEFECT","items_purchased":["Explosive Potion"],"gold_per_floor":[113,127,144,144,96,126,126,154,154,169,169,169,169,192,192,192],"floor_reached":16,"campfire_rested":0,"playtime":921,"item_purchase_floors":[5],"current_hp_per_floor":[75,75,67,67,67,41,41,31,31,31,16,16,16,13,13,0],"items_purged":[],"gold":192,"score":110,"play_id":"31e9e09b-d20c-47eb-9928-db84fcf41ce9","local_time":"20180609143832","is_prod":false,"is_daily":false,"chose_seed":false,"is_ascension_mode":false,"campfire_upgraded":3,"win_rate":0.0,"timestamp":1528569512,"campfire_choices":[{"data":"Darkness","floor":7,"key":"SMITH"},{"data":"Tempest","floor":12,"key":"SMITH"},{"data":"Zap","floor":15,"key":"SMITH"}],"path_taken":["M","M","M","?","$","E","R","E","T","M","?","R","?","M","R","BOSS"],"build_version":"2018-06-07v3","seed_source_timestamp":279837302886111,"purchased_purges":0,"victory":false,"master_deck":["Strike_B","Strike_B","Strike_B+1","Strike_B","Defend_B","Defend_B","Defend_B+1","Defend_B","Zap+1","Dualcast+1","Melter","Chaos","Self Repair","Darkness+1","Tempest+1","Doom and Gloom","Capacitor+1"],"max_hp_per_floor":[75,75,75,75,75,75,75,75,75,75,75,75,69,69,69,69],"relics":["Cracked Core","Bag of Marbles","Shuriken","Frozen Egg 2","Golden Idol"],"card_choices":[{"not_picked":["Conserve Battery","Steam"],"picked":"Melter","floor":1},{"not_picked":["Streamline","Self Repair"],"picked":"Chaos","floor":2},{"not_picked":["Gash","Conserve Battery"],"picked":"Self Repair","floor":3},{"not_picked":["Glacier","Lockon"],"picked":"Darkness","floor":6},{"not_picked":["Beam Cell","Gash"],"picked":"Tempest","floor":8},{"not_picked":["Cold Snap","Leap"],"picked":"Doom and Gloom","floor":10},{"not_picked":["Fusion","Stack"],"picked":"Capacitor+1","floor":14}],"player_experience":923033,"potions_floor_usage":[6,14],"damage_taken":[{"damage":0,"enemies":"2 Louse","floor":1,"turns":2},{"damage":0,"enemies":"Cultist","floor":2,"turns":3},{"damage":8,"enemies":"Small Slimes","floor":3,"turns":3},{"damage":33,"enemies":"Gremlin Nob","floor":6,"turns":4},{"damage":17,"enemies":"Lagavulin","floor":8,"turns":5},{"damage":0,"enemies":"Looter","floor":10,"turns":3},{"damage":10,"enemies":"Exordium Wildlife","floor":14,"turns":4},{"damage":14,"enemies":"Hexaghost","floor":16,"turns":4}],"relics_obtained":[{"floor":6,"key":"Bag of Marbles"},{"floor":8,"key":"Shuriken"},{"floor":9,"key":"Frozen Egg 2"}],"event_choices":[{"event_name":"Upgrade Shrine","player_choice":"Upgraded","floor":4,"damage_taken":0},{"event_name":"Shining Light","player_choice":"Entered Light","floor":11,"damage_taken":0},{"event_name":"Golden Idol","player_choice":"Lose Max HP","floor":13,"damage_taken":0}],"boss_relics":[],"items_purged_floors":[],"potions_floor_spawned":[3,6,10],"seed_played":"8735259687858732467","killed_by":"Hexaghost","ascension_level":0,"potions_obtained":[{"floor":3,"key":"Energy Potion"},{"floor":6,"key":"SmokeBomb"},{"floor":10,"key":"Energy Potion"}],"is_trial":false}