{"gold_per_floor":[117,134,154,172,182,182,192,219,219,219,219,237,237,254,254,349,349,368,384,16,34,34,34,34],"floor_reached":24,"playtime":2089,"items_purged":["Combust"],"score":202,"play_id":"9706ad81-f990-48ee-ad99-9acada4170d5","local_time":"20181128010346","is_ascension_mode":false,"campfire_choices":[{"data":"True Grit","floor":6,"key":"SMITH"},{"data":"Armaments","floor":10,"key":"SMITH"},{"data":"Body Slam","floor":13,"key":"SMITH"},{"floor":15,"key":"REST"},{"floor":23,"key":"REST"}],"neow_cost":"NONE","seed_source_timestamp":145939053267641,"circlet_count":0,"master_deck":["Bash","Ghostly Armor","True Grit+1","Body Slam+1","Thunderclap","Iron Wave+1","Flame Barrier","Armaments+1","Disarm","Dark Embrace","True Grit","Cleave","Clothesline","Twin Strike","Anger","Seeing Red","Whirlwind+1","Iron Wave","Shrug It Off","Uppercut"],"relics":["Burning Blood","Letter Opener","Pandora\u0027s Box","Dodecahedron"],"potions_floor_usage":[8,8,8,14,16,21,24],"damage_taken":[{"damage":1,"enemies":"Small Slimes","floor":1,"turns":4},{"damage":6,"enemies":"Jaw Worm","floor":2,"turns":5},{"damage":5,"enemies":"Cultist","floor":3,"turns":4},{"damage":4,"enemies":"Blue Slaver","floor":4,"turns":5},{"damage":2,"enemies":"3 Louse","floor":5,"turns":4},{"damage":2,"enemies":"Looter","floor":7,"turns":5},{"damage":4,"enemies":"3 Sentries","floor":8,"turns":8},{"damage":2,"enemies":"Blue Slaver","floor":12,"turns":5},{"damage":10,"enemies":"2 Fungi Beasts","floor":14,"turns":4},{"damage":31,"enemies":"Hexaghost","floor":16,"turns":16},{"damage":21,"enemies":"Spheric Guardian","floor":18,"turns":5},{"damage":19,"enemies":"Chosen","floor":19,"turns":5},{"damage":26,"enemies":"Snecko","floor":21,"turns":7},{"damage":73,"enemies":"Gremlin Leader","floor":24,"turns":7}],"seed_played":"-8262488566881996993","potions_obtained":[{"floor":1,"key":"Strength Potion"},{"floor":5,"key":"AttackPotion"},{"floor":7,"key":"Swift Potion"},{"floor":8,"key":"Ancient Potion"},{"floor":14,"key":"Block Potion"},{"floor":19,"key":"Regen Potion"},{"floor":21,"key":"Energy Potion"}],"is_trial":false,"path_per_floor":["M","M","M","M","M","R","M","E","T","R","?","M","R","M","R","B",null,"M","M","$","M","?","R","E"],"character_chosen":"IRONCLAD","items_purchased":["Shrug It Off","Dodecahedron"],"campfire_rested":2,"item_purchase_floors":[20,20],"current_hp_per_floor":[80,80,80,80,80,80,80,80,80,80,64,68,68,64,80,55,80,65,52,52,47,47,71,0],"gold":34,"neow_bonus":"TRANSFORM_CARD","is_prod":false,"is_daily":false,"chose_seed":false,"campfire_upgraded":3,"win_rate":0,"timestamp":1543385026,"path_taken":["M","M","M","M","M","R","M","E","T","R","?","M","R","M","R","BOSS","M","M","$","M","?","R","E"],"build_version":"2018-11-15","purchased_purges":1,"victory":false,"max_hp_per_floor":[80,80,80,80,80,80,80,80,80,80,80,80,80,80,80,80,80,80,80,80,80,80,80,80],"card_choices":[{"not_picked":["Combust","Sentinel"],"picked":"True Grit","floor":1},{"not_picked":["Perfected Strike","Corruption"],"picked":"Body Slam","floor":2},{"not_picked":["Reckless Charge","Headbutt"],"picked":"Thunderclap","floor":3},{"not_picked":["Sword Boomerang","Clothesline","Bloodletting"],"picked":"SKIP","floor":4},{"not_picked":["Anger","Perfected Strike"],"picked":"Iron Wave","floor":5},{"not_picked":["Fire Breathing","Uppercut"],"picked":"Flame Barrier","floor":7},{"not_picked":["Pummel","Metallicize"],"picked":"Armaments","floor":8},{"not_picked":["Perfected Strike","Sword Boomerang","Clothesline"],"picked":"SKIP","floor":12},{"not_picked":["Sword Boomerang","Anger"],"picked":"Disarm","floor":14},{"not_picked":["Brutality","Fiend Fire"],"picked":"Dark Embrace","floor":16},{"not_picked":["Clash","Disarm"],"picked":"Whirlwind+1","floor":18},{"not_picked":["Warcry","Headbutt+1"],"picked":"Iron Wave","floor":19},{"not_picked":["Cleave","Juggernaut","Corruption"],"picked":"SKIP","floor":21}],"player_experience":392479,"relics_obtained":[{"floor":8,"key":"Letter Opener"}],"event_choices":[{"damage_healed":0,"gold_gain":0,"player_choice":"Entered Light","damage_taken":16,"max_hp_gain":0,"max_hp_loss":0,"event_name":"Shining Light","floor":11,"gold_loss":0,"cards_upgraded":["Iron Wave","Strike_R"]},{"damage_healed":0,"gold_gain":0,"cards_transformed":["Fire Breathing"],"player_choice":"Transformed","damage_taken":0,"max_hp_gain":0,"max_hp_loss":0,"event_name":"Transmorgrifier","floor":22,"gold_loss":0,"cards_obtained":["Uppercut"]}],"is_beta":false,"boss_relics":[{"not_picked":["Black Blood","Calling Bell"],"picked":"Pandora\u0027s Box"}],"items_purged_floors":[20],"is_endless":false,"potions_floor_spawned":[1,5,7,8,14,19,21],"killed_by":"Gremlin Leader","ascension_level":0}