{"gold_per_floor":[113,38,52,0,0,34,34,53,76,105,30,30,64,83,83,154,154,172,172,172,172,185,185,185,185],"floor_reached":25,"playtime":963,"items_purged":["Strike_R"],"score":507,"play_id":"25c732ef-bd87-4747-b14b-bf525d2d79cd","local_time":"20190314015751","is_ascension_mode":true,"campfire_choices":[{"data":"Rampage","floor":7,"key":"SMITH"},{"data":"Bash","floor":15,"key":"SMITH"},{"data":"Barricade","floor":23,"key":"SMITH"}],"neow_cost":"NONE","seed_source_timestamp":52822336961184,"circlet_count":0,"master_deck":["AscendersBane","Strike_R","Defend_R+1","Defend_R","Defend_R+1","Defend_R","Bash+1","Rampage+1","Headbutt","Brutality","Metallicize","Barricade+1","Whirlwind","Seeing Red","RitualDagger"],"relics":["Burning Blood","Potion Belt","Juzu Bracelet","Thread and Needle","Mercury Hourglass","Centennial Puzzle","Eternal Feather","Nloth\u0027s Gift","Bottled Lightning"],"potions_floor_usage":[8,18,25],"damage_taken":[{"damage":7,"enemies":"Jaw Worm","floor":1,"turns":4},{"damage":7,"enemies":"Small Slimes","floor":3,"turns":4},{"damage":23,"enemies":"3 Sentries","floor":6,"turns":8},{"damage":0,"enemies":"2 Louse","floor":8,"turns":2},{"damage":32,"enemies":"Gremlin Nob","floor":10,"turns":4},{"damage":24,"enemies":"3 Sentries","floor":13,"turns":7},{"damage":0,"enemies":"Blue Slaver","floor":14,"turns":4},{"damage":5,"enemies":"Hexaghost","floor":16,"turns":7},{"damage":22,"enemies":"Spheric Guardian","floor":18,"turns":7},{"damage":8,"enemies":"2 Thieves","floor":22,"turns":4},{"damage":52,"enemies":"Book of Stabbing","floor":25,"turns":5}],"seed_played":"-1160339506310071976","potions_obtained":[{"floor":1,"key":"SpeedPotion"},{"floor":6,"key":"Fire Potion"},{"floor":16,"key":"Ancient Potion"}],"is_trial":false,"path_per_floor":["M","?","M","?","?","E","R","M","T","E","$","T","E","M","R","B",null,"M","?","?","?","M","R","T","E"],"character_chosen":"IRONCLAD","items_purchased":[],"campfire_rested":0,"item_purchase_floors":[],"current_hp_per_floor":[67,67,66,66,66,49,49,55,55,29,29,29,11,17,17,18,61,45,45,45,39,37,46,46,0],"gold":185,"neow_bonus":"RANDOM_COMMON_RELIC","is_prod":false,"is_daily":false,"chose_seed":false,"campfire_upgraded":3,"win_rate":0,"timestamp":1552543071,"path_taken":["M","?","M","?","?","E","R","M","T","E","$","?","E","M","R","BOSS","M","?","?","?","M","R","?","E"],"build_version":"2019-01-23","purchased_purges":1,"victory":false,"max_hp_per_floor":[75,75,75,75,75,75,75,75,75,75,75,75,75,75,75,75,75,75,75,75,75,75,75,75,75],"card_choices":[{"not_picked":["Sword Boomerang","Battle Trance"],"picked":"Rampage","floor":1},{"not_picked":["Havoc","Flame Barrier"],"picked":"Headbutt","floor":3},{"not_picked":["Cleave","Wild Strike","Dual Wield"],"picked":"SKIP","floor":6},{"not_picked":["Body Slam","Shrug It Off","Iron Wave"],"picked":"SKIP","floor":8},{"not_picked":["Disarm","Pummel"],"picked":"Brutality","floor":10},{"not_picked":["Corruption","Clothesline"],"picked":"Metallicize","floor":13},{"not_picked":["Clash","Warcry","Sentinel"],"picked":"SKIP","floor":14},{"not_picked":["Immolate","Juggernaut"],"picked":"Barricade","floor":16},{"not_picked":["Spot Weakness","Flex","Havoc"],"picked":"SKIP","floor":18},{"not_picked":["Impervious","Cleave","Clothesline"],"picked":"SKIP","floor":22}],"player_experience":1108202,"relics_obtained":[{"floor":6,"key":"Potion Belt"},{"floor":9,"key":"Juzu Bracelet"},{"floor":10,"key":"Thread and Needle"},{"floor":12,"key":"Mercury Hourglass"},{"floor":13,"key":"Centennial Puzzle"},{"floor":24,"key":"Bottled Lightning"}],"event_choices":[{"cards_removed":["Strike_R"],"damage_healed":0,"gold_gain":0,"player_choice":"Card Removal","damage_taken":0,"max_hp_gain":0,"max_hp_loss":0,"event_name":"The Cleric","floor":2,"gold_loss":75},{"damage_healed":0,"gold_gain":0,"player_choice":"Left Gold","damage_taken":0,"max_hp_gain":0,"max_hp_loss":0,"event_name":"World of Goop","floor":4,"gold_loss":52},{"damage_healed":0,"gold_gain":0,"player_choice":"Ignored","damage_taken":0,"max_hp_gain":0,"max_hp_loss":0,"event_name":"Liars Game","floor":5,"gold_loss":0},{"damage_healed":0,"gold_gain":0,"cards_transformed":["Strike_R","Strike_R"],"player_choice":"Became Test Subject","damage_taken":0,"max_hp_gain":0,"max_hp_loss":0,"event_name":"Drug Dealer","floor":19,"gold_loss":0,"cards_obtained":["Whirlwind","Seeing Red"]},{"damage_healed":0,"gold_gain":0,"player_choice":"Traded Relic","damage_taken":0,"relics_obtained":["Nloth\u0027s Gift"],"max_hp_gain":0,"max_hp_loss":0,"event_name":"N\u0027loth","floor":20,"relics_lost":["War Paint"],"gold_loss":0},{"damage_healed":0,"gold_gain":0,"player_choice":"Joined the Cult","damage_taken":6,"max_hp_gain":0,"max_hp_loss":0,"event_name":"Nest","floor":21,"gold_loss":0,"cards_obtained":["RitualDagger"]}],"is_beta":false,"boss_relics":[{"not_picked":["Fusion Hammer","Philosopher\u0027s Stone"],"picked":"Eternal Feather"}],"items_purged_floors":[11],"is_endless":false,"potions_floor_spawned":[1,6,16],"killed_by":"Book of Stabbing","ascension_level":18}