{"path_per_floor":["M","?","?","$","?","R","M","$","T","R","?","M","?","M","R","B",null,"M","?","?","M","M","R","E","?","T","T","R","M","?","$","R","B",null,"M","?"],"character_chosen":"IRONCLAD","items_purchased":["Metallicize","Flash of Steel","Strength Potion"],"gold_per_floor":[149,149,149,19,0,0,15,15,15,15,90,108,108,129,129,253,253,278,278,193,207,223,223,254,254,254,254,254,275,200,73,73,193,193,209,209],"floor_reached":37,"campfire_rested":0,"playtime":2134,"current_hp_per_floor":[79,79,72,72,72,72,71,71,71,71,67,67,67,67,67,45,79,75,75,75,80,64,64,45,45,45,45,45,41,41,41,41,33,66,37,55],"items_purged":["Defend_R"],"gold":209,"score":374,"play_id":"1efc0ed9-f1d0-4779-a5cc-ab88b903c618","local_time":"20180306102152","is_prod":false,"is_daily":false,"is_ascension_mode":false,"campfire_upgraded":6,"timestamp":1520349712,"path_taken":["M","?","?","$","?","R","?","?","T","R","?","M","?","M","R","BOSS","M","?","?","M","?","R","E","?","T","?","R","M","?","$","R","BOSS","M","?","?"],"build_version":"2018-03-01-PROD1","purchased_purges":1,"victory":false,"master_deck":["Defend_R","Defend_R","Defend_R+1","Bash","Clothesline","Cleave","Metallicize+1","Flash of Steel+1","Warcry+1","Thunderclap","Demon Form+1","Feed+1","Clash+1","Seeing Red","Body Slam+1","Bite","Bite","Bite","Bite","Bite","Double Tap","Clothesline+1","Writhe"],"max_hp_per_floor":[85,79,79,79,79,79,79,79,79,79,79,79,79,79,79,79,79,79,79,79,82,82,82,89,62,62,62,62,62,62,62,62,66,66,70,70],"relics":["Tiny House","Golden Idol","Gambling Chip","Shuriken","Velvet Choker","Magic Flower","Anchor","Strawberry","Dead Branch","Juzu Bracelet","Eternal Feather"],"card_choices":[{"not_picked":["Pommel Strike","Whirlwind"],"picked":"Clothesline"},{"not_picked":["Heavy Blade","Iron Wave"],"picked":"Cleave"},{"not_picked":["Entrench","Sentinel"],"picked":"Warcry"},{"not_picked":["Wild Strike","Warcry"],"picked":"Thunderclap"},{"not_picked":["Havoc","Rage"],"picked":"Demon Form"},{"not_picked":["Demon Form","Barricade"],"picked":"Feed"},{"not_picked":["Sever Soul","Twin Strike"],"picked":"Clash"},{"not_picked":["Blood for Blood","Metallicize"],"picked":"Seeing Red"},{"not_picked":["Disarm","Immolate"],"picked":"Body Slam"},{"not_picked":["Barricade","Dark Embrace"],"picked":"Double Tap"},{"not_picked":["Infernal Blade","Entrench"],"picked":"Clothesline"}],"player_experience":415222,"potions_floor_usage":[11,16,21,24,24,29,33,33],"damage_taken":[{"damage":6,"enemies":"Small Slimes","floor":1,"turns":4},{"damage":1,"enemies":"Jaw Worm","floor":7,"turns":4},{"damage":4,"enemies":"3 Sentries","floor":11,"turns":7},{"damage":0,"enemies":"2 Louse","floor":12,"turns":2},{"damage":0,"enemies":"Lots of Slimes","floor":14,"turns":2},{"damage":22,"enemies":"Slime Boss","floor":16,"turns":5},{"damage":4,"enemies":"Shell Parasite","floor":18,"turns":4},{"damage":0,"enemies":"3 Byrds","floor":21,"turns":4},{"damage":16,"enemies":"Centurion and Healer","floor":22,"turns":4},{"damage":26,"enemies":"Gremlin Leader","floor":24,"turns":8},{"damage":13,"enemies":"Snecko","floor":29,"turns":4},{"damage":32,"enemies":"Champ","floor":33,"turns":7},{"damage":41,"enemies":"3 Shapes","floor":35,"turns":4},{"damage":68,"enemies":"Mysterious Sphere","floor":37,"turns":5}],"event_choices":[{"event_name":"Golden Idol","player_choice":"Lose Max HP","floor":2,"damage_taken":0},{"event_name":"Golden Wing","player_choice":"Card Removal","floor":3,"damage_taken":0},{"event_name":"World of Goop","player_choice":"Left","floor":5,"damage_taken":0},{"event_name":"Dead Adventurer","player_choice":"Searched \u00271\u0027 times","floor":11,"damage_taken":0},{"event_name":"Bonfire Elementals","player_choice":"BASIC","floor":13,"damage_taken":0},{"event_name":"The Mausoleum","player_choice":"Yes","floor":19,"damage_taken":0},{"event_name":"Addict","player_choice":"Obtained Relic","floor":20,"damage_taken":0},{"event_name":"Vampires","player_choice":"Became a vampire","floor":25,"damage_taken":0},{"event_name":"Beggar","player_choice":"Gave Gold","floor":30,"damage_taken":0},{"event_name":"Winding Halls","player_choice":"Writhe","floor":36,"damage_taken":0},{"event_name":"Mysterious Sphere","player_choice":"Fight","floor":37,"damage_taken":0}],"boss_relics":[{"not_picked":["Calling Bell","Runic Cube"],"picked":"Velvet Choker"},{"not_picked":["Cursed Key","Snecko Eye"],"picked":"Eternal Feather"}],"potions_floor_spawned":[7,11,12,16,24,29],"seed_played":"-2155477781581518344","killed_by":"Mysterious Sphere","ascension_level":0,"is_trial":false}