{"gold_per_floor":[115,115,136,136,150,150,183,183,231,246,289,289,312,327,327,423,423,442,481,481,1,26,26],"floor_reached":23,"playtime":1287,"items_purged":[],"score":502,"play_id":"2d6ef476-0c6d-405d-99a8-9398e657d8af","local_time":"20190501100127","is_ascension_mode":true,"campfire_choices":[{"data":"Wild Strike","floor":6,"key":"SMITH"},{"data":"Bash","floor":8,"key":"SMITH"},{"data":"Pummel","floor":12,"key":"SMITH"},{"data":"Carnage","floor":15,"key":"SMITH"}],"neow_cost":"NONE","seed_source_timestamp":748192767103124,"circlet_count":0,"master_deck":["AscendersBane","Strike_R","Strike_R","Defend_R","Defend_R","Defend_R","Defend_R","Bash+1","Wild Strike+1","Shrug It Off","Pummel+1","Reckless Charge","Metallicize","Carnage+1","Feel No Pain","Reaper","Feed+1","Heavy Blade+1","Rupture+1","Spot Weakness","Headbutt","Feed+1","Evolve+1"],"relics":["Burning Blood","Golden Idol","Red Skull","Ancient Tea Set","FossilizedHelix","Astrolabe","Red Mask","Frozen Egg 2","DollysMirror"],"potions_floor_usage":[7,7,18,19,22,22],"damage_taken":[{"damage":11,"enemies":"Small Slimes","floor":1,"turns":4},{"damage":9,"enemies":"Jaw Worm","floor":3,"turns":4},{"damage":1,"enemies":"Cultist","floor":5,"turns":4},{"damage":8,"enemies":"Gremlin Nob","floor":7,"turns":3},{"damage":14,"enemies":"Exordium Thugs","floor":10,"turns":4},{"damage":35,"enemies":"3 Sentries","floor":11,"turns":7},{"damage":0,"enemies":"Exordium Wildlife","floor":13,"turns":2},{"damage":13,"enemies":"Blue Slaver","floor":14,"turns":3},{"damage":0,"enemies":"Slime Boss","floor":16,"turns":5},{"damage":29,"enemies":"Chosen","floor":18,"turns":8},{"damage":59,"enemies":"Masked Bandits","floor":19,"turns":5},{"damage":13,"enemies":"3 Byrds","floor":22,"turns":5},{"damage":28,"enemies":"Gremlin Leader","floor":23,"turns":6}],"seed_played":"1674654495098286737","potions_obtained":[{"floor":0,"key":"FearPotion"},{"floor":0,"key":"Strength Potion"},{"floor":10,"key":"Dexterity Potion"},{"floor":13,"key":"SpeedPotion"},{"floor":18,"key":"Energy Potion"},{"floor":19,"key":"AttackPotion"}],"is_trial":false,"path_per_floor":["M","?","M","?","M","R","E","R","T","M","E","R","M","M","R","B",null,"M","?","T","$","M","E"],"character_chosen":"IRONCLAD","items_purchased":["Frozen Egg 2","DollysMirror"],"campfire_rested":0,"item_purchase_floors":[21,21],"current_hp_per_floor":[63,63,60,65,70,70,68,68,68,60,31,31,37,30,30,36,64,51,16,16,16,22,0],"gold":26,"neow_bonus":"THREE_SMALL_POTIONS","is_prod":false,"is_daily":false,"chose_seed":false,"campfire_upgraded":4,"win_rate":0,"timestamp":1556719287,"path_taken":["M","?","M","?","M","R","E","R","T","M","E","R","?","M","R","BOSS","M","?","?","$","?","E"],"build_version":"2019-01-23","purchased_purges":0,"victory":false,"max_hp_per_floor":[75,68,68,73,73,73,73,73,73,73,73,73,73,73,73,73,73,77,81,81,81,85,85],"card_choices":[{"not_picked":["Iron Wave","Heavy Blade"],"picked":"Wild Strike","floor":1},{"not_picked":["Armaments","Clothesline"],"picked":"Shrug It Off","floor":3},{"not_picked":["Thunderclap","Searing Blow","Havoc"],"picked":"SKIP","floor":5},{"not_picked":["Metallicize","Exhume"],"picked":"Pummel","floor":7},{"not_picked":["Anger","Sentinel"],"picked":"Reckless Charge","floor":10},{"not_picked":["Fire Breathing","Twin Strike"],"picked":"Metallicize","floor":11},{"not_picked":["Evolve","Warcry"],"picked":"Carnage","floor":13},{"not_picked":["Twin Strike","Perfected Strike"],"picked":"Feel No Pain","floor":14},{"not_picked":["Barricade","Fiend Fire"],"picked":"Reaper","floor":16},{"not_picked":["Iron Wave","Twin Strike"],"picked":"Spot Weakness","floor":18},{"not_picked":["Combust","Warcry"],"picked":"Headbutt","floor":19},{"not_picked":["Entrench","Power Through"],"picked":"Evolve+1","floor":22}],"player_experience":2201777,"relics_obtained":[{"floor":7,"key":"Red Skull"},{"floor":9,"key":"Ancient Tea Set"},{"floor":11,"key":"FossilizedHelix"},{"floor":19,"key":"Red Mask"}],"event_choices":[{"damage_healed":0,"gold_gain":0,"player_choice":"Lose Max HP","damage_taken":0,"relics_obtained":["Golden Idol"],"max_hp_gain":0,"max_hp_loss":7,"event_name":"Golden Idol","floor":2,"gold_loss":0},{"damage_healed":0,"gold_gain":0,"player_choice":"Donut","damage_taken":0,"max_hp_gain":5,"max_hp_loss":0,"event_name":"Big Fish","floor":4,"gold_loss":0},{"damage_healed":0,"gold_gain":0,"player_choice":"Fought Bandits","damage_taken":0,"max_hp_gain":0,"max_hp_loss":0,"event_name":"Masked Bandits","floor":19,"gold_loss":0}],"is_beta":false,"boss_relics":[{"not_picked":["Empty Cage","Runic Pyramid"],"picked":"Astrolabe"}],"items_purged_floors":[],"is_endless":false,"potions_floor_spawned":[1,10,13,18,19],"killed_by":"Gremlin Leader","ascension_level":20}