{"gold_per_floor":[109,109,122,122,122,122,156,156,156,174,174,189,208,233,233,233],"floor_reached":16,"playtime":584,"items_purged":[],"score":204,"play_id":"0c735e78-9a77-4220-9c5a-31d123788b25","local_time":"20190411010614","is_ascension_mode":true,"campfire_choices":[{"floor":6,"key":"REST"},{"data":"Genetic Algorithm","floor":15,"key":"SMITH"}],"neow_cost":"NONE","seed_source_timestamp":32841425155732,"circlet_count":0,"master_deck":["AscendersBane","Strike_B+1","Strike_B","Strike_B","Defend_B","Defend_B","Defend_B","Defend_B","Zap","Dualcast","Defragment+1","Ball Lightning","Undo","Core Surge","Capacitor","Self Repair","Cold Snap","Genetic Algorithm+1","Static Discharge"],"relics":["Cracked Core","Golden Idol","Orichalcum","Blue Candle","Anchor","Dead Branch"],"potions_floor_usage":[7,13],"damage_taken":[{"damage":2,"enemies":"Jaw Worm","floor":1,"turns":4},{"damage":4,"enemies":"Small Slimes","floor":3,"turns":4},{"damage":22,"enemies":"3 Sentries","floor":7,"turns":5},{"damage":0,"enemies":"Cultist","floor":10,"turns":3},{"damage":0,"enemies":"Blue Slaver","floor":12,"turns":5},{"damage":0,"enemies":"Gremlin Gang","floor":13,"turns":4},{"damage":0,"enemies":"Red Slaver","floor":14,"turns":3},{"damage":31,"enemies":"Slime Boss","floor":16,"turns":3}],"seed_played":"2297238911838632993","potions_obtained":[{"floor":3,"key":"Explosive Potion"},{"floor":10,"key":"Block Potion"},{"floor":12,"key":"Ancient Potion"}],"is_trial":false,"path_per_floor":["M","?","M","?","?","R","E","?","T","M","T","M","M","M","R","B"],"character_chosen":"DEFECT","items_purchased":[],"campfire_rested":1,"item_purchase_floors":[],"current_hp_per_floor":[62,62,58,23,4,23,1,1,1,1,1,8,15,22,22,0],"gold":233,"neow_bonus":"REMOVE_CARD","is_prod":false,"is_daily":false,"chose_seed":false,"campfire_upgraded":1,"win_rate":0,"timestamp":1554959174,"path_taken":["M","?","M","?","?","R","E","?","T","?","?","?","M","M","R","BOSS"],"build_version":"2019-01-23","purchased_purges":0,"victory":false,"max_hp_per_floor":[71,64,64,64,64,64,64,64,64,64,64,64,64,64,64,64],"card_choices":[{"not_picked":["Cold Snap","Conserve Battery"],"picked":"Defragment","floor":1},{"not_picked":["Barrage","Stack"],"picked":"Ball Lightning","floor":3},{"not_picked":["Barrage","Hologram"],"picked":"Undo","floor":7},{"not_picked":["Storm","Consume"],"picked":"Self Repair","floor":10},{"not_picked":["Turbo","Gash"],"picked":"Cold Snap","floor":12},{"not_picked":["Hologram","Streamline"],"picked":"Genetic Algorithm","floor":13},{"not_picked":["Rebound","Blizzard"],"picked":"Static Discharge","floor":14}],"player_experience":1786565,"relics_obtained":[{"floor":7,"key":"Blue Candle"},{"floor":9,"key":"Anchor"},{"floor":11,"key":"Dead Branch"}],"event_choices":[{"damage_healed":0,"gold_gain":0,"player_choice":"Lose Max HP","damage_taken":0,"relics_obtained":["Golden Idol"],"max_hp_gain":0,"max_hp_loss":7,"event_name":"Golden Idol","floor":2,"gold_loss":0},{"damage_healed":0,"gold_gain":0,"player_choice":"Success","damage_taken":35,"relics_obtained":["Orichalcum"],"max_hp_gain":0,"max_hp_loss":0,"event_name":"Scrap Ooze","floor":4,"gold_loss":0},{"damage_healed":0,"gold_gain":0,"player_choice":"Entered Light","damage_taken":19,"max_hp_gain":0,"max_hp_loss":0,"event_name":"Shining Light","floor":5,"gold_loss":0,"cards_upgraded":["Defragment","Strike_B"]},{"damage_healed":0,"gold_gain":0,"player_choice":"2 cards matched","damage_taken":0,"max_hp_gain":0,"max_hp_loss":0,"event_name":"Match and Keep!","floor":8,"gold_loss":0,"cards_obtained":["Core Surge","Capacitor"]}],"is_beta":false,"boss_relics":[],"items_purged_floors":[],"is_endless":false,"potions_floor_spawned":[3,10,12],"killed_by":"Slime Boss","ascension_level":20}