{"gold_per_floor":[115,134,146,146,37,37,64,64,64,82,103,128,146,181,181,181],"floor_reached":16,"playtime":619,"items_purged":[],"score":240,"play_id":"24dcbe75-45a4-42e7-bda2-03fba2ec57b0","local_time":"20190415235228","is_ascension_mode":true,"campfire_choices":[{"data":"Heavy Blade","floor":6,"key":"SMITH"},{"data":"Pummel","floor":8,"key":"SMITH"},{"floor":15,"key":"REST"}],"neow_cost":"NONE","seed_source_timestamp":365114270725703,"circlet_count":0,"master_deck":["AscendersBane","Strike_R","Strike_R","Strike_R","Strike_R","Strike_R","Defend_R","Defend_R","Defend_R","Defend_R","Bash+1","Impatience","Pommel Strike","Pummel+1","Heavy Blade+1","Spot Weakness","Sword Boomerang+1","Shrug It Off","Shrug It Off","Anger+1","Iron Wave+1"],"relics":["Burning Blood","Question Card","Molten Egg 2","Odd Mushroom","Art of War","Ornamental Fan"],"potions_floor_usage":[3,7,7,11,16],"damage_taken":[{"damage":6,"enemies":"Cultist","floor":1,"turns":3},{"damage":4,"enemies":"Jaw Worm","floor":2,"turns":4},{"damage":10,"enemies":"Small Slimes","floor":3,"turns":3},{"damage":8,"enemies":"Gremlin Nob","floor":7,"turns":3},{"damage":14,"enemies":"3 Louse","floor":10,"turns":3},{"damage":13,"enemies":"The Mushroom Lair","floor":11,"turns":3},{"damage":35,"enemies":"Lagavulin","floor":12,"turns":6},{"damage":3,"enemies":"Blue Slaver","floor":13,"turns":3},{"damage":21,"enemies":"3 Sentries","floor":14,"turns":7},{"damage":36,"enemies":"Slime Boss","floor":16,"turns":7}],"seed_played":"-5429555353486249883","potions_obtained":[{"floor":1,"key":"Explosive Potion"},{"floor":7,"key":"EssenceOfSteel"},{"floor":12,"key":"Block Potion"}],"is_trial":false,"path_per_floor":["M","M","M","?","$","R","E","R","T","M","?","E","M","E","R","B"],"character_chosen":"IRONCLAD","items_purchased":["Strength Potion","Fire Potion"],"campfire_rested":1,"item_purchase_floors":[5,5],"current_hp_per_floor":[68,70,66,66,66,66,64,64,64,56,49,20,23,8,30,0],"gold":181,"neow_bonus":"RANDOM_COLORLESS","is_prod":false,"is_daily":false,"chose_seed":false,"campfire_upgraded":2,"win_rate":0,"timestamp":1555386748,"path_taken":["M","M","?","?","?","R","E","R","T","?","?","E","M","E","R","BOSS"],"build_version":"2019-01-23","purchased_purges":0,"victory":false,"max_hp_per_floor":[75,75,75,75,75,75,75,75,75,75,75,75,75,75,75,75],"card_choices":[{"not_picked":["Headbutt","Warcry"],"picked":"Pommel Strike","floor":1},{"not_picked":["Warcry","Cleave"],"picked":"Pummel","floor":2},{"not_picked":["Pummel","Intimidate"],"picked":"Heavy Blade","floor":3},{"not_picked":["Flex","Clash"],"picked":"Spot Weakness","floor":7},{"not_picked":["Juggernaut","Thunderclap+1","Flame Barrier"],"picked":"Sword Boomerang+1","floor":10},{"not_picked":["Headbutt+1","Wild Strike+1","Warcry"],"picked":"Shrug It Off","floor":11},{"not_picked":["Immolate+1","True Grit","Clash+1"],"picked":"Shrug It Off","floor":12},{"not_picked":["Headbutt+1","Intimidate","Wild Strike+1"],"picked":"Anger+1","floor":13},{"not_picked":["Seeing Red","Sever Soul+1","Shockwave"],"picked":"Iron Wave+1","floor":14}],"player_experience":1846734,"relics_obtained":[{"floor":7,"key":"Question Card"},{"floor":9,"key":"Molten Egg 2"},{"floor":11,"key":"Odd Mushroom"},{"floor":12,"key":"Art of War"},{"floor":14,"key":"Ornamental Fan"}],"event_choices":[{"damage_healed":0,"gold_gain":0,"player_choice":"Upgraded","damage_taken":0,"max_hp_gain":0,"max_hp_loss":0,"event_name":"Upgrade Shrine","floor":4,"gold_loss":0,"cards_upgraded":["Bash"]},{"damage_healed":0,"gold_gain":0,"player_choice":"Fought Mushrooms","damage_taken":0,"max_hp_gain":0,"max_hp_loss":0,"event_name":"Mushrooms","floor":11,"gold_loss":0}],"is_beta":false,"boss_relics":[],"items_purged_floors":[],"is_endless":false,"potions_floor_spawned":[1,7,12],"killed_by":"Slime Boss","ascension_level":20}