{"gold_per_floor":[14,189,114,114,133,164,164,197,197,218,237,237,272,272,272,400,400,415,415,415,415,340,380,380,380,380,40,40,40,40,55,55,55],"floor_reached":33,"playtime":2717,"items_purged":["Doubt","Night Terror"],"score":332,"play_id":"f150b184-c846-42ca-a16c-57fa588494c4","local_time":"20190415154637","is_ascension_mode":true,"campfire_choices":[{"floor":7,"key":"REST"},{"floor":15,"key":"REST"},{"floor":25,"key":"REST"},{"floor":29,"key":"REST"},{"floor":32,"key":"REST"}],"neow_cost":"NO_GOLD","seed_source_timestamp":336421891185195,"circlet_count":0,"master_deck":["Defend_G","Defend_G","Defend_G","Defend_G","Survivor","Neutralize","Noxious Fumes+1","Deadly Poison","Escape Plan","Cloak And Dagger","Crippling Poison","A Thousand Cuts","Parasite","Prepared","Leg Sweep","Bite","Bite","Bite","Bite","Leg Sweep","Acrobatics","Acrobatics+1","Backflip"],"relics":["Ring of the Snake","Golden Idol","Bottled Lightning","Juzu Bracelet","Gremlin Horn","Dream Catcher","Eternal Feather","Singing Bowl","Nunchaku","Toolbox"],"potions_floor_usage":[6,13,23,24,28],"damage_taken":[{"damage":0,"enemies":"Jaw Worm","floor":1,"turns":6},{"damage":0,"enemies":"2 Louse","floor":5,"turns":3},{"damage":39,"enemies":"Gremlin Nob","floor":6,"turns":7},{"damage":21,"enemies":"Lagavulin","floor":8,"turns":7},{"damage":2,"enemies":"Small Slimes","floor":10,"turns":4},{"damage":0,"enemies":"Red Slaver","floor":11,"turns":5},{"damage":14,"enemies":"Gremlin Nob","floor":13,"turns":5},{"damage":40,"enemies":"Slime Boss","floor":16,"turns":13},{"damage":5,"enemies":"3 Byrds","floor":18,"turns":4},{"damage":46,"enemies":"Book of Stabbing","floor":23,"turns":9},{"damage":1,"enemies":"Shell Parasite","floor":24,"turns":2},{"damage":47,"enemies":"Colosseum Slavers","floor":28,"turns":5},{"damage":38,"enemies":"Shelled Parasite and Fungi","floor":31,"turns":9},{"damage":59,"enemies":"Champ","floor":33,"turns":14}],"seed_played":"-4338611062635349700","potions_obtained":[{"floor":1,"key":"Dexterity Potion"},{"floor":10,"key":"Dexterity Potion"},{"floor":11,"key":"SmokeBomb"},{"floor":18,"key":"PowerPotion"},{"floor":23,"key":"Ancient Potion"}],"is_trial":false,"path_per_floor":["M","?","$","?","M","E","R","E","T","M","M","?","E","?","R","B",null,"M","?","?","?","?","E","M","R","T","$","?","R","?","M","R","B"],"character_chosen":"THE_SILENT","items_purchased":["Leg Sweep","Toolbox"],"campfire_rested":5,"item_purchase_floors":[27,27],"current_hp_per_floor":[70,70,70,70,70,31,52,31,31,29,29,29,15,32,53,13,70,65,65,49,49,49,19,20,49,49,49,10,37,37,9,36,0],"gold":55,"neow_bonus":"REMOVE_TWO","is_prod":false,"is_daily":false,"chose_seed":false,"campfire_upgraded":0,"win_rate":0,"timestamp":1555339597,"path_taken":["M","?","$","?","M","E","R","E","T","M","M","?","E","?","R","BOSS","M","?","?","?","?","E","M","R","T","$","?","R","?","M","R","BOSS"],"build_version":"2019-01-23","purchased_purges":2,"victory":false,"max_hp_per_floor":[70,70,70,70,70,70,70,70,70,70,70,70,70,70,70,70,70,70,70,49,49,49,51,51,53,53,53,53,53,53,53,53,53],"card_choices":[{"not_picked":["Backstab","Poisoned Stab"],"picked":"Noxious Fumes","floor":1},{"not_picked":["Flechettes","Quick Slash"],"picked":"Deadly Poison","floor":5},{"not_picked":["Deadly Poison","Accuracy"],"picked":"Escape Plan","floor":6},{"not_picked":["Expertise","Slice"],"picked":"Cloak And Dagger","floor":8},{"not_picked":["Quick Slash","Escape Plan"],"picked":"Crippling Poison","floor":10},{"not_picked":["Eviscerate","Underhanded Strike","Sucker Punch"],"picked":"SKIP","floor":11},{"not_picked":["Underhanded Strike","Masterful Stab"],"picked":"A Thousand Cuts","floor":13},{"not_picked":["Slice","Deflect"],"picked":"Prepared","floor":15},{"not_picked":["Storm of Steel","Phantasmal Killer"],"picked":"Night Terror","floor":16},{"not_picked":["Deadly Poison","Dagger Throw"],"picked":"Leg Sweep","floor":18},{"not_picked":["Outmaneuver+1","Masterful Stab","Skewer+1"],"picked":"Singing Bowl","floor":23},{"not_picked":["Dodge and Roll","Caltrops","Blade Dance"],"picked":"Singing Bowl","floor":25},{"not_picked":["Slice","Sucker Punch+1"],"picked":"Acrobatics","floor":29},{"not_picked":["Outmaneuver+1","Storm of Steel"],"picked":"Acrobatics+1","floor":31},{"not_picked":["Poisoned Stab+1","Deflect+1"],"picked":"Backflip","floor":32}],"player_experience":113882,"relics_obtained":[{"floor":6,"key":"Bottled Lightning"},{"floor":8,"key":"Juzu Bracelet"},{"floor":9,"key":"Gremlin Horn"},{"floor":13,"key":"Dream Catcher"},{"floor":23,"key":"Singing Bowl"},{"floor":26,"key":"Nunchaku"}],"event_choices":[{"damage_healed":0,"gold_gain":175,"player_choice":"AGREE","damage_taken":0,"max_hp_gain":0,"max_hp_loss":0,"event_name":"Liars Game","floor":2,"gold_loss":0,"cards_obtained":["Doubt"]},{"damage_healed":0,"gold_gain":0,"player_choice":"Take Wound","damage_taken":0,"relics_obtained":["Golden Idol"],"max_hp_gain":0,"max_hp_loss":0,"event_name":"Golden Idol","floor":4,"gold_loss":0,"cards_obtained":["Injury"]},{"cards_removed":["Injury"],"damage_healed":0,"gold_gain":0,"player_choice":"Forget","damage_taken":0,"max_hp_gain":0,"max_hp_loss":0,"event_name":"Living Wall","floor":12,"gold_loss":0},{"damage_healed":17,"gold_gain":0,"player_choice":"Healed and dodged fight","damage_taken":0,"max_hp_gain":0,"max_hp_loss":0,"event_name":"Mushrooms","floor":14,"gold_loss":0,"cards_obtained":["Parasite"]},{"damage_healed":0,"gold_gain":0,"player_choice":"Upgraded","damage_taken":0,"max_hp_gain":0,"max_hp_loss":0,"event_name":"Upgrade Shrine","floor":19,"gold_loss":0,"cards_upgraded":["Noxious Fumes"]},{"damage_healed":0,"gold_gain":0,"player_choice":"Became a vampire","damage_taken":0,"max_hp_gain":0,"max_hp_loss":21,"event_name":"Vampires","floor":20,"gold_loss":0,"cards_obtained":["Bite","Bite","Bite","Bite","Bite"]},{"damage_healed":0,"gold_gain":0,"player_choice":"Ignored","damage_taken":0,"max_hp_gain":0,"max_hp_loss":0,"event_name":"Ghosts","floor":21,"gold_loss":0},{"cards_removed":["Defend_G"],"damage_healed":0,"gold_gain":0,"player_choice":"Gave Gold","damage_taken":0,"max_hp_gain":0,"max_hp_loss":0,"event_name":"Beggar","floor":22,"gold_loss":75},{"damage_healed":0,"gold_gain":0,"player_choice":"Fight","damage_taken":0,"max_hp_gain":0,"max_hp_loss":0,"event_name":"Colosseum","floor":28,"gold_loss":0},{"damage_healed":0,"gold_gain":0,"player_choice":"Fled From Nobs","damage_taken":0,"max_hp_gain":0,"max_hp_loss":0,"event_name":"Colosseum","floor":28,"gold_loss":0},{"cards_removed":["Bite"],"damage_healed":0,"gold_gain":0,"player_choice":"Purged","damage_taken":0,"max_hp_gain":0,"max_hp_loss":0,"event_name":"Purifier","floor":30,"gold_loss":0}],"is_beta":false,"boss_relics":[{"not_picked":["HoveringKite","White Beast Statue"],"picked":"Eternal Feather"}],"items_purged_floors":[3,27],"is_endless":false,"potions_floor_spawned":[1,10,11,18,23,28],"killed_by":"Champ","ascension_level":2}