{"gold_per_floor":[114,129,129,15,30,30,30,65,65,65,65,65,65,97,97,97],"floor_reached":16,"playtime":359,"items_purged":["Strike_B"],"score":186,"play_id":"fd2e0a2f-887b-4705-9ce8-80f950a6aa83","local_time":"20190326231810","is_ascension_mode":true,"campfire_choices":[{"data":"Defragment","floor":6,"key":"SMITH"},{"floor":10,"key":"REST"},{"floor":15,"key":"DIG"}],"neow_cost":"NONE","seed_source_timestamp":1167093721498757,"circlet_count":0,"master_deck":["AscendersBane","Strike_B","Strike_B","Strike_B","Defend_B","Defend_B","Defend_B","Defend_B","Zap","Dualcast","Chill","Redo","Defragment+1","Compile Driver"],"special_seed":0,"relics":["Busted Crown","Shovel","Lantern","Bronze Scales","Dream Catcher"],"potions_floor_usage":[8,8,16,16],"damage_taken":[{"damage":0,"enemies":"2 Louse","floor":1,"turns":2},{"damage":1,"enemies":"Jaw Worm","floor":2,"turns":4},{"damage":0,"enemies":"Small Slimes","floor":5,"turns":5},{"damage":46,"enemies":"Gremlin Nob","floor":8,"turns":6},{"damage":9,"enemies":"3 Sentries","floor":14,"turns":10},{"damage":13,"enemies":"The Guardian","floor":16,"turns":2}],"seed_played":"-6264044588367367132","potions_obtained":[{"floor":1,"key":"Weak Potion"},{"floor":5,"key":"Weak Potion"},{"floor":13,"key":"FairyPotion"},{"floor":13,"key":"Weak Potion"},{"floor":14,"key":"SkillPotion"}],"is_trial":false,"path_per_floor":["M","M","?","$","M","R","$","E","T","R","$","?","?","E","R","B"],"character_chosen":"DEFECT","items_purchased":["Defragment"],"campfire_rested":1,"item_purchase_floors":[4],"current_hp_per_floor":[64,63,63,63,63,63,63,17,17,38,38,20,20,11,11,0],"gold":97,"neow_bonus":"BOSS_RELIC","is_prod":false,"is_daily":false,"chose_seed":false,"campfire_upgraded":1,"win_rate":0,"timestamp":1553656690,"path_taken":["M","M","?","$","M","R","$","E","T","R","$","?","?","E","R","BOSS"],"build_version":"2019-03-15","purchased_purges":1,"victory":false,"max_hp_per_floor":[71,71,71,71,71,71,71,71,71,71,71,71,71,71,71,71],"card_choices":[{"not_picked":[],"picked":"Chill","floor":1},{"not_picked":[],"picked":"Redo","floor":2},{"not_picked":["Steam"],"picked":"SKIP","floor":5},{"not_picked":["Redo"],"picked":"SKIP","floor":8},{"not_picked":[],"picked":"Compile Driver","floor":14}],"player_experience":2297112,"relics_obtained":[{"floor":8,"key":"Shovel"},{"floor":14,"key":"Bronze Scales"},{"floor":15,"key":"Dream Catcher"}],"event_choices":[{"damage_healed":0,"gold_gain":0,"player_choice":"Leave","damage_taken":0,"max_hp_gain":0,"max_hp_loss":0,"event_name":"The Cleric","floor":3,"gold_loss":0},{"damage_healed":0,"gold_gain":0,"player_choice":"Success","damage_taken":18,"relics_obtained":["Lantern"],"max_hp_gain":0,"max_hp_loss":0,"event_name":"Scrap Ooze","floor":12,"gold_loss":0},{"damage_healed":0,"gold_gain":0,"player_choice":"Got Potions","damage_taken":0,"max_hp_gain":0,"max_hp_loss":0,"event_name":"Lab","floor":13,"gold_loss":0}],"is_beta":true,"boss_relics":[],"items_purged_floors":[4],"is_endless":false,"potions_floor_spawned":[1,5,14],"killed_by":"The Guardian","ascension_level":15}