{"gold_per_floor":[112,126,76,2,17,42,53,53,53,53,63,17,46,72,72,72],"floor_reached":16,"playtime":407,"items_purged":[],"score":193,"play_id":"89dbd649-ecc5-43f6-97e3-06e14290ca11","local_time":"20180802103015","is_ascension_mode":true,"campfire_choices":[{"data":"Neutralize","floor":8,"key":"SMITH"},{"data":"Cloak And Dagger","floor":10,"key":"SMITH"},{"floor":15,"key":"REST"}],"neow_cost":"TEN_PERCENT_HP_LOSS","seed_source_timestamp":5227890469777,"circlet_count":0,"master_deck":["Defend_G","Defend_G","Defend_G","Defend_G","Defend_G","Strike_G","Strike_G","Strike_G","Strike_G","Strike_G","Survivor","Neutralize+1","AscendersBane","Adrenaline","Cloak And Dagger+1","Cloak And Dagger","Infinite Blades","Leg Sweep","Backstab","Cloak And Dagger","Dagger Spray","Dash","Sucker Punch"],"relics":["Ring of the Snake","Orichalcum","Turnip","Paper Crane","Frozen Egg 2","Odd Mushroom"],"potions_floor_usage":[13,16],"damage_taken":[{"damage":0,"enemies":"Small Slimes","floor":1,"turns":3},{"damage":0,"enemies":"Cultist","floor":2,"turns":5},{"damage":1,"enemies":"2 Louse","floor":5,"turns":3},{"damage":18,"enemies":"3 Sentries","floor":6,"turns":8},{"damage":0,"enemies":"Blue Slaver","floor":7,"turns":5},{"damage":0,"enemies":"Looter","floor":11,"turns":4},{"damage":27,"enemies":"Gremlin Nob","floor":13,"turns":4},{"damage":0,"floor":14,"turns":4},{"damage":36,"enemies":"Slime Boss","floor":16,"turns":8}],"seed_played":"8979852109600332217","potions_obtained":[{"floor":6,"key":"Energy Potion"},{"floor":7,"key":"PowerPotion"},{"floor":13,"key":"Strength Potion"},{"floor":14,"key":"PowerPotion"}],"is_trial":false,"path_per_floor":["M","M","?","$","M","E","M","R","T","R","M","$","E","?","R"],"character_chosen":"THE_SILENT","items_purchased":["Infinite Blades","Dagger Spray"],"campfire_rested":1,"item_purchase_floors":[4,12],"current_hp_per_floor":[59,59,59,59,58,40,40,40,40,40,40,40,13,13,31,0],"gold":72,"neow_bonus":"THREE_RARE_CARDS","is_prod":false,"is_daily":false,"chose_seed":false,"campfire_upgraded":2,"win_rate":0,"timestamp":1533231015,"path_taken":["M","M","?","$","M","E","M","R","T","R","M","$","E","?","R","BOSS"],"build_version":"2018-08-01","purchased_purges":0,"victory":false,"max_hp_per_floor":[60,60,60,60,60,60,60,60,60,60,60,60,60,60,60,60],"card_choices":[{"not_picked":["Envenom","Grand Finale"],"picked":"Adrenaline","floor":0},{"not_picked":["Dagger Throw","Accuracy"],"picked":"Cloak And Dagger","floor":1},{"not_picked":["Deadly Poison","Backflip"],"picked":"Cloak And Dagger","floor":2},{"not_picked":["Backflip","Riddle With Holes","Slice"],"picked":"SKIP","floor":5},{"not_picked":["Calculated Gamble","Backflip"],"picked":"Leg Sweep","floor":6},{"not_picked":["Masterful Stab","Catalyst"],"picked":"Backstab","floor":7},{"not_picked":["Distraction","Finisher"],"picked":"Cloak And Dagger","floor":11},{"not_picked":["Deflect","Backflip"],"picked":"Dash","floor":13},{"not_picked":["Acrobatics","Caltrops+1"],"picked":"Sucker Punch","floor":14}],"player_experience":823912,"relics_obtained":[{"floor":6,"key":"Turnip"},{"floor":9,"key":"Paper Crane"},{"floor":13,"key":"Frozen Egg 2"},{"floor":14,"key":"Odd Mushroom"}],"event_choices":[{"event_name":"WeMeetAgain","player_choice":"Gold","floor":3,"damage_taken":0},{"event_name":"Mushrooms","player_choice":"Fought Mushrooms","floor":14,"damage_taken":0}],"is_beta":true,"boss_relics":[],"items_purged_floors":[],"is_endless":false,"potions_floor_spawned":[6,7,13,14],"killed_by":"Slime Boss","ascension_level":15}