{"gold_per_floor":[17,31,44,44,60,60,89,89,137,1,1],"floor_reached":11,"playtime":477,"items_purged":[],"score":142,"play_id":"3cdccb17-b63c-4682-8e41-c6deefe76efd","local_time":"20190323112815","is_ascension_mode":true,"campfire_choices":[{"data":"Noxious Fumes","floor":6,"key":"SMITH"},{"data":"Neutralize","floor":8,"key":"SMITH"}],"neow_cost":"NO_GOLD","seed_source_timestamp":554129255237823,"circlet_count":0,"master_deck":["AscendersBane","Defend_G","Defend_G","Defend_G","Strike_G","Strike_G","Strike_G","Strike_G","Survivor","Neutralize+1","Poisoned Stab","Dodge and Roll","Noxious Fumes+1","Expertise","Caltrops"],"relics":["Ring of the Snake","Shuriken","Snake Skull"],"potions_floor_usage":[7],"damage_taken":[{"damage":6,"enemies":"Cultist","floor":1,"turns":4},{"damage":0,"enemies":"Jaw Worm","floor":2,"turns":3},{"damage":0,"enemies":"2 Louse","floor":3,"turns":2},{"damage":6,"enemies":"2 Fungi Beasts","floor":5,"turns":4},{"damage":34,"enemies":"Lagavulin","floor":7,"turns":8},{"damage":7,"enemies":"Exordium Thugs","floor":11,"turns":3}],"seed_played":"6327759739102113955","potions_obtained":[{"floor":3,"key":"Dexterity Potion"},{"floor":7,"key":"FearPotion"}],"is_trial":false,"path_per_floor":["M","M","M","?","M","R","E","R","T","$","M"],"character_chosen":"THE_SILENT","items_purchased":["Caltrops","Energy Potion"],"campfire_rested":0,"item_purchase_floors":[10,10],"current_hp_per_floor":[53,53,53,53,47,47,13,13,13,13,6],"gold":1,"neow_bonus":"REMOVE_TWO","is_prod":false,"is_daily":false,"chose_seed":false,"campfire_upgraded":2,"win_rate":0,"timestamp":1553354895,"path_taken":["M","M","M","?","M","R","E","R","T","?","?"],"build_version":"2019-01-23","purchased_purges":0,"victory":false,"max_hp_per_floor":[66,66,66,66,66,66,66,66,66,66,66],"card_choices":[{"not_picked":["Backflip","Acrobatics"],"picked":"Poisoned Stab","floor":1},{"not_picked":["Backflip","Endless Agony"],"picked":"Dodge and Roll","floor":2},{"not_picked":["Choke","Dagger Throw"],"picked":"Noxious Fumes","floor":3},{"not_picked":["Flying Knee","Prepared"],"picked":"Expertise","floor":5},{"not_picked":["Poisoned Stab","Slice","Expertise"],"picked":"SKIP","floor":7}],"player_experience":1367453,"relics_obtained":[{"floor":7,"key":"Shuriken"},{"floor":9,"key":"Snake Skull"}],"event_choices":[{"cards_removed":["Strike_G"],"damage_healed":0,"gold_gain":0,"player_choice":"Purged","damage_taken":0,"max_hp_gain":0,"max_hp_loss":0,"event_name":"Purifier","floor":4,"gold_loss":0}],"is_beta":false,"boss_relics":[],"items_purged_floors":[],"is_endless":false,"potions_floor_spawned":[3,7],"killed_by":"Exordium Thugs","ascension_level":19}