{"gold_per_floor":[217,235,245,260,240,137,137,147,147,147,165,112,142,156,156,227,227,238,238,264,264,50,50,60,60,83,83],"floor_reached":27,"playtime":1576,"items_purged":["Strike_B"],"score":426,"play_id":"c9e752d1-3ccf-4e8f-8844-50c3916d9d69","local_time":"20190404045035","is_ascension_mode":true,"campfire_choices":[{"data":"Zap","floor":7,"key":"SMITH"},{"data":"Sweeping Beam","floor":10,"key":"SMITH"},{"data":"Loop","floor":15,"key":"SMITH"},{"floor":23,"key":"REST"},{"data":"Sunder","floor":25,"key":"SMITH"}],"neow_cost":"NONE","seed_source_timestamp":238736790423754,"circlet_count":0,"master_deck":["AscendersBane","Strike_B","Defend_B","Defend_B","Defend_B","Defend_B","Zap+1","Dualcast","Ball Lightning","Hologram","Sweeping Beam+1","Chill","Ball Lightning","Cold Snap","Conserve Battery","Sunder+1","Cold Snap","Loop+1","Undo","Rainbow","Capacitor","Self Repair","Steam","Streamline+1","Bandage Up","Static Discharge","Glacier+1"],"relics":["Cracked Core","Darkstone Periapt","Pear","Nuclear Battery","Red Mask"],"potions_floor_usage":[11,16,20,21],"damage_taken":[{"damage":1,"enemies":"Cultist","floor":1,"turns":4},{"damage":7,"enemies":"Jaw Worm","floor":2,"turns":3},{"damage":0,"enemies":"Small Slimes","floor":3,"turns":2},{"damage":9,"enemies":"3 Louse","floor":4,"turns":3},{"damage":1,"enemies":"Blue Slaver","floor":8,"turns":3},{"damage":0,"enemies":"Red Slaver","floor":11,"turns":2},{"damage":9,"enemies":"Gremlin Nob","floor":13,"turns":3},{"damage":0,"enemies":"3 Louse","floor":14,"turns":2},{"damage":29,"enemies":"Slime Boss","floor":16,"turns":9},{"damage":29,"enemies":"Chosen","floor":18,"turns":4},{"damage":35,"enemies":"Masked Bandits","floor":20,"turns":4},{"damage":0,"enemies":"Colosseum Slavers","floor":21,"turns":5},{"damage":0,"enemies":"3 Byrds","floor":24,"turns":4},{"damage":55,"enemies":"Gremlin Leader","floor":27,"turns":5}],"seed_played":"8218754031115916841","potions_obtained":[{"floor":1,"key":"SkillPotion"},{"floor":5,"key":"SteroidPotion"},{"floor":11,"key":"LiquidBronze"},{"floor":14,"key":"Dexterity Potion"},{"floor":16,"key":"SteroidPotion"},{"floor":20,"key":"SteroidPotion"}],"is_trial":false,"path_per_floor":["M","M","M","M","?","$","R","M","T","R","M","$","E","M","R","B",null,"M","?","?","?","$","R","M","R","T","E"],"character_chosen":"DEFECT","items_purchased":["Ball Lightning","Cold Snap","Cold Snap","Bandage Up","Static Discharge"],"campfire_rested":1,"item_purchase_floors":[6,6,12,22,22],"current_hp_per_floor":[63,56,56,47,47,47,47,46,46,46,46,46,47,47,47,18,65,36,36,8,15,15,39,46,46,46,0],"gold":83,"neow_bonus":"HUNDRED_GOLD","is_prod":false,"is_daily":false,"chose_seed":false,"campfire_upgraded":4,"win_rate":0,"timestamp":1554367835,"path_taken":["M","M","?","M","?","$","R","M","T","R","M","$","E","M","R","BOSS","M","?","?","?","?","R","M","R","T","E"],"build_version":"2019-01-23","purchased_purges":1,"victory":false,"max_hp_per_floor":[71,71,71,71,71,71,71,71,71,71,71,71,81,81,81,81,81,81,81,81,81,81,81,81,81,81,81],"card_choices":[{"not_picked":["Recycle","Darkness"],"picked":"Ball Lightning","floor":1},{"not_picked":["Scrape","Redo"],"picked":"Hologram","floor":2},{"not_picked":["Compile Driver","Storm"],"picked":"Sweeping Beam","floor":3},{"not_picked":["Stack","Storm"],"picked":"Chill","floor":4},{"not_picked":["Go for the Eyes","Double Energy"],"picked":"Conserve Battery","floor":8},{"not_picked":["Stack","Melter"],"picked":"Sunder","floor":11},{"not_picked":["Skim","Thunder Strike"],"picked":"Loop","floor":13},{"not_picked":["Cold Snap","Coolheaded"],"picked":"Undo","floor":14},{"not_picked":["Machine Learning","Multi-Cast"],"picked":"Rainbow","floor":16},{"not_picked":["Stack","Sweeping Beam"],"picked":"Capacitor","floor":18},{"not_picked":["Rebound","Storm"],"picked":"Streamline+1","floor":20},{"not_picked":["Leap","Redo"],"picked":"Glacier+1","floor":24}],"player_experience":1587552,"relics_obtained":[{"floor":9,"key":"Darkstone Periapt"},{"floor":13,"key":"Pear"},{"floor":20,"key":"Red Mask"}],"event_choices":[{"damage_healed":0,"gold_gain":0,"player_choice":"Bought 1 Potion","damage_taken":0,"max_hp_gain":0,"max_hp_loss":0,"event_name":"The Woman in Blue","floor":5,"gold_loss":0},{"damage_healed":0,"gold_gain":0,"cards_transformed":["Strike_B","Strike_B"],"player_choice":"Became Test Subject","damage_taken":0,"max_hp_gain":0,"max_hp_loss":0,"event_name":"Drug Dealer","floor":19,"gold_loss":0,"cards_obtained":["Self Repair","Steam"]},{"damage_healed":0,"gold_gain":0,"player_choice":"Fought Bandits","damage_taken":0,"max_hp_gain":0,"max_hp_loss":0,"event_name":"Masked Bandits","floor":20,"gold_loss":0},{"damage_healed":0,"gold_gain":0,"player_choice":"Fight","damage_taken":0,"max_hp_gain":0,"max_hp_loss":0,"event_name":"Colosseum","floor":21,"gold_loss":0},{"damage_healed":0,"gold_gain":0,"player_choice":"Fled From Nobs","damage_taken":0,"max_hp_gain":0,"max_hp_loss":0,"event_name":"Colosseum","floor":21,"gold_loss":0}],"is_beta":false,"boss_relics":[{"not_picked":["Orrery","Astrolabe"],"picked":"Nuclear Battery"}],"items_purged_floors":[22],"is_endless":false,"potions_floor_spawned":[1,11,14,16,18,20],"killed_by":"Gremlin Leader","ascension_level":20}