{"gold_per_floor":[109,124,1,1,17,17,42,107,107,120,147,147,219,219,219,296,296,309,309,319,336,336,336,350,384,411,411,426,426,456,474,474,474],"floor_reached":33,"playtime":2292,"items_purged":[],"score":502,"play_id":"c3150ada-68b6-4ee6-bfe0-16c89345fd8b","local_time":"20190323010459","is_ascension_mode":true,"campfire_choices":[{"data":"Zap","floor":6,"key":"SMITH"},{"data":"Fission","floor":12,"key":"SMITH"},{"data":"Go for the Eyes","floor":15,"key":"SMITH"},{"data":"Defragment","floor":23,"key":"SMITH"},{"data":"Chill","floor":27,"key":"SMITH"},{"data":"Seek","floor":29,"key":"SMITH"},{"data":"Streamline","floor":32,"key":"SMITH"}],"neow_cost":"NONE","seed_source_timestamp":514903352346773,"circlet_count":0,"master_deck":["AscendersBane","Strike_B","Strike_B","Strike_B","Defend_B","Defend_B","Defend_B","Defend_B","Zap+1","Dualcast","Cold Snap","Doom and Gloom+1","Core Surge","Coolheaded","Ball Lightning","Fission+1","Go for the Eyes+1","Cold Snap","Coolheaded","Seek+1","White Noise","Defragment+1","Cold Snap","Streamline+1","Chill+1","Auto Shields+1","Stack","FTL","BootSequence"],"relics":["Cracked Core","FossilizedHelix","Regal Pillow","Letter Opener","Turnip","Kunai","Gambling Chip","Eternal Feather","Bag of Preparation","PreservedInsect","Oddly Smooth Stone"],"potions_floor_usage":[7,8,8,25],"damage_taken":[{"damage":7,"enemies":"Jaw Worm","floor":1,"turns":4},{"damage":0,"enemies":"2 Louse","floor":2,"turns":2},{"damage":0,"enemies":"Cultist","floor":5,"turns":3},{"damage":14,"enemies":"Gremlin Nob","floor":7,"turns":3},{"damage":5,"enemies":"3 Sentries","floor":8,"turns":3},{"damage":0,"enemies":"3 Louse","floor":10,"turns":3},{"damage":9,"enemies":"Lagavulin","floor":11,"turns":5},{"damage":20,"enemies":"The Guardian","floor":16,"turns":9},{"damage":6,"enemies":"Chosen","floor":18,"turns":3},{"damage":0,"enemies":"Spheric Guardian","floor":20,"turns":1},{"damage":14,"enemies":"Shelled Parasite and Fungi","floor":21,"turns":8},{"damage":19,"enemies":"Chosen and Byrds","floor":24,"turns":5},{"damage":13,"enemies":"Book of Stabbing","floor":25,"turns":7},{"damage":0,"enemies":"Sentry and Sphere","floor":28,"turns":4},{"damage":10,"enemies":"Gremlin Leader","floor":30,"turns":6},{"damage":0,"enemies":"3 Cultists","floor":31,"turns":5},{"damage":43,"enemies":"Collector","floor":33,"turns":5}],"seed_played":"-3422854948936618831","potions_obtained":[{"floor":2,"key":"Fire Potion"},{"floor":5,"key":"PowerPotion"},{"floor":7,"key":"AttackPotion"},{"floor":10,"key":"Fire Potion"},{"floor":20,"key":"FearPotion"},{"floor":24,"key":"EssenceOfSteel"}],"is_trial":false,"path_per_floor":["M","M","$","?","M","R","E","?","T","M","E","R","T","?","R","B",null,"M","?","M","M","?","R","M","E","T","R","M","R","E","M","R","B"],"character_chosen":"DEFECT","items_purchased":["Core Surge","Coolheaded"],"campfire_rested":0,"item_purchase_floors":[3,3],"current_hp_per_floor":[64,64,64,64,64,64,50,45,45,45,36,36,36,36,36,16,63,57,42,42,28,28,40,21,8,8,23,23,38,28,28,43,0],"gold":474,"neow_bonus":"TEN_PERCENT_HP_BONUS","is_prod":false,"is_daily":false,"chose_seed":false,"campfire_upgraded":7,"win_rate":0,"timestamp":1553317499,"path_taken":["M","M","$","?","M","R","E","?","T","?","E","R","?","?","R","BOSS","M","?","M","M","?","R","M","E","T","R","M","R","E","M","R","BOSS"],"build_version":"2019-01-23","purchased_purges":0,"victory":false,"max_hp_per_floor":[78,78,78,78,78,78,78,78,78,78,78,78,78,78,78,78,78,78,83,83,83,83,83,83,83,83,83,83,83,83,83,83,83],"card_choices":[{"not_picked":["Compile Driver","Tempest"],"picked":"Cold Snap","floor":1},{"not_picked":["Sweeping Beam","Hello World"],"picked":"Doom and Gloom","floor":2},{"not_picked":["Sweeping Beam","Stack"],"picked":"Ball Lightning","floor":5},{"not_picked":["Amplify","Barrage"],"picked":"Fission","floor":7},{"not_picked":["Sweeping Beam","Ball Lightning"],"picked":"Go for the Eyes","floor":8},{"not_picked":["Loop","Barrage"],"picked":"Cold Snap","floor":10},{"not_picked":["Sweeping Beam","Gash"],"picked":"Coolheaded","floor":11},{"not_picked":["Machine Learning","All For One"],"picked":"Seek","floor":16},{"not_picked":["Ball Lightning","Static Discharge"],"picked":"White Noise","floor":18},{"not_picked":["Conserve Battery+1","Streamline"],"picked":"Defragment","floor":20},{"not_picked":["Ball Lightning","Streamline"],"picked":"Cold Snap","floor":21},{"not_picked":["Sweeping Beam","Heatsinks"],"picked":"Chill","floor":24},{"not_picked":["Compile Driver","Cold Snap+1"],"picked":"Auto Shields+1","floor":25},{"not_picked":["Recycle","Leap"],"picked":"Stack","floor":28},{"not_picked":["Static Discharge","Barrage"],"picked":"FTL","floor":30},{"not_picked":["Sweeping Beam","Steam Power"],"picked":"BootSequence","floor":31}],"player_experience":1356479,"relics_obtained":[{"floor":7,"key":"FossilizedHelix"},{"floor":8,"key":"Regal Pillow"},{"floor":9,"key":"Letter Opener"},{"floor":11,"key":"Turnip"},{"floor":13,"key":"Kunai"},{"floor":25,"key":"Bag of Preparation"},{"floor":26,"key":"PreservedInsect"},{"floor":30,"key":"Oddly Smooth Stone"}],"event_choices":[{"damage_healed":0,"gold_gain":0,"player_choice":"Grow","damage_taken":0,"max_hp_gain":0,"max_hp_loss":0,"event_name":"Living Wall","floor":4,"gold_loss":0,"cards_upgraded":["Doom and Gloom"]},{"damage_healed":0,"gold_gain":30,"player_choice":"Searched \u00273\u0027 times","damage_taken":0,"max_hp_gain":0,"max_hp_loss":0,"event_name":"Dead Adventurer","floor":8,"gold_loss":0},{"damage_healed":0,"gold_gain":0,"player_choice":"Gave Potion","damage_taken":0,"relics_obtained":["Gambling Chip"],"max_hp_gain":0,"max_hp_loss":0,"event_name":"WeMeetAgain","floor":14,"gold_loss":0},{"damage_healed":0,"gold_gain":0,"player_choice":"Shed Blood","damage_taken":20,"max_hp_gain":5,"max_hp_loss":0,"event_name":"Forgotten Altar","floor":19,"gold_loss":0},{"damage_healed":0,"gold_gain":0,"cards_transformed":["Strike_B"],"player_choice":"Transformed","damage_taken":0,"max_hp_gain":0,"max_hp_loss":0,"event_name":"Transmorgrifier","floor":22,"gold_loss":0,"cards_obtained":["Streamline"]}],"is_beta":false,"boss_relics":[{"not_picked":["White Beast Statue","Calling Bell"],"picked":"Eternal Feather"}],"items_purged_floors":[],"is_endless":false,"potions_floor_spawned":[2,5,7,10,20,24],"killed_by":"Collector","ascension_level":14}