{"gold_per_floor":[110,110,121,34,34,34,59,59,59,70,19,35,49,80,80,80],"floor_reached":16,"playtime":257,"items_purged":[],"score":270,"play_id":"081f4370-bfb9-4647-98be-b592c9011993","local_time":"20190216234051","is_ascension_mode":true,"campfire_choices":[{"floor":6.0,"key":"DIG"},{"floor":8,"key":"DIG"},{"floor":15,"key":"REST"}],"neow_cost":"NONE","seed_source_timestamp":133728937501042,"circlet_count":0,"master_deck":["AscendersBane","Strike_B","Strike_B+1","Strike_B+1","Strike_B+1","Defend_B","Defend_B","Defend_B","Defend_B","Zap+1","Dualcast","Leap","Reinforced Body","Genetic Algorithm","Stack","Sunder","Capacitor","Coolheaded"],"special_seed":0,"relics":["Cracked Core","NeowsBlessing","Shovel","Whetstone","Ornamental Fan","Mango","Orichalcum"],"potions_floor_usage":[14,16],"damage_taken":[{"damage":0.0,"enemies":"Small Slimes","floor":1.0,"turns":1.0},{"damage":0.0,"enemies":"Jaw Worm","floor":3.0,"turns":1.0},{"damage":0.0,"enemies":"Lagavulin","floor":7.0,"turns":1.0},{"damage":0,"enemies":"Cultist","floor":10,"turns":3},{"damage":2,"enemies":"Red Slaver","floor":12,"turns":3},{"damage":0,"enemies":"3 Louse","floor":13,"turns":3},{"damage":32,"enemies":"Gremlin Nob","floor":14,"turns":4},{"damage":41,"enemies":"Hexaghost","floor":16,"turns":9}],"seed_played":"1415002973124905836","potions_obtained":[{"floor":1.0,"key":"Dexterity Potion"},{"floor":10,"key":"FocusPotion"},{"floor":14,"key":"SteroidPotion"}],"is_trial":false,"path_per_floor":["M","?","M","$","?","R","E","R","T","M","?","M","M","E","R","B"],"character_chosen":"DEFECT","items_purchased":["Genetic Algorithm"],"campfire_rested":1,"item_purchase_floors":[4],"current_hp_per_floor":[64,53,53,53,32,32,32,32,32,32,46,44,44,12,37,0],"gold":80,"neow_bonus":"THREE_ENEMY_KILL","is_prod":false,"is_daily":false,"chose_seed":false,"campfire_upgraded":0,"win_rate":0,"timestamp":1550385651,"path_taken":["M","?","M","$","?","R","E","R","T","M","?","M","M","E","R","BOSS"],"build_version":"2019-02-06","purchased_purges":0,"victory":false,"max_hp_per_floor":[71,71,71,71,71,71,71,71,71,71,85,85,85,85,85,85],"card_choices":[{"not_picked":["Chill","Barrage"],"picked":"Leap","floor":1.0},{"not_picked":["Go for the Eyes","White Noise"],"picked":"Reinforced Body","floor":3.0},{"not_picked":["Gash","Storm","Aggregate"],"picked":"SKIP","floor":7},{"not_picked":["Lockon","Barrage"],"picked":"Stack","floor":10},{"not_picked":["Streamline","Compile Driver"],"picked":"Sunder","floor":12},{"not_picked":["Rebound","Go for the Eyes"],"picked":"Capacitor","floor":13},{"not_picked":["Reprogram","Doom and Gloom"],"picked":"Coolheaded","floor":14}],"player_experience":1102302,"relics_obtained":[{"floor":6.0,"key":"Whetstone"},{"floor":8,"key":"Ornamental Fan"},{"floor":14,"key":"Orichalcum"}],"event_choices":[{"damage_healed":0.0,"max_hp_gain":0.0,"max_hp_loss":0.0,"gold_gain":0.0,"event_name":"Scrap Ooze","player_choice":"Success","floor":2.0,"gold_loss":0.0,"damage_taken":11.0,"relics_obtained":["Shovel"]},{"damage_healed":0.0,"max_hp_gain":0.0,"max_hp_loss":0.0,"gold_gain":0.0,"event_name":"Shining Light","player_choice":"Entered Light","floor":5.0,"gold_loss":0.0,"damage_taken":21.0,"cards_upgraded":["Strike_B","Zap"]},{"damage_healed":0,"gold_gain":0,"player_choice":"Paid Gold","damage_taken":0,"relics_obtained":["Mango"],"max_hp_gain":0,"max_hp_loss":0,"event_name":"WeMeetAgain","floor":11,"gold_loss":51}],"is_beta":true,"boss_relics":[],"items_purged_floors":[],"is_endless":false,"potions_floor_spawned":[1,10,13,14],"killed_by":"Hexaghost","ascension_level":20}