{"path_per_floor":["M","?","M","$","?","R","M","R","T","M","?","R","?","?","R","B",null,"M","$","?","M","?","R","M","M","T","R","?","M","E","?","R"],"character_chosen":"THE_SILENT","items_purchased":["War Paint","Finesse"],"gold_per_floor":[219,169,181,24,24,24,40,40,66,87,87,87,67,67,67,191,191,205,117,32,46,46,46,69,88,113,113,113,134,173,173,173],"floor_reached":33,"campfire_rested":0,"playtime":3099,"current_hp_per_floor":[70,70,70,70,70,70,67,67,67,67,67,67,67,67,67,57,70,69,69,69,69,69,69,41,24,24,24,47,47,36,36,36],"items_purged":[],"gold":173,"score":291,"play_id":"066a665b-e72d-40fe-97cc-ab114843c2d1","is_prod":false,"is_daily":false,"is_ascension_mode":true,"campfire_upgraded":7,"path_taken":["M","?","M","$","?","R","?","R","T","M","?","R","?","?","R","BOSS","M","$","?","?","?","R","M","?","T","R","?","M","E","?","R","BOSS"],"build_version":"2018-02-08-PROD1","purchased_purges":0,"victory":false,"master_deck":["Defend_G","Defend_G+1","Defend_G","Defend_G","Defend_G+1","Strike_G","Strike_G","Strike_G","Strike_G","Survivor","Neutralize+1","Well Laid Plans+1","Reflex+1","Acrobatics+1","Underhanded Strike+1","After Image+1","Dagger Throw+1","Finesse","Cloak And Dagger+1","Neutralize+1","Dagger Throw+1","Underhanded Strike+1","Accuracy","Malaise+1","Writhe"],"max_hp_per_floor":[70,70,70,70,70,70,70,70,70,70,70,70,70,70,70,70,70,70,70,70,70,70,70,70,70,70,70,70,70,70,70,70],"relics":["Ring of the Snake","War Paint","Golden Idol","Orichalcum","Philosopher\u0027s Stone","Letter Opener","Anchor","Gambling Chip","Bag of Marbles"],"card_choices":[{"not_picked":["Prepared","Flying Knee"],"picked":"Well Laid Plans"},{"not_picked":["Quick Slash","Bane"],"picked":"Reflex"},{"not_picked":["Quick Slash","PiercingWail"],"picked":"Acrobatics"},{"not_picked":["Bane","Noxious Fumes"],"picked":"Underhanded Strike"},{"not_picked":["Storm of Steel","Adrenaline"],"picked":"After Image"},{"not_picked":["Skewer","Sucker Punch"],"picked":"Dagger Throw"},{"not_picked":["Poisoned Stab","Bane"],"picked":"Cloak And Dagger"},{"not_picked":["Dash","Reflex"],"picked":"Dagger Throw"},{"not_picked":["Flying Knee","Backflip"],"picked":"Underhanded Strike"},{"not_picked":["Dodge and Roll","Expertise"],"picked":"Accuracy"},{"not_picked":["Acrobatics","Corpse Explosion"],"picked":"Malaise"}],"player_experience":160277,"potions_floor_usage":[16,16,25,33,33],"damage_taken":[{"damage":0,"enemies":"Jaw Worm","floor":1,"turns":5},{"damage":0,"enemies":"Small Slimes","floor":3,"turns":4},{"damage":3,"enemies":"2 Louse","floor":7,"turns":4},{"damage":0,"enemies":"Looter","floor":10,"turns":4},{"damage":10,"enemies":"The Guardian","floor":16,"turns":17},{"damage":1,"enemies":"Spheric Guardian","floor":18,"turns":10},{"damage":0,"enemies":"Chosen","floor":21,"turns":5},{"damage":28,"enemies":"Snecko","floor":24,"turns":7},{"damage":17,"enemies":"Cultist and Chosen","floor":25,"turns":6},{"damage":0,"enemies":"Snake Plant","floor":29,"turns":4},{"damage":11,"enemies":"Book of Stabbing","floor":30,"turns":6},{"damage":50,"enemies":"Collector","floor":33,"turns":5}],"event_choices":[{"event_name":"The Cleric","player_choice":"Card Removal","floor":2,"damage_taken":0},{"event_name":"Golden Idol","player_choice":"Take Wound","floor":5,"damage_taken":0},{"event_name":"Purifier","player_choice":"One Purge","floor":11,"damage_taken":0},{"event_name":"The Woman in Blue","player_choice":"Bought 1 Potion","floor":13,"damage_taken":0},{"event_name":"Accursed Blacksmith","player_choice":"Forge","floor":14,"damage_taken":0},{"event_name":"Addict","player_choice":"Obtained Relic","floor":20,"damage_taken":0},{"event_name":"Duplicator","player_choice":"One dupe","floor":22,"damage_taken":0},{"event_name":"The Library","player_choice":"Heal","floor":28,"damage_taken":0},{"event_name":"The Mausoleum","player_choice":"Yes","floor":31,"damage_taken":0}],"boss_relics":[{"not_picked":["White Beast Statue","Eternal Feather"],"picked":"Philosopher\u0027s Stone"}],"potions_floor_spawned":[1,10,16,21,29],"seed_played":"9137328543072923575","killed_by":"Collector","ascension_level":3,"is_trial":false}