{"gold_per_floor":[118,136,136,151,151,195,195,233,233,233,233,233],"floor_reached":12,"playtime":426,"items_purged":[],"score":172,"play_id":"7d2d1328-04ab-4761-85a6-589749c082f8","local_time":"20190502022057","is_ascension_mode":true,"campfire_choices":[{"data":"Inflame","floor":7,"key":"SMITH"},{"data":"Bash","floor":10,"key":"SMITH"}],"neow_cost":"NONE","seed_source_timestamp":807846303785755,"circlet_count":0,"master_deck":["AscendersBane","Strike_R","Strike_R","Strike_R","Strike_R","Strike_R","Defend_R","Defend_R","Defend_R","Defend_R","Bash+1","Anger","Inflame+1","Shrug It Off","Sword Boomerang+1","Battle Trance"],"relics":["Burning Blood","Golden Idol","Blue Candle","Letter Opener","Pantograph"],"potions_floor_usage":[6],"damage_taken":[{"damage":6,"enemies":"Small Slimes","floor":1,"turns":5},{"damage":6,"enemies":"2 Louse","floor":2,"turns":3},{"damage":9,"enemies":"Jaw Worm","floor":4,"turns":4},{"damage":31,"enemies":"Gremlin Nob","floor":6,"turns":4},{"damage":40,"enemies":"3 Sentries","floor":8,"turns":7},{"damage":22,"enemies":"Lagavulin","floor":12,"turns":5}],"seed_played":"7939194870323506783","potions_obtained":[{"floor":2,"key":"FearPotion"}],"is_trial":false,"path_per_floor":["M","M","?","M","?","E","R","E","T","R","?","E"],"character_chosen":"IRONCLAD","items_purchased":[],"campfire_rested":0,"item_purchase_floors":[],"current_hp_per_floor":[75,75,74,71,76,51,51,17,17,17,17,0],"gold":233,"neow_bonus":"TEN_PERCENT_HP_BONUS","is_prod":false,"is_daily":false,"chose_seed":false,"campfire_upgraded":2,"win_rate":0,"timestamp":1556778057,"path_taken":["M","M","?","M","?","E","R","E","T","R","?","E"],"build_version":"2019-01-23","purchased_purges":0,"victory":false,"max_hp_per_floor":[82,82,74,74,79,79,79,79,79,79,79,79],"card_choices":[{"not_picked":["Sword Boomerang","Iron Wave"],"picked":"Anger","floor":1},{"not_picked":["Battle Trance","Rage"],"picked":"Inflame","floor":2},{"not_picked":["Rampage","Twin Strike"],"picked":"Shrug It Off","floor":4},{"not_picked":["Armaments","Clash"],"picked":"Sword Boomerang","floor":6},{"not_picked":["Fire Breathing","Entrench"],"picked":"Battle Trance","floor":8}],"player_experience":2220852,"relics_obtained":[{"floor":6,"key":"Blue Candle"},{"floor":8,"key":"Letter Opener"},{"floor":9,"key":"Pantograph"}],"event_choices":[{"damage_healed":0,"gold_gain":0,"player_choice":"Lose Max HP","damage_taken":0,"relics_obtained":["Golden Idol"],"max_hp_gain":0,"max_hp_loss":8,"event_name":"Golden Idol","floor":3,"gold_loss":0},{"damage_healed":0,"gold_gain":0,"player_choice":"Donut","damage_taken":0,"max_hp_gain":5,"max_hp_loss":0,"event_name":"Big Fish","floor":5,"gold_loss":0},{"damage_healed":0,"gold_gain":0,"player_choice":"Grow","damage_taken":0,"max_hp_gain":0,"max_hp_loss":0,"event_name":"Living Wall","floor":11,"gold_loss":0,"cards_upgraded":["Sword Boomerang"]}],"is_beta":false,"boss_relics":[],"items_purged_floors":[],"is_endless":false,"potions_floor_spawned":[2],"killed_by":"Lagavulin","ascension_level":20}