{"gold_per_floor":[118,118,135,152,152,152,181,197,223,223,241,241,241,241],"floor_reached":14,"playtime":356,"items_purged":[],"score":180,"play_id":"4f886274-ae01-425f-9071-94a5997f1197","local_time":"20190427010051","is_ascension_mode":true,"campfire_choices":[{"data":"Bash","floor":6,"key":"SMITH"},{"data":"Clothesline","floor":13,"key":"SMITH"}],"neow_cost":"NONE","seed_source_timestamp":371056991702232,"circlet_count":0,"master_deck":["AscendersBane","Strike_R","Strike_R","Strike_R","Strike_R","Strike_R+1","Defend_R","Defend_R+1","Defend_R","Defend_R","Bash+1","Pain","Shrug It Off","Clothesline+1","Shockwave","Twin Strike"],"relics":["Burning Blood","WarpedTongs","Potion Belt","Golden Idol"],"potions_floor_usage":[7,14],"damage_taken":[{"damage":8,"enemies":"Small Slimes","floor":1,"turns":5},{"damage":9,"enemies":"Cultist","floor":3,"turns":4},{"damage":5,"enemies":"2 Louse","floor":4,"turns":2},{"damage":43,"enemies":"Gremlin Nob","floor":7,"turns":5},{"damage":2,"enemies":"2 Fungi Beasts","floor":8,"turns":4},{"damage":6,"enemies":"Looter","floor":11,"turns":4},{"damage":34,"enemies":"Gremlin Gang","floor":14,"turns":3}],"seed_played":"-5448705832313767876","potions_obtained":[{"floor":3,"key":"Weak Potion"},{"floor":7,"key":"Swift Potion"}],"is_trial":false,"path_per_floor":["M","?","M","M","?","R","E","M","T","?","M","?","R","M"],"character_chosen":"IRONCLAD","items_purchased":[],"campfire_rested":0,"item_purchase_floors":[],"current_hp_per_floor":[73,73,70,71,46,46,9,13,13,13,13,13,13,0],"gold":241,"neow_bonus":"TEN_PERCENT_HP_BONUS","is_prod":false,"is_daily":false,"chose_seed":false,"campfire_upgraded":2,"win_rate":0,"timestamp":1556341251,"path_taken":["M","?","?","M","?","R","E","M","T","?","M","?","R","?"],"build_version":"2019-01-23","purchased_purges":0,"victory":false,"max_hp_per_floor":[82,82,82,82,82,82,82,82,82,74,74,74,74,74],"card_choices":[{"not_picked":["Body Slam","Cleave"],"picked":"Armaments","floor":1},{"not_picked":["Thunderclap","Warcry","Heavy Blade"],"picked":"SKIP","floor":3},{"not_picked":["Rampage","Clash"],"picked":"Shrug It Off","floor":4},{"not_picked":["Cleave","Clash"],"picked":"Clothesline","floor":7},{"not_picked":["Entrench","Clash","Flex"],"picked":"SKIP","floor":8},{"not_picked":["Twin Strike","Havoc"],"picked":"Shockwave","floor":11}],"player_experience":1986260,"relics_obtained":[{"floor":7,"key":"Potion Belt"}],"event_choices":[{"damage_healed":0,"gold_gain":0,"player_choice":"Rummage","damage_taken":0,"relics_obtained":["WarpedTongs"],"max_hp_gain":0,"max_hp_loss":0,"event_name":"Accursed Blacksmith","floor":2,"gold_loss":0,"cards_obtained":["Pain"]},{"damage_healed":0,"gold_gain":0,"player_choice":"Entered Light","damage_taken":25,"max_hp_gain":0,"max_hp_loss":0,"event_name":"Shining Light","floor":5,"gold_loss":0,"cards_upgraded":["Strike_R","Defend_R"]},{"damage_healed":0,"gold_gain":0,"player_choice":"Lose Max HP","damage_taken":0,"relics_obtained":["Golden Idol"],"max_hp_gain":0,"max_hp_loss":8,"event_name":"Golden Idol","floor":10,"gold_loss":0},{"damage_healed":0,"gold_gain":0,"cards_transformed":["Armaments"],"player_choice":"Transformed","damage_taken":0,"max_hp_gain":0,"max_hp_loss":0,"event_name":"Transmorgrifier","floor":12,"gold_loss":0,"cards_obtained":["Twin Strike"]}],"is_beta":false,"boss_relics":[],"items_purged_floors":[],"is_endless":false,"potions_floor_spawned":[3,7],"killed_by":"Gremlin Gang","ascension_level":20}