{"gold_per_floor":[123,153,165,188,275,287,332,344,356,400,412,443,455,497,509,593,605,634,626,655,684,57,57,57,57,108,3,13,25,36,36,36,36],"floor_reached":33,"playtime":1578,"items_purged":[],"score":510,"play_id":"fa3abc3e-8e3f-4d15-8c44-f48775d933cd","local_time":"20190510085546","is_ascension_mode":true,"campfire_choices":[{"data":"Barrage","floor":6.0,"key":"SMITH"},{"floor":8.0,"key":"REST"},{"floor":13.0,"key":"REST"},{"floor":15.0,"key":"REST"},{"data":"Coolheaded","floor":23.0,"key":"SMITH"},{"floor":25.0,"key":"REST"},{"floor":32.0,"key":"REST"}],"neow_cost":"NONE","seed_source_timestamp":1521456217373674,"circlet_count":0,"master_deck":["AscendersBane","Strike_B","Strike_B","Strike_B","Defend_B","Defend_B","Defend_B","Defend_B","Dualcast","Coolheaded+1","Chill","Barrage+1","Sweeping Beam","Cold Snap+1","Rainbow","Electrodynamics","Sweeping Beam+1","Ball Lightning+1","Doom and Gloom+1","Leap","Buffer","Hyperbeam+1","Leap","Auto Shields","Undo"],"special_seed":0,"relics":["Cracked Core","MawBank","Darkstone Periapt","Matryoshka","Molten Egg 2","Tiny Chest","Snecko Eye","Runic Capacitor","Bag of Preparation","Regal Pillow","PreservedInsect","Art of War","Strawberry","Bronze Scales"],"potions_floor_usage":[33,33],"damage_taken":[{"damage":1.0,"enemies":"Cultist","floor":1.0,"turns":4.0},{"damage":7.0,"enemies":"Jaw Worm","floor":2.0,"turns":3.0},{"damage":7.0,"enemies":"Small Slimes","floor":4.0,"turns":3.0},{"damage":27.0,"enemies":"Gremlin Nob","floor":7.0,"turns":6.0},{"damage":25.0,"enemies":"Lagavulin","floor":10.0,"turns":8.0},{"damage":2.0,"enemies":"2 Fungi Beasts","floor":12.0,"turns":3.0},{"damage":42.0,"enemies":"The Guardian","floor":16.0,"turns":14.0},{"damage":28.0,"enemies":"2 Thieves","floor":18.0,"turns":3.0},{"damage":0.0,"enemies":"3 Byrds","floor":20.0,"turns":2.0},{"damage":24.0,"enemies":"Snake Plant","floor":21.0,"turns":4.0},{"damage":10.0,"enemies":"Sentry and Sphere","floor":28.0,"turns":4.0},{"damage":1.0,"enemies":"Centurion and Healer","floor":29.0,"turns":4.0},{"damage":25.0,"enemies":"Snake Plant","floor":30.0,"turns":4.0},{"damage":69,"enemies":"Champ","floor":33,"turns":8}],"seed_played":"-7199343353676481800","potions_obtained":[{"floor":2.0,"key":"Ancient Potion"},{"floor":12.0,"key":"LiquidBronze"},{"floor":16.0,"key":"Explosive Potion"},{"floor":18.0,"key":"AttackPotion"},{"floor":28.0,"key":"Energy Potion"}],"is_trial":false,"path_per_floor":["M","M","?","M","?","R","E","R","T","E","?","M","R","?","R","B",null,"M","?","M","M","$","R","?","R","T","$","M","M","M","T","R","B"],"character_chosen":"DEFECT","items_purchased":["Runic Capacitor","Bag of Preparation","Regal Pillow","Leap","PowerPotion","Leap","Auto Shields"],"campfire_rested":5,"item_purchase_floors":[22,22,22,22,22,27,27],"current_hp_per_floor":[63,56,61,54,43,43,16,38,38,13,13,11,33,28,50,8,59,31,31,31,7,7,7,7,44,44,44,34,33,8,15,54,0],"gold":36,"neow_bonus":"RANDOM_COMMON_RELIC","is_prod":false,"is_daily":false,"chose_seed":false,"campfire_upgraded":2,"win_rate":0,"timestamp":1557492946,"path_taken":["M","?","?","M","?","R","E","R","T","E","?","M","R","?","R","BOSS","M","?","?","M","$","R","?","R","T","?","M","?","M","?","R","BOSS"],"build_version":"2019-01-23","purchased_purges":0,"victory":false,"max_hp_per_floor":[71,71,76,76,76,76,76,76,76,76,76,76,76,76,76,76,76,76,76,76,76,76,76,76,76,76,76,76,76,76,83,83,83],"card_choices":[{"not_picked":["Turbo","Gash"],"picked":"Coolheaded","floor":1.0},{"not_picked":["Turbo","Aggregate"],"picked":"Chill","floor":2.0},{"not_picked":["Redo","Lockon"],"picked":"Barrage","floor":4.0},{"not_picked":["Reboot","Redo"],"picked":"Sweeping Beam","floor":7.0},{"not_picked":["Hologram","Steam"],"picked":"Cold Snap","floor":10.0},{"not_picked":["Beam Cell+1","Coolheaded"],"picked":"Rainbow","floor":12.0},{"not_picked":["Rainbow","Fission"],"picked":"Electrodynamics","floor":16.0},{"not_picked":["Tempest","Gash+1"],"picked":"Sweeping Beam+1","floor":18.0},{"not_picked":["Barrage+1","Cold Snap+1"],"picked":"Ball Lightning+1","floor":20.0},{"not_picked":["Coolheaded","Conserve Battery"],"picked":"Doom and Gloom+1","floor":21.0},{"not_picked":["Static Discharge","Go for the Eyes+1","Redo"],"picked":"SKIP","floor":28.0},{"not_picked":["Rebound+1","Chill","Steam"],"picked":"SKIP","floor":29.0},{"not_picked":["Redo","Ball Lightning+1"],"picked":"Undo","floor":30.0}],"player_experience":2545156,"relics_obtained":[{"floor":7.0,"key":"Darkstone Periapt"},{"floor":9.0,"key":"Matryoshka"},{"floor":10.0,"key":"Molten Egg 2"},{"floor":26.0,"key":"PreservedInsect"},{"floor":26.0,"key":"Art of War"},{"floor":31.0,"key":"Strawberry"},{"floor":31.0,"key":"Bronze Scales"}],"event_choices":[{"damage_healed":0.0,"max_hp_gain":5.0,"max_hp_loss":0.0,"gold_gain":0.0,"event_name":"Big Fish","player_choice":"Donut","floor":3.0,"gold_loss":0.0,"damage_taken":0.0},{"damage_healed":0.0,"max_hp_gain":0.0,"max_hp_loss":0.0,"gold_gain":75.0,"event_name":"World of Goop","player_choice":"Gather Gold","floor":5.0,"gold_loss":0.0,"damage_taken":11.0},{"damage_healed":0.0,"max_hp_gain":0.0,"max_hp_loss":0.0,"gold_gain":0.0,"event_name":"Shining Light","player_choice":"Ignored","floor":11.0,"gold_loss":0.0,"damage_taken":0.0},{"damage_healed":0.0,"max_hp_gain":0.0,"max_hp_loss":0.0,"gold_gain":0.0,"event_name":"Scrap Ooze","player_choice":"Success","floor":14.0,"gold_loss":0.0,"damage_taken":5.0,"relics_obtained":["Tiny Chest"]},{"damage_healed":0.0,"max_hp_gain":0.0,"max_hp_loss":0.0,"gold_gain":0.0,"event_name":"The Woman in Blue","player_choice":"Bought 1 Potion","floor":19.0,"gold_loss":0.0,"damage_taken":0.0},{"damage_healed":0.0,"max_hp_gain":0.0,"max_hp_loss":0.0,"gold_gain":0.0,"cards_transformed":["Zap","Strike_B"],"event_name":"Drug Dealer","player_choice":"Became Test Subject","floor":24.0,"gold_loss":0.0,"damage_taken":0.0,"cards_obtained":["Buffer","Hyperbeam"]}],"is_beta":false,"boss_relics":[{"not_picked":["Orrery","White Beast Statue"],"picked":"Snecko Eye"}],"items_purged_floors":[],"is_endless":false,"potions_floor_spawned":[2,12,16,18,28,30],"killed_by":"Champ","ascension_level":20}