{"gold_per_floor":[115,135,135,155,80,80,93,54,54,80,80,80,4,32,32,32],"floor_reached":16,"playtime":768,"items_purged":[],"score":216,"play_id":"924760b1-b553-4bcb-a099-4b09de60ceae","local_time":"20190405040757","is_ascension_mode":true,"campfire_choices":[{"data":"1","floor":6,"key":"LIFT"},{"floor":12,"key":"REST"},{"data":"2","floor":15,"key":"LIFT"}],"neow_cost":"TEN_PERCENT_HP_LOSS","seed_source_timestamp":323396552698662,"circlet_count":0,"master_deck":["AscendersBane","Defend_G","Defend_G","Defend_G","Defend_G","Defend_G","Strike_G","Strike_G","Strike_G","Strike_G","Strike_G","Survivor","Neutralize","Quick Slash","Escape Plan","Malaise+1","Dagger Spray","Infinite Blades","Dagger Spray","Well Laid Plans","Deflect","Caltrops","Footwork"],"relics":["Ring of the Snake","Girya","Du-Vu Doll","The Specimen","Sundial"],"potions_floor_usage":[10,14,16],"damage_taken":[{"damage":19,"enemies":"Jaw Worm","floor":1,"turns":11},{"damage":1,"enemies":"Cultist","floor":2,"turns":4},{"damage":0,"enemies":"Small Slimes","floor":4,"turns":4},{"damage":4,"enemies":"Blue Slaver","floor":7,"turns":6},{"damage":31,"enemies":"Gremlin Nob","floor":10,"turns":5},{"damage":7,"enemies":"Lagavulin","floor":14,"turns":7},{"damage":22,"enemies":"Slime Boss","floor":16,"turns":7}],"seed_played":"6318603504717432491","potions_obtained":[{"floor":1,"key":"SteroidPotion"},{"floor":2,"key":"LiquidBronze"},{"floor":10,"key":"Poison Potion"}],"is_trial":false,"path_per_floor":["M","M","?","M","$","R","M","$","T","E","?","R","$","E","R","B"],"character_chosen":"THE_SILENT","items_purchased":["Infinite Blades","Well Laid Plans","Caltrops"],"campfire_rested":1,"item_purchase_floors":[5,8,13],"current_hp_per_floor":[40,39,39,39,39,39,35,35,35,4,4,22,22,15,15,0],"gold":32,"neow_bonus":"ONE_RARE_RELIC","is_prod":false,"is_daily":false,"chose_seed":false,"campfire_upgraded":0,"win_rate":0,"timestamp":1554451677,"path_taken":["M","M","?","M","$","R","M","?","T","E","?","R","?","E","R","BOSS"],"build_version":"2019-01-23","purchased_purges":0,"victory":false,"max_hp_per_floor":[60,60,60,60,60,60,60,60,60,60,60,60,60,60,60,60],"card_choices":[{"not_picked":["Eviscerate","Prepared"],"picked":"Quick Slash","floor":1},{"not_picked":["Poisoned Stab","Concentrate"],"picked":"Escape Plan","floor":2},{"not_picked":["Dagger Throw","Tactician"],"picked":"Dagger Spray","floor":4},{"not_picked":["Blur","Flechettes"],"picked":"Dagger Spray","floor":7},{"not_picked":["Underhanded Strike","Blade Dance"],"picked":"Deflect","floor":10},{"not_picked":["Setup","Unload"],"picked":"Footwork","floor":14}],"player_experience":1613652,"relics_obtained":[{"floor":9,"key":"Du-Vu Doll"},{"floor":10,"key":"The Specimen"},{"floor":14,"key":"Sundial"}],"event_choices":[{"damage_healed":0,"gold_gain":0,"player_choice":"1 cards matched","damage_taken":0,"max_hp_gain":0,"max_hp_loss":0,"event_name":"Match and Keep!","floor":3,"gold_loss":0,"cards_obtained":["Malaise"]},{"damage_healed":0,"gold_gain":0,"player_choice":"Grow","damage_taken":0,"max_hp_gain":0,"max_hp_loss":0,"event_name":"Living Wall","floor":11,"gold_loss":0,"cards_upgraded":["Malaise"]}],"is_beta":false,"boss_relics":[],"items_purged_floors":[],"is_endless":false,"potions_floor_spawned":[1,2,10],"killed_by":"Slime Boss","ascension_level":20}