{"gold_per_floor":[119,69,69,69,84,84,98,98,98,133,133,161,161,174,174,278,278,293,293,306,47,57,57,72,72,72,72,72,88,88,10,10,109,109,126,76,76,1075,1087,1114,107,107,107,107,124,124,124,134,134,134],"floor_reached":50,"playtime":5601,"items_purged":["Coolheaded","Normality"],"score":501,"play_id":"19a0bd0a-c8db-499b-8706-eaac3c8ac7c5","local_time":"20180703221043","is_ascension_mode":false,"campfire_choices":[{"data":"Dualcast","floor":6,"key":"SMITH"},{"data":"Electrodynamics","floor":11,"key":"SMITH"},{"data":"FTL","floor":13,"key":"SMITH"},{"data":"Zap","floor":15,"key":"SMITH"},{"floor":23,"key":"REST"},{"data":"Creative AI","floor":25,"key":"SMITH"},{"data":"Defragment","floor":27,"key":"SMITH"},{"data":"Leap","floor":30,"key":"SMITH"},{"floor":32,"key":"REST"},{"floor":44,"key":"REST"},{"data":"Secret Technique","floor":46,"key":"SMITH"},{"floor":49,"key":"REST"}],"neow_cost":"","seed_source_timestamp":697293116110578,"circlet_count":0,"master_deck":["Strike_B","Strike_B","Defend_B","Defend_B","Defend_B","Defend_B","Zap+1","Dualcast+1","Ball Lightning","Electrodynamics+1","FTL+1","Creative AI+1","Defragment+1","Force Field","Ball Lightning","Beam Cell","Doubt","Leap+1","Static Discharge","All For One","Streamline+1","Master of Strategy","Normality","Capacitor","Secret Technique+1","Leap","Writhe","Clumsy","BootSequence+1"],"relics":["Cracked Core","Ornamental Fan","Bag of Preparation","Kunai","Happy Flower","Cursed Key","Letter Opener","Smiling Mask","White Beast Statue","Dream Catcher","Gremlin Horn","Frozen Egg 2","Bottled Flame","Boot","Bird Faced Urn"],"potions_floor_usage":[16,33,33,39,40,48,50,50],"damage_taken":[{"damage":1,"enemies":"Jaw Worm","floor":1,"turns":4},{"damage":3,"enemies":"Small Slimes","floor":5,"turns":4},{"damage":3,"enemies":"2 Louse","floor":7,"turns":3},{"damage":6,"enemies":"3 Sentries","floor":10,"turns":3},{"damage":5,"enemies":"Gremlin Nob","floor":12,"turns":3},{"damage":2,"enemies":"Blue Slaver","floor":14,"turns":2},{"damage":13,"enemies":"The Guardian","floor":16,"turns":8},{"damage":24,"enemies":"Chosen","floor":18,"turns":4},{"damage":2,"enemies":"Shell Parasite","floor":20,"turns":5},{"damage":15,"enemies":"Snake Plant","floor":22,"turns":3},{"damage":0,"enemies":"Cultist and Chosen","floor":24,"turns":4},{"damage":14,"enemies":"Chosen and Byrds","floor":29,"turns":3},{"damage":63,"enemies":"Collector","floor":33,"turns":7},{"damage":0,"enemies":"3 Shapes","floor":35,"turns":1},{"damage":11,"enemies":"3 Darklings","floor":39,"turns":3},{"damage":34,"enemies":"2 Orb Walkers","floor":40,"turns":3},{"damage":0,"enemies":"4 Shapes","floor":45,"turns":2},{"damage":4,"enemies":"Sphere and 2 Shapes","floor":48,"turns":3},{"damage":82,"enemies":"Awakened One","floor":50,"turns":6}],"seed_played":"6666776915593846670","potions_obtained":[{"floor":5,"key":"Weak Potion"},{"floor":12,"key":"SteroidPotion"},{"floor":16,"key":"FocusPotion"},{"floor":20,"key":"SteroidPotion"},{"floor":24,"key":"Energy Potion"},{"floor":33,"key":"GamblersBrew"},{"floor":35,"key":"Block Potion"},{"floor":39,"key":"Block Potion"},{"floor":40,"key":"FearPotion"},{"floor":48,"key":"Energy Potion"}],"is_trial":false,"path_per_floor":["M","?","?","?","M","R","M","?","T","E","R","E","R","M","R","B",null,"M","?","M","$","M","R","M","R","T","R","?","M","R","$","R","B",null,"M","$","?","?","M","E","$","?","T","R","M","R","T","M","R"],"character_chosen":"DEFECT","items_purchased":["Letter Opener","Static Discharge","Gremlin Horn","Frozen Egg 2","Bottled Flame","Secret Technique","Leap"],"campfire_rested":4,"item_purchase_floors":[21,31,41,41,41,41,41],"current_hp_per_floor":[74,74,74,75,72,72,69,69,69,63,63,58,58,56,56,43,75,51,51,49,49,34,56,56,56,56,56,56,42,42,42,64,1,75,75,75,75,75,64,30,30,30,30,52,52,52,52,52,74,0],"gold":134,"neow_bonus":"","is_prod":false,"is_daily":false,"chose_seed":false,"campfire_upgraded":8,"win_rate":0.0,"timestamp":1530670243,"path_taken":["M","?","?","?","M","R","M","?","T","E","R","E","R","?","R","BOSS","M","?","M","$","M","R","?","R","T","R","?","M","R","$","R","BOSS","M","$","?","?","?","E","$","?","T","R","M","R","?","M","R","BOSS"],"build_version":"2018-06-28","purchased_purges":2,"victory":false,"max_hp_per_floor":[75,75,75,75,75,75,75,75,75,75,75,75,75,75,75,75,75,75,75,75,75,75,75,75,75,75,75,75,75,75,75,75,75,75,75,75,75,75,75,75,75,75,75,75,75,75,75,75,75,75],"card_choices":[{"not_picked":["Compile Driver","Steam Power"],"picked":"Coolheaded","floor":1},{"not_picked":["Hologram","Compile Driver"],"picked":"Ball Lightning","floor":5},{"not_picked":["Defragment","Conserve Battery"],"picked":"Electrodynamics","floor":7},{"not_picked":["Steam","Consume","Streamline"],"picked":"SKIP","floor":10},{"not_picked":["Steam","Consume","Streamline"],"picked":"SKIP","floor":10},{"not_picked":["Steam Power","Go for the Eyes"],"picked":"FTL","floor":12},{"not_picked":["Double Energy","Steam","Cold Snap"],"picked":"SKIP","floor":14},{"not_picked":["Biased Cognition","Electrodynamics"],"picked":"Creative AI","floor":16},{"not_picked":["Glacier","Leap+1"],"picked":"Defragment","floor":18},{"not_picked":["Aggregate+1","Doom and Gloom"],"picked":"Ball Lightning","floor":20},{"not_picked":["Redo","Aggregate"],"picked":"Beam Cell","floor":22},{"not_picked":["Blizzard+1","Doom and Gloom+1","Coolheaded+1"],"picked":"SKIP","floor":24},{"not_picked":["Buffer","Consume"],"picked":"Leap","floor":29},{"not_picked":["Biased Cognition","Creative AI"],"picked":"All For One","floor":33},{"not_picked":["Go for the Eyes","Self Repair"],"picked":"Streamline+1","floor":35},{"not_picked":["Jack Of All Trades","Flash of Steel"],"picked":"Master of Strategy","floor":37},{"not_picked":["Tempest+1","Beam Cell+1"],"picked":"Capacitor","floor":39},{"not_picked":["Beam Cell+1","Scrape","Coolheaded"],"picked":"SKIP","floor":40},{"not_picked":["Coolheaded+1","Beam Cell+1","Force Field"],"picked":"SKIP","floor":45},{"not_picked":["Glacier+1","Chill+1","Sweeping Beam"],"picked":"SKIP","floor":48},{"not_picked":["Hologram","Tempest"],"picked":"BootSequence+1","floor":49}],"player_experience":60826,"relics_obtained":[{"floor":9,"key":"Bag of Preparation"},{"floor":10,"key":"Kunai"},{"floor":12,"key":"Happy Flower"},{"floor":26,"key":"Smiling Mask"},{"floor":40,"key":"Dream Catcher"},{"floor":43,"key":"Boot"},{"floor":47,"key":"Bird Faced Urn"}],"event_choices":[{"event_name":"The Cleric","player_choice":"Card Removal","floor":2,"damage_taken":0},{"event_name":"Big Fish","player_choice":"Box","floor":3,"damage_taken":0},{"event_name":"Wheel of Change","player_choice":"Full Heal","floor":4,"damage_taken":0},{"event_name":"Living Wall","player_choice":"Forget","floor":8,"damage_taken":0},{"event_name":"The Library","player_choice":"Read","floor":19,"damage_taken":0},{"event_name":"Transmorgrifier","player_choice":"Skipped","floor":28,"damage_taken":0},{"event_name":"SensoryStone","player_choice":"Memory 1","floor":37,"damage_taken":0},{"event_name":"MindBloom","player_choice":"Gold","floor":38,"damage_taken":0},{"event_name":"Falling","player_choice":"Removed Attack","floor":42,"damage_taken":0}],"boss_relics":[{"not_picked":["Eternal Feather","Coffee Dripper"],"picked":"Cursed Key"},{"not_picked":["Tiny House","Black Star"],"picked":"White Beast Statue"}],"items_purged_floors":[36,41],"is_endless":false,"potions_floor_spawned":[5,12,16,20,24,33,35,39,40,45,48],"killed_by":"Awakened One","ascension_level":0}