{"gold_per_floor":[218,232,74,74,74,74,85,85,165,495,495,105,115,128,128,223,223,242,242,242,14,14,14,29,54,100,51,79,79,92,106,106,205,205,224,224,242,242,262,262],"floor_reached":40,"playtime":3316,"items_purged":["Writhe"],"score":445,"play_id":"adb7d1cf-ec59-4f47-9c64-15601f92530d","local_time":"20181117005704","is_ascension_mode":true,"campfire_choices":[{"data":"Armaments","floor":6.0,"key":"SMITH"},{"floor":11.0,"key":"REST"},{"floor":15.0,"key":"REST"},{"floor":23.0,"key":"REST"},{"data":"Perfected Strike","floor":29.0,"key":"SMITH"},{"floor":32.0,"key":"REST"}],"neow_cost":"NONE","seed_source_timestamp":0,"circlet_count":0,"master_deck":["Strike_R","Strike_R","Strike_R","Strike_R+1","Strike_R","Defend_R","Defend_R+1","Defend_R+1","Defend_R+1","Twin Strike","Armaments+1","Reaper","Anger","Battle Trance","Pommel Strike","Shrug It Off+1","Cleave","Demon Form","Flex+1","Perfected Strike+1","Infernal Blade+1","Thunderclap+1","Armaments+1","Pommel Strike+1","Berserk","Inflame","Perfected Strike","Infernal Blade+1","Heavy Blade+1","Perfected Strike"],"special_seed":0,"relics":["Burning Blood","Dream Catcher","Blue Candle","Old Coin","Toxic Egg 2","Anchor","Sozu","PreservedInsect","War Paint","Kunai","Lantern","Bag of Marbles","Orrery"],"potions_floor_usage":[],"damage_taken":[{"damage":8.0,"enemies":"Small Slimes","floor":1.0,"turns":3.0},{"damage":10.0,"enemies":"Jaw Worm","floor":2.0,"turns":4.0},{"damage":12.0,"enemies":"2 Louse","floor":7.0,"turns":3.0},{"damage":20.0,"enemies":"Gremlin Nob","floor":10.0,"turns":4.0},{"damage":4.0,"enemies":"Exordium Thugs","floor":13.0,"turns":4.0},{"damage":2.0,"enemies":"Exordium Wildlife","floor":14.0,"turns":4.0},{"damage":46.0,"enemies":"Hexaghost","floor":16.0,"turns":9.0},{"damage":15.0,"enemies":"3 Byrds","floor":18.0,"turns":5.0},{"damage":17.0,"enemies":"Colosseum Slavers","floor":22.0,"turns":3.0},{"damage":10.0,"enemies":"Chosen","floor":24.0,"turns":4.0},{"damage":18.0,"enemies":"Book of Stabbing","floor":25.0,"turns":4.0},{"damage":8.0,"enemies":"Gremlin Leader","floor":28.0,"turns":3.0},{"damage":0.0,"enemies":"3 Cultists","floor":30.0,"turns":3.0},{"damage":18.0,"enemies":"Shelled Parasite and Fungi","floor":31.0,"turns":4.0},{"damage":47.0,"enemies":"Champ","floor":33.0,"turns":8.0},{"damage":0.0,"enemies":"Orb Walker","floor":35.0,"turns":1.0},{"damage":8.0,"enemies":"3 Darklings","floor":37.0,"turns":3.0},{"damage":35.0,"enemies":"Writhing Mass","floor":39.0,"turns":6.0},{"damage":61,"enemies":"Giant Head","floor":40,"turns":5}],"seed_played":"5835179291761720101","potions_obtained":[{"floor":1.0,"key":"SpeedPotion"},{"floor":13.0,"key":"FearPotion"},{"floor":14.0,"key":"LiquidBronze"}],"is_trial":false,"path_per_floor":["M","M","$","?","?","R","M","?","T","E","R","$","M","M","R","B",null,"M","?","?","$","?","R","M","E","T","$","E","R","M","M","R","B",null,"M","?","M","?","M","E"],"character_chosen":"IRONCLAD","items_purchased":["Reaper","Toxic Egg 2","Anchor","War Paint","Armaments+1"],"campfire_rested":4,"item_purchase_floors":[3,12,12,21,27],"current_hp_per_floor":[78,74,74,58,46,46,48,48,48,34,58,58,60,64,80,40,80,71,71,56,56,51,76,72,60,60,60,58,58,64,52,77,36,85,85,85,83,83,54,0],"gold":262,"neow_bonus":"HUNDRED_GOLD","is_prod":false,"is_daily":false,"chose_seed":false,"campfire_upgraded":2,"win_rate":0,"timestamp":1542434224,"path_taken":["M","M","$","?","?","R","M","?","T","E","R","$","?","M","R","BOSS","M","?","?","$","?","R","M","E","T","?","E","R","M","M","R","BOSS","M","?","M","?","?","E"],"build_version":"2018-11-15","purchased_purges":1,"victory":false,"max_hp_per_floor":[80,80,80,80,80,80,80,80,80,80,80,80,80,80,80,80,80,80,80,85,85,85,85,85,85,85,85,85,85,85,85,85,85,85,85,85,85,85,85,85],"card_choices":[{"not_picked":["Rupture","Headbutt"],"picked":"Twin Strike","floor":1.0},{"not_picked":["Pommel Strike","Searing Blow"],"picked":"Armaments","floor":2.0},{"not_picked":["Dual Wield","Anger"],"picked":"Perfected Strike","floor":7.0},{"not_picked":["Clothesline","Dropkick"],"picked":"Battle Trance","floor":10.0},{"not_picked":["Sword Boomerang","Iron Wave"],"picked":"Pommel Strike","floor":11.0},{"not_picked":["Clash","Iron Wave"],"picked":"Shrug It Off+1","floor":13.0},{"not_picked":["Bludgeon","Bloodletting+1"],"picked":"Cleave","floor":14.0},{"not_picked":["Feed","Brutality"],"picked":"Demon Form","floor":16.0},{"not_picked":["Heavy Blade","True Grit+1"],"picked":"Flex+1","floor":18.0},{"not_picked":["Twin Strike","Cleave+1"],"picked":"Perfected Strike","floor":23.0},{"not_picked":["Barricade","Twin Strike"],"picked":"Infernal Blade+1","floor":24.0},{"not_picked":["Demon Form","Corruption"],"picked":"Thunderclap+1","floor":25.0},{"not_picked":["Headbutt+1","Dark Embrace","Exhume+1"],"picked":"SKIP","floor":28.0},{"not_picked":["Burning Pact+1","Heavy Blade","Reckless Charge+1"],"picked":"SKIP","floor":30.0},{"not_picked":["Warcry+1","Shrug It Off+1"],"picked":"Pommel Strike+1","floor":31.0},{"not_picked":["Demon Form","Feed"],"picked":"Berserk","floor":33.0},{"not_picked":["Havoc+1","Body Slam+1"],"picked":"Inflame","floor":34.0},{"not_picked":["Twin Strike","Blood for Blood"],"picked":"Perfected Strike","floor":34.0},{"not_picked":["Intimidate+1","Clothesline+1"],"picked":"Infernal Blade+1","floor":34.0},{"not_picked":["Sword Boomerang","Havoc+1"],"picked":"Heavy Blade+1","floor":35.0},{"not_picked":["Shockwave+1","Reckless Charge+1","Body Slam+1"],"picked":"SKIP","floor":37.0},{"not_picked":["Headbutt+1","Warcry+1"],"picked":"Perfected Strike","floor":39.0}],"player_experience":316490,"relics_obtained":[{"floor":9.0,"key":"Blue Candle"},{"floor":10.0,"key":"Old Coin"},{"floor":25.0,"key":"Kunai"},{"floor":26.0,"key":"Lantern"},{"floor":28.0,"key":"Bag of Marbles"}],"event_choices":[{"damage_healed":0.0,"max_hp_gain":0.0,"max_hp_loss":0.0,"gold_gain":0.0,"event_name":"Shining Light","player_choice":"Entered Light","floor":4.0,"gold_loss":0.0,"damage_taken":16.0,"cards_upgraded":["Strike_R","Defend_R"]},{"damage_healed":0.0,"max_hp_gain":0.0,"max_hp_loss":0.0,"gold_gain":0.0,"event_name":"Scrap Ooze","player_choice":"Success","floor":5.0,"gold_loss":0.0,"damage_taken":12.0,"relics_obtained":["Dream Catcher"]},{"damage_healed":0.0,"max_hp_gain":0.0,"max_hp_loss":0.0,"gold_gain":0.0,"cards_transformed":["Bash"],"event_name":"Transmorgrifier","player_choice":"Transformed","floor":8.0,"gold_loss":0.0,"damage_taken":0.0,"cards_obtained":["Anger"]},{"damage_healed":0.0,"max_hp_gain":0.0,"max_hp_loss":0.0,"gold_gain":0.0,"event_name":"The Mausoleum","player_choice":"Opened","floor":19.0,"gold_loss":0.0,"damage_taken":0.0,"relics_obtained":["PreservedInsect"],"cards_obtained":["Writhe"]},{"damage_healed":0.0,"max_hp_gain":5.0,"max_hp_loss":0.0,"gold_gain":0.0,"event_name":"Forgotten Altar","player_choice":"Shed Blood","floor":20.0,"gold_loss":0.0,"damage_taken":20.0},{"damage_healed":0.0,"max_hp_gain":0.0,"max_hp_loss":0.0,"gold_gain":0.0,"event_name":"Colosseum","player_choice":"Fight","floor":22.0,"gold_loss":0.0,"damage_taken":0.0},{"damage_healed":0.0,"max_hp_gain":0.0,"max_hp_loss":0.0,"gold_gain":0.0,"event_name":"Colosseum","player_choice":"Fled From Nobs","floor":22.0,"gold_loss":0.0,"damage_taken":0.0},{"cards_removed":["Perfected Strike"],"damage_healed":0.0,"max_hp_gain":0.0,"max_hp_loss":0.0,"gold_gain":0.0,"event_name":"Falling","player_choice":"Removed Attack","floor":36.0,"gold_loss":0.0,"damage_taken":0.0},{"damage_healed":0.0,"max_hp_gain":0.0,"max_hp_loss":0.0,"gold_gain":0.0,"event_name":"WeMeetAgain","player_choice":"Ignored","floor":38.0,"gold_loss":0.0,"damage_taken":0.0}],"is_beta":false,"boss_relics":[{"not_picked":["Black Star","Black Blood"],"picked":"Sozu"},{"not_picked":["White Beast Statue","Coffee Dripper"],"picked":"Orrery"}],"items_purged_floors":[21],"is_endless":false,"potions_floor_spawned":[1,13,14,22,25,31,37],"killed_by":"Giant Head","ascension_level":1}