{"gold_per_floor":[113,113,29,29,39,72,83,110,188,214,27,27,27],"floor_reached":13,"playtime":387,"items_purged":[],"score":252,"play_id":"14d315b3-d32d-4760-8cce-fe3b8c70fdca","local_time":"20190502203744","is_ascension_mode":true,"campfire_choices":[{"data":"Uppercut","floor":12,"key":"SMITH"}],"neow_cost":"NONE","seed_source_timestamp":873691523311427,"circlet_count":0,"master_deck":["AscendersBane","Strike_R","Strike_R","Strike_R","Strike_R","Strike_R","Defend_R","Defend_R","Defend_R","Defend_R","Bash","Twin Strike","Flame Barrier","Uppercut+1","Shockwave","Clothesline"],"relics":["Burning Blood","NeowsBlessing","Prayer Wheel","Omamori","Singing Bowl","Pen Nib"],"potions_floor_usage":[8,13],"damage_taken":[{"damage":0,"enemies":"Small Slimes","floor":1,"turns":1},{"damage":0,"enemies":"2 Louse","floor":5,"turns":1},{"damage":0,"enemies":"3 Sentries","floor":6,"turns":1},{"damage":6,"enemies":"Jaw Worm","floor":7,"turns":3},{"damage":24,"enemies":"Gremlin Nob","floor":8,"turns":4},{"damage":50,"enemies":"Lagavulin","floor":10,"turns":7},{"damage":25,"enemies":"3 Sentries","floor":13,"turns":4}],"seed_played":"-3182294088885804511","potions_obtained":[{"floor":1,"key":"SkillPotion"},{"floor":6,"key":"Explosive Potion"}],"is_trial":false,"path_per_floor":["M","?","$","?","M","E","M","E","T","E","$","R","E"],"character_chosen":"IRONCLAD","items_purchased":["Twin Strike","Fire Potion","Clothesline","Pen Nib"],"campfire_rested":0,"item_purchase_floors":[3,3,11,11],"current_hp_per_floor":[74,79,79,79,80,80,80,62,62,20,20,20,0],"gold":27,"neow_bonus":"THREE_ENEMY_KILL","is_prod":false,"is_daily":false,"chose_seed":false,"campfire_upgraded":1,"win_rate":0,"timestamp":1556843864,"path_taken":["M","?","$","?","M","E","M","E","T","E","$","R","E"],"build_version":"2019-01-23","purchased_purges":0,"victory":false,"max_hp_per_floor":[75,80,80,80,80,80,80,80,80,82,82,82,82],"card_choices":[{"not_picked":["Entrench","Sentinel","Flex"],"picked":"SKIP","floor":1},{"not_picked":["Heavy Blade","Clash"],"picked":"Flame Barrier","floor":5},{"not_picked":["Heavy Blade","Shrug It Off"],"picked":"Uppercut","floor":6},{"not_picked":["Seeing Red","Armaments","Sword Boomerang"],"picked":"SKIP","floor":7},{"not_picked":["Cleave","Double Tap","Iron Wave"],"picked":"SKIP","floor":7},{"not_picked":["Anger","Pommel Strike"],"picked":"Shockwave","floor":8},{"not_picked":["Twin Strike","Armaments","Evolve"],"picked":"Singing Bowl","floor":10}],"player_experience":2269334,"relics_obtained":[{"floor":6,"key":"Prayer Wheel"},{"floor":8,"key":"Omamori"},{"floor":9,"key":"Singing Bowl"}],"event_choices":[{"damage_healed":0,"gold_gain":0,"player_choice":"Donut","damage_taken":0,"max_hp_gain":5,"max_hp_loss":0,"event_name":"Big Fish","floor":2,"gold_loss":0},{"damage_healed":0,"gold_gain":0,"player_choice":"Ignored","damage_taken":0,"max_hp_gain":0,"max_hp_loss":0,"event_name":"Liars Game","floor":4,"gold_loss":0}],"is_beta":false,"boss_relics":[],"items_purged_floors":[],"is_endless":false,"potions_floor_spawned":[1,6,7],"killed_by":"3 Sentries","ascension_level":20}