{"gold_per_floor":[117,133,150,166,180,180,211,231,277,277,30,30,8,35,35,112,112,126,40,40,50,67,92,92,92,92,92,124,40,40,40,40,115,115,130,130,147,167,181,215,226,244,271,300,300,300,313,313,313,313,313],"floor_reached":51,"playtime":4625,"items_purged":["Strike_R"],"score":1564,"play_id":"c530eff8-30d2-48ec-b857-b3fcd2da57e9","local_time":"20190406093837","is_ascension_mode":true,"campfire_choices":[{"data":"Wild Strike","floor":6.0,"key":"SMITH"},{"data":"Flame Barrier","floor":10.0,"key":"SMITH"},{"data":"Rampage","floor":15.0,"key":"SMITH"},{"data":"Demon Form","floor":24.0,"key":"SMITH"},{"data":"Ghostly","floor":27.0,"key":"SMITH"},{"data":"Ghostly","floor":30.0,"key":"SMITH"},{"floor":32.0,"key":"REST"},{"floor":45.0,"key":"RECALL"},{"floor":49.0,"key":"REST"}],"neow_cost":"NONE","seed_source_timestamp":664101714933194,"circlet_count":0,"master_deck":["AscendersBane","Strike_R","Strike_R","Strike_R","Defend_R","Defend_R","Defend_R","Bash+1","Wild Strike+1","Flame Barrier+1","Rampage+1","Shrug It Off","Impervious","Flame Barrier","Demon Form+1","Anger+1","Ghostly","Ghostly+1","Ghostly+1","Battle Trance+1","Intimidate","Shrug It Off","Inflame","Impervious","Disarm","Thunderclap+1","Battle Trance","Feel No Pain+1","Headbutt+1","Corruption+1","Heavy Blade","Madness","Madness"],"special_seed":0,"relics":["Burning Blood","Dodecahedron","Strawberry","Membership Card","Pen Nib","Sozu","Oddly Smooth Stone","Mummified Hand","Letter Opener","Vajra","Bag of Preparation","Fusion Hammer","Potion Belt","Meat on the Bone"],"potions_floor_usage":[],"damage_taken":[{"damage":1.0,"enemies":"Cultist","floor":1.0,"turns":3.0},{"damage":9.0,"enemies":"Jaw Worm","floor":2.0,"turns":4.0},{"damage":7.0,"enemies":"2 Louse","floor":3.0,"turns":3.0},{"damage":6.0,"enemies":"2 Fungi Beasts","floor":4.0,"turns":3.0},{"damage":19.0,"enemies":"Exordium Wildlife","floor":5.0,"turns":4.0},{"damage":15.0,"enemies":"3 Sentries","floor":7.0,"turns":8.0},{"damage":15.0,"enemies":"Exordium Thugs","floor":8.0,"turns":5.0},{"damage":32.0,"enemies":"Gremlin Nob","floor":14.0,"turns":4.0},{"damage":10.0,"enemies":"The Guardian","floor":16.0,"turns":11.0},{"damage":19.0,"enemies":"Spheric Guardian","floor":18.0,"turns":6.0},{"damage":0.0,"enemies":"3 Byrds","floor":21.0,"turns":4.0},{"damage":10.0,"enemies":"Snecko","floor":22.0,"turns":6.0},{"damage":11.0,"enemies":"Book of Stabbing","floor":23.0,"turns":4.0},{"damage":14.0,"enemies":"Slavers","floor":28.0,"turns":7.0},{"damage":2.0,"enemies":"Automaton","floor":33.0,"turns":8.0},{"damage":0.0,"enemies":"3 Shapes","floor":35.0,"turns":4.0},{"damage":0.0,"enemies":"Orb Walker","floor":37.0,"turns":4.0},{"damage":0.0,"enemies":"4 Shapes","floor":38.0,"turns":8.0},{"damage":5.0,"enemies":"Jaw Worm Horde","floor":39.0,"turns":5.0},{"damage":0.0,"enemies":"Nemesis","floor":40.0,"turns":9.0},{"damage":2.0,"enemies":"Writhing Mass","floor":41.0,"turns":6.0},{"damage":0.0,"enemies":"3 Darklings","floor":42.0,"turns":5.0},{"damage":0.0,"enemies":"Reptomancer","floor":44.0,"turns":4.0},{"damage":0.0,"enemies":"4 Shapes","floor":47.0,"turns":2.0},{"damage":40.0,"enemies":"Donu and Deca","floor":50.0,"turns":9.0},{"damage":19,"enemies":"Awakened One","floor":51,"turns":6}],"seed_played":"-8934147676053395528","potions_obtained":[{"floor":2.0,"key":"Fire Potion"},{"floor":4.0,"key":"SpeedPotion"},{"floor":7.0,"key":"Weak Potion"},{"floor":8.0,"key":"Swift Potion"},{"floor":16.0,"key":"Regen Potion"}],"is_trial":false,"path_per_floor":["M","M","M","M","M","R","E","M","T","R","$","?","$","E","R","B",null,"M","$","?","M","M","E","R","?","T","R","E","$","R","?","R","B",null,"M","?","M","M","M","E","M","M","T","E","R","?","M","?","R","B","B"],"character_chosen":"IRONCLAD","items_purchased":["Membership Card","Flame Barrier","Oddly Smooth Stone","Bag of Preparation"],"campfire_rested":2,"item_purchase_floors":[11,13,19,29],"current_hp_per_floor":[73,70,69,69,56,56,47,38,45,45,45,38,38,12,12,8,64,66,66,41,41,37,32,32,32,32,32,24,24,24,24,36,40,41,41,41,41,41,41,41,41,41,41,41,41,41,41,34,41,19,0],"gold":313,"neow_bonus":"UPGRADE_CARD","is_prod":false,"is_daily":false,"chose_seed":false,"campfire_upgraded":6,"win_rate":0,"timestamp":1554568717,"path_taken":["M","M","?","M","M","R","E","M","T","R","?","?","$","E","R","BOSS","M","$","?","M","M","E","R","?","T","R","E","?","R","?","R","BOSS","M","?","M","?","M","E","M","?","T","E","R","?","M","?","R","BOSS","BOSS"],"build_version":"2019-04-04","purchased_purges":1,"victory":false,"max_hp_per_floor":[75,75,75,75,75,75,75,75,82,82,82,82,82,82,82,82,82,82,82,41,41,41,41,41,41,41,41,41,41,41,41,41,41,41,41,41,41,41,41,41,41,41,41,41,41,41,41,41,41,41,41],"card_choices":[{"not_picked":["Dual Wield","Metallicize"],"picked":"Wild Strike","floor":1.0},{"not_picked":["Sentinel","Disarm"],"picked":"Flame Barrier","floor":2.0},{"not_picked":["Body Slam","Wild Strike"],"picked":"Rampage","floor":3.0},{"not_picked":["Dropkick","Sentinel"],"picked":"Shrug It Off","floor":4.0},{"not_picked":["Twin Strike","Havoc","Perfected Strike"],"picked":"SKIP","floor":5.0},{"not_picked":["Rupture","Reckless Charge"],"picked":"Impervious","floor":7.0},{"not_picked":["Heavy Blade","Clash","Havoc"],"picked":"SKIP","floor":8.0},{"not_picked":["Sentinel","Twin Strike","Infernal Blade"],"picked":"SKIP","floor":14.0},{"not_picked":["Juggernaut","Reaper"],"picked":"Demon Form","floor":16.0},{"not_picked":["Fire Breathing+1","Burning Pact"],"picked":"Anger+1","floor":18.0},{"not_picked":["Shockwave","Inflame+1"],"picked":"Battle Trance+1","floor":21.0},{"not_picked":["Infernal Blade","Pommel Strike"],"picked":"Intimidate","floor":22.0},{"not_picked":["Uppercut","Ghostly Armor"],"picked":"Shrug It Off","floor":23.0},{"not_picked":["Spot Weakness","Reckless Charge","Second Wind"],"picked":"SKIP","floor":28.0},{"not_picked":["Brutality","Demon Form"],"picked":"Impervious","floor":33.0},{"not_picked":["Bloodletting","Sever Soul"],"picked":"Disarm","floor":35.0},{"not_picked":["Searing Blow","Clash","Wild Strike"],"picked":"SKIP","floor":37.0},{"not_picked":["Clothesline","Clash"],"picked":"Thunderclap+1","floor":38.0},{"not_picked":["Intimidate","Iron Wave+1"],"picked":"Battle Trance","floor":39.0},{"not_picked":["Cleave","Shockwave"],"picked":"Feel No Pain+1","floor":40.0},{"not_picked":["Pommel Strike","Wild Strike"],"picked":"Headbutt+1","floor":41.0},{"not_picked":["Rupture","Sever Soul+1"],"picked":"Corruption+1","floor":42.0},{"not_picked":["Brutality","Havoc"],"picked":"Heavy Blade","floor":44.0},{"not_picked":["Corruption","Havoc","Pommel Strike+1"],"picked":"SKIP","floor":47.0}],"player_experience":1435683,"relics_obtained":[{"floor":7.0,"key":"Dodecahedron"},{"floor":9.0,"key":"Strawberry"},{"floor":14.0,"key":"Pen Nib"},{"floor":23.0,"key":"Mummified Hand"},{"floor":26.0,"key":"Letter Opener"},{"floor":28.0,"key":"Vajra"},{"floor":40.0,"key":"Potion Belt"},{"floor":44.0,"key":"Meat on the Bone"}],"event_choices":[{"cards_removed":["Strike_R"],"damage_healed":0.0,"max_hp_gain":0.0,"max_hp_loss":0.0,"gold_gain":0.0,"event_name":"Golden Wing","player_choice":"Card Removal","floor":12.0,"gold_loss":0.0,"damage_taken":7.0},{"damage_healed":0.0,"max_hp_gain":0.0,"max_hp_loss":41.0,"gold_gain":0.0,"event_name":"Ghosts","player_choice":"Became a Ghost","floor":20.0,"gold_loss":0.0,"damage_taken":0.0,"cards_obtained":["Ghostly","Ghostly","Ghostly"]},{"damage_healed":0.0,"max_hp_gain":0.0,"max_hp_loss":0.0,"gold_gain":0.0,"event_name":"The Library","player_choice":"Read","floor":25.0,"gold_loss":0.0,"damage_taken":0.0,"cards_obtained":["Inflame"]},{"damage_healed":0.0,"max_hp_gain":0.0,"max_hp_loss":0.0,"gold_gain":0.0,"event_name":"N\u0027loth","player_choice":"Ignored","floor":31.0,"gold_loss":0.0,"damage_taken":0.0},{"damage_healed":0.0,"max_hp_gain":0.0,"max_hp_loss":0.0,"gold_gain":0.0,"event_name":"Lab","player_choice":"Got Potions","floor":36.0,"gold_loss":0.0,"damage_taken":0.0},{"cards_removed":["Defend_R"],"damage_healed":0.0,"max_hp_gain":0.0,"max_hp_loss":0.0,"gold_gain":0.0,"event_name":"Falling","player_choice":"Removed Skill","floor":46.0,"gold_loss":0.0,"damage_taken":0.0},{"damage_healed":0.0,"max_hp_gain":0.0,"max_hp_loss":0.0,"gold_gain":0.0,"event_name":"Winding Halls","player_choice":"Embrace Madness","floor":48.0,"gold_loss":0.0,"damage_taken":7.0,"cards_obtained":["Madness","Madness"]}],"is_beta":true,"boss_relics":[{"not_picked":["Ectoplasm","Black Blood"],"picked":"Sozu"},{"not_picked":["Calling Bell","Lizard Tail"],"picked":"Fusion Hammer"}],"items_purged_floors":[11],"is_endless":false,"potions_floor_spawned":[2,4,7,8,16,18,23,37,38,42,47],"killed_by":"Awakened One","ascension_level":20}