{"path_per_floor":["M","M","?","?","?","R","M","R","T","$","M","E","R","?","R","B",null,"M","?","$","?","?","R","E","M","T","$","?","M","R","?","R"],"character_chosen":"IRONCLAD","items_purchased":["Metallicize","Shrug It Off","Ghostly Armor","Strawberry"],"gold_per_floor":[112,125,125,200,200,200,211,211,235,86,97,130,130,130,130,201,231,244,159,12,12,12,12,347,362,389,69,69,88,88,88,88,88],"floor_reached":33,"campfire_rested":0,"playtime":1304,"current_hp_per_floor":[59,65,58,47,52,52,58,58,58,58,64,63,63,52,52,46,82,67,67,67,46,46,46,21,27,27,34,34,26,26,26,26,0],"items_purged":["Strike_R","Strike_R","Defend_R"],"gold":88,"score":478,"play_id":"c15b8f6c-1b4c-4c35-9e51-02f2ec82e2ff","local_time":"20180412000639","is_prod":false,"is_daily":false,"is_ascension_mode":true,"campfire_upgraded":7,"timestamp":1523505999,"path_taken":["M","M","?","?","?","R","?","R","T","?","M","E","R","?","R","BOSS","M","?","$","?","?","R","E","M","T","?","?","M","R","?","R","BOSS"],"build_version":"2018-04-05v2","purchased_purges":4,"victory":false,"master_deck":["Defend_R","Defend_R","Defend_R","Bash+1","AscendersBane","Shrug It Off+1","Body Slam+1","Warcry+1","Metallicize+1","Feed","Juggernaut+1","Shrug It Off+1","Entrench+1","Ghostly Armor"],"max_hp_per_floor":[68,68,68,68,73,73,73,73,73,73,73,87,87,87,87,87,92,92,92,92,92,92,92,92,92,92,99,99,99,99,99,99,99],"relics":["Burning Blood","Juzu Bracelet","Mango","Vajra","Tiny House","Pantograph","Nilry\u0027s Codex","Old Coin","Omamori","Strawberry"],"card_choices":[{"not_picked":["Flex","Armaments"],"picked":"Shrug It Off","floor":1},{"not_picked":["Wild Strike","Cleave"],"picked":"Body Slam","floor":2},{"not_picked":["Heavy Blade","Blood for Blood"],"picked":"Warcry","floor":7},{"not_picked":["Shrug It Off","Spot Weakness"],"picked":"Feed","floor":11},{"not_picked":["Brutality","Fiend Fire"],"picked":"Juggernaut","floor":16},{"not_picked":["Searing Blow","Sword Boomerang"],"picked":"Entrench","floor":24}],"player_experience":825090,"potions_floor_usage":[12,16,24,25,25,33,33],"damage_taken":[{"damage":15,"enemies":"Cultist","floor":1,"turns":5},{"damage":0,"enemies":"2 Louse","floor":2,"turns":4},{"damage":0,"enemies":"Jaw Worm","floor":7,"turns":4},{"damage":0,"enemies":"Looter","floor":11,"turns":4},{"damage":21,"enemies":"Gremlin Nob","floor":12,"turns":5},{"damage":12,"enemies":"The Guardian","floor":16,"turns":13},{"damage":21,"enemies":"Spheric Guardian","floor":18,"turns":6},{"damage":31,"enemies":"Book of Stabbing","floor":24,"turns":6},{"damage":0,"enemies":"Chosen","floor":25,"turns":5},{"damage":14,"enemies":"Snake Plant","floor":29,"turns":5},{"damage":82,"enemies":"Collector","floor":33,"turns":6}],"event_choices":[{"event_name":"Golden Wing","player_choice":"Card Removal","floor":3,"damage_taken":0},{"event_name":"World of Goop","player_choice":"Gather Gold","floor":4,"damage_taken":0},{"event_name":"Big Fish","player_choice":"Donut","floor":5,"damage_taken":0},{"event_name":"Scrap Ooze","player_choice":"success","floor":14,"damage_taken":11},{"event_name":"Addict","player_choice":"Obtained Relic","floor":19,"damage_taken":0},{"event_name":"Cursed Tome","player_choice":"Obtained Book","floor":21,"damage_taken":0},{"event_name":"Upgrade Shrine","player_choice":"Upgraded","floor":22,"damage_taken":0},{"event_name":"Vampires","player_choice":"Ignored","floor":28,"damage_taken":0},{"event_name":"N\u0027loth","player_choice":"Ignored","floor":31,"damage_taken":0}],"boss_relics":[{"not_picked":["Astrolabe","Eternal Feather"],"picked":"Tiny House"}],"potions_floor_spawned":[1,7,12,18,24,29],"seed_played":"-1981397645999340537","killed_by":"Collector","ascension_level":15,"is_trial":false}