{"gold_per_floor":[111,111,121,46,59,59,59,59,59,116,116,127,137,150,150,150],"floor_reached":16,"playtime":480,"items_purged":[],"score":184,"play_id":"204aa7c5-42cd-4f83-ba2e-57d454bf1794","local_time":"20190202113807","is_ascension_mode":true,"campfire_choices":[{"data":"Zap","floor":6.0,"key":"SMITH"},{"data":"Hologram","floor":8.0,"key":"SMITH"},{"data":"Hologram","floor":11.0,"key":"SMITH"},{"floor":15.0,"key":"REST"}],"neow_cost":"TEN_PERCENT_HP_LOSS","seed_source_timestamp":267923841311567,"circlet_count":0,"master_deck":["AscendersBane","Strike_B","Strike_B","Defend_B","Defend_B","Defend_B","Defend_B","Zap+1","Dualcast","Undo","Hologram+1","Hologram+1","Cold Snap","Compile Driver"],"special_seed":0,"relics":["Cracked Core","Torii","Ornamental Fan","Frozen Egg 2","The Courier"],"potions_floor_usage":[16,16],"damage_taken":[{"damage":7.0,"enemies":"Jaw Worm","floor":1.0,"turns":3.0},{"damage":1.0,"enemies":"Small Slimes","floor":3.0,"turns":3.0},{"damage":0.0,"enemies":"2 Louse","floor":5.0,"turns":2.0},{"damage":9.0,"enemies":"3 Sentries","floor":10.0,"turns":9.0},{"damage":12.0,"enemies":"Large Slime","floor":12.0,"turns":6.0},{"damage":0.0,"enemies":"2 Fungi Beasts","floor":13.0,"turns":4.0},{"damage":6.0,"enemies":"3 Louse","floor":14.0,"turns":4.0},{"damage":51,"enemies":"Hexaghost","floor":16,"turns":12}],"seed_played":"6423947615064285307","potions_obtained":[{"floor":1.0,"key":"Explosive Potion"},{"floor":10.0,"key":"GamblersBrew"},{"floor":12.0,"key":"AttackPotion"}],"is_trial":false,"path_per_floor":["M","?","M","?","M","R","?","R","T","?","R","M","M","M","R","B"],"character_chosen":"DEFECT","items_purchased":[],"campfire_rested":1,"item_purchase_floors":[],"current_hp_per_floor":[57,52,51,51,51,51,51,51,51,42,42,30,30,24,43,0],"gold":150,"neow_bonus":"ONE_RARE_RELIC","is_prod":false,"is_daily":false,"chose_seed":false,"campfire_upgraded":3,"win_rate":0,"timestamp":1549132687,"path_taken":["M","?","M","?","M","R","?","R","T","?","R","M","M","M","R","BOSS"],"build_version":"2019-01-23","purchased_purges":0,"victory":false,"max_hp_per_floor":[64,64,64,64,64,64,64,64,64,64,64,64,64,64,64,64],"card_choices":[{"not_picked":["Reinforced Body","Hologram"],"picked":"Undo","floor":1.0},{"not_picked":["Blizzard","Go for the Eyes"],"picked":"Hologram","floor":3.0},{"not_picked":["Reprogram","Rebound"],"picked":"Hologram","floor":5.0},{"not_picked":["Steam","Gash"],"picked":"Cold Snap","floor":10.0},{"not_picked":["Rebound","Redo","Aggregate"],"picked":"SKIP","floor":12.0},{"not_picked":["Meteor Strike","Go for the Eyes","Barrage"],"picked":"SKIP","floor":13.0},{"not_picked":["Steam Power","Rip and Tear"],"picked":"Compile Driver","floor":14.0}],"player_experience":1063621,"relics_obtained":[{"floor":9.0,"key":"Frozen Egg 2"},{"floor":10.0,"key":"The Courier"}],"event_choices":[{"damage_healed":0.0,"max_hp_gain":0.0,"max_hp_loss":0.0,"gold_gain":0.0,"event_name":"Scrap Ooze","player_choice":"Success","floor":2.0,"gold_loss":0.0,"damage_taken":5.0,"relics_obtained":["Ornamental Fan"]},{"cards_removed":["Strike_B"],"damage_healed":0.0,"max_hp_gain":0.0,"max_hp_loss":0.0,"gold_gain":0.0,"event_name":"The Cleric","player_choice":"Card Removal","floor":4.0,"gold_loss":75.0,"damage_taken":0.0},{"cards_removed":["Strike_B"],"damage_healed":0.0,"max_hp_gain":0.0,"max_hp_loss":0.0,"gold_gain":0.0,"event_name":"Living Wall","player_choice":"Forget","floor":7.0,"gold_loss":0.0,"damage_taken":0.0},{"damage_healed":0.0,"max_hp_gain":0.0,"max_hp_loss":0.0,"gold_gain":0.0,"event_name":"Dead Adventurer","player_choice":"Searched \u00272\u0027 times","floor":10.0,"gold_loss":0.0,"damage_taken":0.0}],"is_beta":true,"boss_relics":[],"items_purged_floors":[],"is_endless":false,"potions_floor_spawned":[1,10,12,13],"killed_by":"Hexaghost","ascension_level":20}