{"gold_per_floor":[115,131,30,46,46,46,80,80,80,80,80,100,118,152,152,223,223,233,43,43,61,61,61,95,113,160,178,178,178,178,36,36,113,113,113,132,45,145,156,173,207,219,219,246,246,281,299,319,319,319,319,319,60,85,85],"floor_reached":55,"playtime":3042,"items_purged":["Strike_B","Meteor Strike","Dualcast+1"],"score":1471,"play_id":"c850544d-38d8-4903-bb8e-67a44edfa4f1","local_time":"20190406191439","is_ascension_mode":true,"campfire_choices":[{"data":"Zap","floor":6.0,"key":"SMITH"},{"data":"Doom and Gloom","floor":8.0,"key":"SMITH"},{"data":"Hologram","floor":10.0,"key":"SMITH"},{"data":"Electrodynamics","floor":15.0,"key":"SMITH"},{"data":"Sunder","floor":23.0,"key":"SMITH"},{"floor":28,"key":"REST"},{"floor":30,"key":"REST"},{"floor":32,"key":"REST"},{"floor":45,"key":"RECALL"},{"floor":49,"key":"REST"},{"data":"Buffer","floor":52,"key":"SMITH"}],"neow_cost":"NONE","seed_source_timestamp":2100171694137047,"circlet_count":0,"master_deck":["AscendersBane","Zap+1","Gash","Cold Snap","Hologram+1","Doom and Gloom+1","Electrodynamics+1","Ball Lightning","All For One","Ball Lightning","Beam Cell","Steam+1","Reinforced Body+1","Hologram+1","Hologram+1","Sunder+1","Consume+1","Genetic Algorithm+1","Conserve Battery+1","Steam+1","Flash of Steel","Buffer+1","BootSequence+1","Steam+1","Steam Power+1","Coolheaded+1","Gash","Gash+1","Coolheaded+1","Conserve Battery+1","Reprogram+1","Beam Cell+1","Fusion+1","Hologram+1","Skim+1","Capacitor","Dark Shackles+1","Hologram+1","Hologram+1"],"special_seed":0,"relics":["Cracked Core","Toxic Egg 2","Kunai","Pandora\u0027s Box","Anchor","War Paint","Nuclear Battery","Prayer Wheel","Bottled Tornado","Vajra","Juzu Bracelet","Pocketwatch"],"potions_floor_usage":[27,35,39,41,54,55,55],"damage_taken":[{"damage":0.0,"enemies":"Small Slimes","floor":1.0,"turns":2.0},{"damage":3.0,"enemies":"2 Louse","floor":2.0,"turns":2.0},{"damage":2.0,"enemies":"Jaw Worm","floor":4.0,"turns":3.0},{"damage":10.0,"enemies":"Gremlin Nob","floor":7.0,"turns":4.0},{"damage":0.0,"enemies":"Large Slime","floor":12.0,"turns":4.0},{"damage":0.0,"enemies":"2 Fungi Beasts","floor":13.0,"turns":2.0},{"damage":8.0,"enemies":"3 Sentries","floor":14.0,"turns":4.0},{"damage":36.0,"enemies":"Hexaghost","floor":16.0,"turns":9.0},{"damage":28.0,"enemies":"Shell Parasite","floor":18.0,"turns":4.0},{"damage":1.0,"enemies":"Chosen","floor":21.0,"turns":4.0},{"damage":16.0,"enemies":"Gremlin Leader","floor":24.0,"turns":5.0},{"damage":0.0,"enemies":"Shelled Parasite and Fungi","floor":25.0,"turns":5.0},{"damage":15,"enemies":"Snake Plant","floor":27,"turns":3},{"damage":31,"enemies":"Collector","floor":33,"turns":10},{"damage":1,"enemies":"Orb Walker","floor":35,"turns":2},{"damage":0,"enemies":"3 Darklings","floor":36,"turns":5},{"damage":0,"enemies":"Mind Bloom Boss Battle","floor":38,"turns":5},{"damage":0,"enemies":"Transient","floor":39,"turns":5},{"damage":0,"enemies":"Sphere and 2 Shapes","floor":40,"turns":4},{"damage":17,"enemies":"Giant Head","floor":41,"turns":9},{"damage":0,"enemies":"Spire Growth","floor":42,"turns":5},{"damage":0,"enemies":"Reptomancer","floor":44,"turns":4},{"damage":0,"enemies":"Giant Head","floor":46,"turns":7},{"damage":0,"enemies":"Transient","floor":47,"turns":5},{"damage":0,"enemies":"4 Shapes","floor":48,"turns":2},{"damage":26,"enemies":"Awakened One","floor":50,"turns":10},{"damage":0,"enemies":"Shield and Spear","floor":54,"turns":6},{"damage":104,"enemies":"The Heart","floor":55,"turns":9}],"seed_played":"5808237546178807559","potions_obtained":[{"floor":1.0,"key":"Block Potion"},{"floor":13.0,"key":"Energy Potion"},{"floor":14.0,"key":"Block Potion"},{"floor":25.0,"key":"Poison Potion"},{"floor":27,"key":"SmokeBomb"},{"floor":36,"key":"Energy Potion"},{"floor":40,"key":"GamblersBrew"},{"floor":41,"key":"SkillPotion"},{"floor":42,"key":"LiquidBronze"},{"floor":54,"key":"Fruit Juice"}],"is_trial":false,"path_per_floor":["M","M","$","M","?","R","E","R","T","R","?","M","M","E","R","B",null,"M","$","?","M","?","R","E","M","T","M","R","?","R","$","R","B",null,"M","M","$","?","M","M","E","M","T","E","R","E","M","M","R","B",null,"R","$","E","B"],"character_chosen":"DEFECT","items_purchased":["Hologram","Reinforced Body+1","Hologram+1","Steam+1","Flash of Steel","Steam+1","Steam Power+1","Dark Shackles+1","Hologram+1"],"campfire_rested":4,"item_purchase_floors":[3,19,19,31,31,37,37,53,53],"current_hp_per_floor":[71,68,68,66,66,66,56,56,56,56,56,56,56,48,48,12,62,34,34,34,33,33,33,17,17,17,2,25,25,48,48,71,40,69,68,68,68,68,68,68,51,51,51,51,51,51,51,51,74,48,71,71,71,71,0],"gold":85,"neow_bonus":"TEN_PERCENT_HP_BONUS","is_prod":false,"is_daily":false,"chose_seed":false,"campfire_upgraded":6,"win_rate":0,"timestamp":1554592479,"path_taken":["M","M","$","M","?","R","E","R","T","R","?","M","?","E","R","BOSS","M","$","?","M","?","R","E","M","T","M","R","?","R","$","R","BOSS","M","?","$","?","M","M","E","M","T","E","R","E","M","M","R","BOSS","R","$","E","BOSS"],"build_version":"2019-04-04","purchased_purges":3,"victory":false,"max_hp_per_floor":[78,78,78,78,78,78,78,78,78,78,78,78,78,78,78,78,78,78,78,78,78,78,78,78,78,78,78,78,78,78,78,78,78,78,78,78,78,78,78,78,78,78,78,78,78,78,78,78,78,78,78,78,78,78,83],"card_choices":[{"not_picked":["Stack","Compile Driver"],"picked":"Gash","floor":1.0},{"not_picked":["Undo","Hologram"],"picked":"Cold Snap","floor":2.0},{"not_picked":["Melter","Stack"],"picked":"Doom and Gloom","floor":4.0},{"not_picked":["Beam Cell","Double Energy","Hologram"],"picked":"SKIP","floor":7.0},{"not_picked":["Hologram+1","Streamline","Stack+1"],"picked":"SKIP","floor":12.0},{"not_picked":["Skim+1","Ball Lightning"],"picked":"Electrodynamics","floor":13.0},{"not_picked":["Heatsinks","Barrage"],"picked":"Ball Lightning","floor":14.0},{"not_picked":["Thunder Strike","Reboot+1"],"picked":"All For One","floor":16.0},{"not_picked":["Coolheaded+1","FTL"],"picked":"Steam+1","floor":18.0},{"not_picked":["Redo+1","Sunder"],"picked":"Hologram+1","floor":21.0},{"not_picked":["Sunder","Barrage","Auto Shields+1"],"picked":"SKIP","floor":24.0},{"not_picked":["Hologram+1","Beam Cell"],"picked":"Genetic Algorithm+1","floor":25.0},{"not_picked":["Heatsinks","Electrodynamics"],"picked":"Conserve Battery+1","floor":27},{"not_picked":["Electrodynamics","Hyperbeam"],"picked":"Buffer","floor":33},{"not_picked":["Chaos+1","Sweeping Beam"],"picked":"BootSequence+1","floor":36},{"not_picked":["Stack+1","Compile Driver+1"],"picked":"Coolheaded+1","floor":38},{"not_picked":["Coolheaded+1","Heatsinks"],"picked":"Gash","floor":39},{"not_picked":["Go for the Eyes+1","Static Discharge"],"picked":"Gash+1","floor":39},{"not_picked":["Steam+1","Sweeping Beam"],"picked":"Coolheaded+1","floor":40},{"not_picked":["Steam+1","Electrodynamics","Streamline"],"picked":"SKIP","floor":40},{"not_picked":["Cold Snap","Sunder"],"picked":"Conserve Battery+1","floor":41},{"not_picked":["Hologram+1","Turbo+1"],"picked":"Reprogram+1","floor":42},{"not_picked":["Glacier+1","Conserve Battery+1"],"picked":"Beam Cell+1","floor":42},{"not_picked":["FTL","Leap+1","Ball Lightning"],"picked":"SKIP","floor":44},{"not_picked":["Meteor Strike","Turbo+1","Cold Snap+1"],"picked":"SKIP","floor":46},{"not_picked":["Blizzard","Tempest+1"],"picked":"Fusion+1","floor":47},{"not_picked":["Sweeping Beam","Go for the Eyes"],"picked":"Hologram+1","floor":47},{"not_picked":["Consume+1","Hologram+1"],"picked":"Skim+1","floor":48},{"not_picked":["Go for the Eyes+1","Chill+1"],"picked":"Capacitor","floor":48},{"not_picked":["Chaos+1","Meteor Strike"],"picked":"Hologram+1","floor":54}],"player_experience":2365513,"relics_obtained":[{"floor":9.0,"key":"Toxic Egg 2"},{"floor":14.0,"key":"Kunai"},{"floor":24.0,"key":"Anchor"},{"floor":26.0,"key":"War Paint"},{"floor":38,"key":"Prayer Wheel"},{"floor":41,"key":"Bottled Tornado"},{"floor":44,"key":"Vajra"},{"floor":46,"key":"Juzu Bracelet"},{"floor":54,"key":"Pocketwatch"}],"event_choices":[{"cards_removed":["Strike_B"],"damage_healed":0.0,"max_hp_gain":0.0,"max_hp_loss":0.0,"gold_gain":0.0,"event_name":"Living Wall","player_choice":"Forget","floor":5.0,"gold_loss":0.0,"damage_taken":0.0},{"damage_healed":0.0,"max_hp_gain":0.0,"max_hp_loss":0.0,"gold_gain":0.0,"event_name":"Liars Game","player_choice":"Ignored","floor":11.0,"gold_loss":0.0,"damage_taken":0.0},{"damage_healed":0.0,"max_hp_gain":0.0,"max_hp_loss":0.0,"gold_gain":0.0,"cards_transformed":["Consume","Reprogram"],"event_name":"Drug Dealer","player_choice":"Became Test Subject","floor":22.0,"gold_loss":0.0,"damage_taken":0.0,"cards_obtained":["Sunder","Consume"]},{"cards_removed":["Barrage"],"damage_healed":0,"gold_gain":0,"player_choice":"Purged","damage_taken":0,"max_hp_gain":0,"max_hp_loss":0,"event_name":"Purifier","floor":29,"gold_loss":0},{"damage_healed":0,"gold_gain":0,"player_choice":"Fight","damage_taken":0,"max_hp_gain":0,"max_hp_loss":0,"event_name":"MindBloom","floor":38,"gold_loss":0}],"is_beta":true,"boss_relics":[{"not_picked":["Velvet Choker","Calling Bell"],"picked":"Pandora\u0027s Box"},{"not_picked":["Lizard Tail","Snecko Eye"],"picked":"Nuclear Battery"}],"items_purged_floors":[3,19,53],"is_endless":false,"potions_floor_spawned":[1,13,14,25,27,36,40,41,42,44,47,48,54],"killed_by":"The Heart","ascension_level":15}