{"gold_per_floor":[109,6,26,26,26,64,64,82,82,116,132,155,194,194,194,194],"floor_reached":16,"playtime":634,"items_purged":["Doubt"],"score":290,"play_id":"dd97c84c-2cd2-4318-93bc-f0837d4c5ab9","local_time":"20190509114449","is_ascension_mode":true,"campfire_choices":[{"data":"Bash","floor":7.0,"key":"SMITH"},{"data":"Carnage","floor":15.0,"key":"SMITH"}],"neow_cost":"CURSE","seed_source_timestamp":1446297451743972,"circlet_count":0,"master_deck":["AscendersBane","Strike_R","Strike_R","Strike_R","Strike_R","Strike_R","Defend_R","Defend_R","Defend_R+1","Defend_R","Bash+1","Wild Strike+1","True Grit+1","Carnage+1","Reaper","Shrug It Off","Uppercut","Power Through+1"],"special_seed":0,"relics":["Burning Blood","Bird Faced Urn","Golden Idol","Nunchaku","Gambling Chip","Singing Bowl","Toxic Egg 2"],"potions_floor_usage":[],"damage_taken":[{"damage":14.0,"enemies":"Jaw Worm","floor":1.0,"turns":6.0},{"damage":4.0,"enemies":"Small Slimes","floor":3.0,"turns":4.0},{"damage":3.0,"enemies":"Gremlin Nob","floor":6.0,"turns":3.0},{"damage":0.0,"enemies":"2 Louse","floor":8.0,"turns":2.0},{"damage":30.0,"enemies":"Lagavulin","floor":10.0,"turns":7.0},{"damage":9.0,"enemies":"Looter","floor":11.0,"turns":3.0},{"damage":13.0,"enemies":"Blue Slaver","floor":12.0,"turns":3.0},{"damage":0.0,"enemies":"Gremlin Nob","floor":13.0,"turns":2.0},{"damage":43,"enemies":"Slime Boss","floor":16,"turns":8}],"seed_played":"-5625602750195957937","potions_obtained":[{"floor":3.0,"key":"SteroidPotion"},{"floor":10.0,"key":"AttackPotion"},{"floor":13.0,"key":"Energy Potion"}],"is_trial":false,"path_per_floor":["M","$","M","?","?","E","R","M","T","E","M","M","E","?","R","B"],"character_chosen":"IRONCLAD","items_purchased":["True Grit"],"campfire_rested":0,"item_purchase_floors":[2],"current_hp_per_floor":[60,60,62,39,39,42,42,48,48,26,29,24,30,30,30,0],"gold":194,"neow_bonus":"ONE_RARE_RELIC","is_prod":false,"is_daily":false,"chose_seed":false,"campfire_upgraded":2,"win_rate":0,"timestamp":1557416689,"path_taken":["M","$","M","?","?","E","R","M","T","E","M","M","E","?","R","BOSS"],"build_version":"2019-01-23","purchased_purges":1,"victory":false,"max_hp_per_floor":[75,75,75,75,68,68,68,68,68,70,70,72,72,72,72,72],"card_choices":[{"not_picked":["Havoc","Pommel Strike"],"picked":"Wild Strike","floor":1.0},{"not_picked":["Iron Wave","Warcry"],"picked":"Carnage","floor":3.0},{"not_picked":["Searing Blow","Iron Wave"],"picked":"Reaper","floor":6.0},{"not_picked":["Anger","Iron Wave"],"picked":"Shrug It Off","floor":8.0},{"not_picked":["Heavy Blade","Twin Strike","Dual Wield"],"picked":"Singing Bowl","floor":10.0},{"not_picked":["Sentinel","Havoc"],"picked":"Uppercut","floor":11.0},{"not_picked":["Evolve","Armaments","Flex"],"picked":"Singing Bowl","floor":12.0},{"not_picked":["Perfected Strike","Brutality"],"picked":"Power Through","floor":13.0}],"player_experience":2496532,"relics_obtained":[{"floor":6.0,"key":"Nunchaku"},{"floor":9.0,"key":"Gambling Chip"},{"floor":10.0,"key":"Singing Bowl"},{"floor":13.0,"key":"Toxic Egg 2"}],"event_choices":[{"damage_healed":0.0,"max_hp_gain":0.0,"max_hp_loss":0.0,"gold_gain":0.0,"event_name":"Shining Light","player_choice":"Entered Light","floor":4.0,"gold_loss":0.0,"damage_taken":23.0,"cards_upgraded":["Wild Strike","Defend_R"]},{"damage_healed":0.0,"max_hp_gain":0.0,"max_hp_loss":7.0,"gold_gain":0.0,"event_name":"Golden Idol","player_choice":"Lose Max HP","floor":5.0,"gold_loss":0.0,"damage_taken":0.0,"relics_obtained":["Golden Idol"]},{"damage_healed":0.0,"max_hp_gain":0.0,"max_hp_loss":0.0,"gold_gain":0.0,"event_name":"Living Wall","player_choice":"Grow","floor":14.0,"gold_loss":0.0,"damage_taken":0.0,"cards_upgraded":["True Grit"]}],"is_beta":false,"boss_relics":[],"items_purged_floors":[2],"is_endless":false,"potions_floor_spawned":[3,10,13],"killed_by":"Slime Boss","ascension_level":20}