{"gold_per_floor":[113,113,22,35,35,35,69,79,79,79,113,127,127,157,157,235,235,251,251,176,189,34,34,67,86,86,86,86,99,130,143,143,143],"floor_reached":33,"playtime":1775,"items_purged":[],"score":656,"play_id":"d94d0beb-8aed-4d09-b23a-404baa5bf5d3","local_time":"20190406021916","is_ascension_mode":true,"campfire_choices":[{"data":"Uppercut","floor":6,"key":"SMITH"},{"data":"Bash","floor":10,"key":"SMITH"},{"data":"Clothesline","floor":13,"key":"SMITH"},{"data":"Metallicize","floor":15,"key":"SMITH"},{"data":"Fiend Fire","floor":23,"key":"SMITH"},{"floor":27,"key":"REST"},{"data":"Immolate","floor":32,"key":"SMITH"}],"neow_cost":"NONE","seed_source_timestamp":402282141404242,"circlet_count":0,"master_deck":["AscendersBane","Strike_R","Strike_R","Strike_R","Strike_R","Strike_R","Defend_R","Defend_R","Defend_R","Defend_R","Bash+1","Anger","Clothesline+1","Uppercut+1","Clash","Metallicize+1","Exhume","Shockwave","Offering","Body Slam+1","Sentinel+1","Spot Weakness","Fiend Fire+1","Burning Pact+1","Inflame","Immolate+1","Corruption","Disarm"],"relics":["Burning Blood","Meat on the Bone","Sundial","Mercury Hourglass","Anchor","Centennial Puzzle","Sozu","Prayer Wheel","Orichalcum","PreservedInsect","MutagenicStrength","Smiling Mask"],"potions_floor_usage":[16,16,21],"damage_taken":[{"damage":11,"enemies":"Jaw Worm","floor":1,"turns":6},{"damage":0,"enemies":"Cultist","floor":4,"turns":3},{"damage":6,"enemies":"Gremlin Nob","floor":7,"turns":3},{"damage":8,"enemies":"2 Louse","floor":8,"turns":3},{"damage":14,"enemies":"Lagavulin","floor":11,"turns":5},{"damage":0,"enemies":"Blue Slaver","floor":12,"turns":3},{"damage":19,"enemies":"3 Sentries","floor":14,"turns":6},{"damage":10,"enemies":"Slime Boss","floor":16,"turns":6},{"damage":15,"enemies":"Chosen","floor":18,"turns":4},{"damage":0,"enemies":"3 Byrds","floor":21,"turns":4},{"damage":36,"enemies":"Slavers","floor":24,"turns":7},{"damage":10,"enemies":"Shelled Parasite and Fungi","floor":25,"turns":4},{"damage":9,"enemies":"Centurion and Healer","floor":29,"turns":5},{"damage":6,"enemies":"Book of Stabbing","floor":30,"turns":1},{"damage":12,"enemies":"Snake Plant","floor":31,"turns":3},{"damage":73,"enemies":"Collector","floor":33,"turns":6}],"seed_played":"-1154476659481912059","potions_obtained":[{"floor":1,"key":"Fire Potion"},{"floor":12,"key":"Energy Potion"},{"floor":16,"key":"Explosive Potion"}],"is_trial":false,"path_per_floor":["M","?","$","M","$","R","E","M","T","R","E","M","R","E","R","B",null,"M","?","?","M","$","R","E","M","T","R","?","M","E","M","R","B"],"character_chosen":"IRONCLAD","items_purchased":["Clothesline","Uppercut","Fiend Fire"],"campfire_rested":1,"item_purchase_floors":[3,3,22],"current_hp_per_floor":[70,65,65,71,71,71,71,69,69,69,61,67,67,54,54,50,74,65,65,65,71,71,71,53,49,49,73,73,70,70,64,64,0],"gold":143,"neow_bonus":"TEN_PERCENT_HP_BONUS","is_prod":false,"is_daily":false,"chose_seed":false,"campfire_upgraded":6,"win_rate":0,"timestamp":1554531556,"path_taken":["M","?","?","M","?","R","E","M","T","R","E","M","R","E","R","BOSS","M","?","?","M","$","R","E","M","T","R","?","M","E","M","R","BOSS"],"build_version":"2019-01-23","purchased_purges":0,"victory":false,"max_hp_per_floor":[82,82,82,82,82,82,82,82,82,82,82,82,82,82,82,82,82,82,82,82,82,82,82,82,82,82,82,82,82,82,82,82,82],"card_choices":[{"not_picked":["Rage","Warcry"],"picked":"Anger","floor":1},{"not_picked":["Iron Wave","Twin Strike"],"picked":"Clash","floor":4},{"not_picked":["Headbutt","Entrench","Intimidate"],"picked":"SKIP","floor":7},{"not_picked":["Heavy Blade","Wild Strike"],"picked":"Metallicize","floor":8},{"not_picked":["Blood for Blood","Ghostly Armor"],"picked":"Exhume","floor":11},{"not_picked":["Havoc","Clothesline","Armaments"],"picked":"SKIP","floor":12},{"not_picked":["Warcry","Heavy Blade"],"picked":"Shockwave","floor":14},{"not_picked":["Brutality","Double Tap"],"picked":"Offering","floor":16},{"not_picked":["Corruption","Thunderclap"],"picked":"Body Slam+1","floor":18},{"not_picked":["Perfected Strike","Uppercut"],"picked":"Sentinel+1","floor":21},{"not_picked":["Spot Weakness","Cleave","Hemokinesis"],"picked":"SKIP","floor":21},{"not_picked":["Cleave","Hemokinesis"],"picked":"Spot Weakness","floor":21},{"not_picked":["Cleave+1","Body Slam","Shrug It Off"],"picked":"SKIP","floor":24},{"not_picked":["Bloodletting","Thunderclap"],"picked":"Burning Pact+1","floor":25},{"not_picked":["Blood for Blood","Flex+1","Havoc"],"picked":"SKIP","floor":25},{"not_picked":["Second Wind","Corruption"],"picked":"Inflame","floor":29},{"not_picked":["Clothesline","Shockwave","Anger"],"picked":"SKIP","floor":29},{"not_picked":["Hemokinesis","Dropkick"],"picked":"Immolate","floor":30},{"not_picked":["Twin Strike","Heavy Blade"],"picked":"Corruption","floor":31},{"not_picked":["Fire Breathing","Armaments"],"picked":"Disarm","floor":31}],"player_experience":1653461,"relics_obtained":[{"floor":7,"key":"Sundial"},{"floor":9,"key":"Mercury Hourglass"},{"floor":11,"key":"Anchor"},{"floor":14,"key":"Centennial Puzzle"},{"floor":24,"key":"Orichalcum"},{"floor":26,"key":"PreservedInsect"},{"floor":30,"key":"Smiling Mask"}],"event_choices":[{"damage_healed":0,"gold_gain":0,"player_choice":"Success","damage_taken":5,"relics_obtained":["Meat on the Bone"],"max_hp_gain":0,"max_hp_loss":0,"event_name":"Scrap Ooze","floor":2,"gold_loss":0},{"damage_healed":0,"gold_gain":0,"player_choice":"Opened","damage_taken":0,"relics_obtained":["Prayer Wheel"],"max_hp_gain":0,"max_hp_loss":0,"event_name":"The Mausoleum","floor":19,"gold_loss":0,"cards_obtained":["Writhe"]},{"cards_removed":["Writhe"],"damage_healed":0,"gold_gain":0,"player_choice":"Gave Gold","damage_taken":0,"max_hp_gain":0,"max_hp_loss":0,"event_name":"Beggar","floor":20,"gold_loss":75},{"damage_healed":0,"gold_gain":0,"player_choice":"Inject Mutagens","damage_taken":0,"relics_obtained":["MutagenicStrength"],"max_hp_gain":0,"max_hp_loss":0,"event_name":"Drug Dealer","floor":28,"gold_loss":0}],"is_beta":false,"boss_relics":[{"not_picked":["Runic Cube","Runic Dome"],"picked":"Sozu"}],"items_purged_floors":[],"is_endless":false,"potions_floor_spawned":[1,12,14,16,21,24,25],"killed_by":"Collector","ascension_level":20}