{"path_per_floor":["M","?","M","M","M","R","M","R","T","$","R","M","M","M","R","B",null,"M","?","?","?","$","R","M","M","T"],"character_chosen":"THE_SILENT","items_purchased":["Eviscerate","Calculated Gamble","Infinite Blades","Flash of Steel"],"gold_per_floor":[113,113,131,141,155,155,165,165,165,54,54,64,74,90,90,168,168,168,168,168,168,25,25,25,25,25,25],"floor_reached":27,"campfire_rested":0,"playtime":1050,"current_hp_per_floor":[63,63,63,56,50,50,50,50,50,50,50,50,44,44,44,16,57,39,23,46,35,35,35,31,3,3,0],"items_purged":[],"gold":25,"score":368,"play_id":"9b3e733b-c27e-4344-b8fb-0ffcb9528be9","local_time":"20180405222927","is_prod":false,"is_daily":false,"is_ascension_mode":true,"campfire_upgraded":5,"timestamp":1522981767,"path_taken":["M","?","M","M","M","R","M","R","T","$","R","M","M","?","R","BOSS","M","?","?","?","$","R","M","M","T","?"],"build_version":"2018-04-05","purchased_purges":2,"victory":false,"master_deck":["Defend_G","Defend_G","Defend_G","Defend_G","Defend_G","Strike_G","Strike_G","Strike_G","Strike_G","Strike_G","Survivor+1","Neutralize+1","AscendersBane","All Out Attack+1","Choke+1","Footwork+1","Flying Knee","Eviscerate","Calculated Gamble","Underhanded Strike","Infinite Blades","Dagger Spray","After Image+1","Accuracy","Ghostly","Ghostly","Ghostly","Ghostly","Ghostly","Infinite Blades","Flash of Steel","Backflip","PiercingWail"],"max_hp_per_floor":[70,70,70,70,70,70,70,70,70,70,70,70,70,70,70,70,70,70,70,70,35,35,35,35,35,35,35],"relics":["Ring of the Snake","Ice Cream","Ectoplasm","Nilry\u0027s Codex","Toolbox"],"card_choices":[{"not_picked":["Bane","Slice"],"picked":"All Out Attack","floor":1},{"not_picked":["Flechettes","Footwork"],"picked":"Choke","floor":3},{"not_picked":["Finisher","Outmaneuver"],"picked":"Footwork","floor":4},{"not_picked":["Catalyst","Outmaneuver"],"picked":"Flying Knee","floor":7},{"not_picked":["Expertise","Calculated Gamble"],"picked":"Underhanded Strike","floor":12},{"not_picked":["Bane","Outmaneuver"],"picked":"Infinite Blades","floor":13},{"not_picked":["Crippling Poison","Dodge and Roll"],"picked":"Dagger Spray","floor":14},{"not_picked":["A Thousand Cuts","Venomology"],"picked":"After Image","floor":16},{"not_picked":["Deflect","Backflip"],"picked":"Accuracy","floor":18},{"not_picked":["Quick Slash","Infinite Blades"],"picked":"Backflip","floor":24},{"not_picked":["Endless Agony","Flying Knee"],"picked":"PiercingWail","floor":25}],"player_experience":684618,"potions_floor_usage":[13,16,16,24,27,27,27],"damage_taken":[{"damage":0,"enemies":"2 Louse","floor":1,"turns":3},{"damage":0,"enemies":"Cultist","floor":3,"turns":3},{"damage":7,"enemies":"Small Slimes","floor":4,"turns":3},{"damage":6,"enemies":"Exordium Wildlife","floor":5,"turns":4},{"damage":0,"enemies":"2 Fungi Beasts","floor":7,"turns":2},{"damage":0,"enemies":"3 Louse","floor":12,"turns":2},{"damage":6,"enemies":"Exordium Thugs","floor":13,"turns":2},{"damage":0,"enemies":"2 Fungi Beasts","floor":14,"turns":4},{"damage":28,"enemies":"Slime Boss","floor":16,"turns":8},{"damage":18,"enemies":"Spheric Guardian","floor":18,"turns":4},{"damage":4,"enemies":"3 Byrds","floor":24,"turns":6},{"damage":28,"enemies":"Cultist and Chosen","floor":25,"turns":8},{"damage":6,"enemies":"3 Cultists","floor":27,"turns":3}],"event_choices":[{"event_name":"Living Wall","player_choice":"Grow","floor":2,"damage_taken":0},{"event_name":"Cursed Tome","player_choice":"Obtained Book","floor":19,"damage_taken":0},{"event_name":"The Library","player_choice":"Heal","floor":20,"damage_taken":0},{"event_name":"Ghosts","player_choice":"Became a Ghost","floor":21,"damage_taken":0}],"boss_relics":[{"not_picked":["Orrery","White Beast Statue"],"picked":"Ectoplasm"}],"potions_floor_spawned":[1,4,12,14,16,24,25],"seed_played":"-8698503105324609940","killed_by":"3 Cultists","ascension_level":13,"is_trial":false}