{"gold_per_floor":[18,193,43,43,43,43,59,59,59,90,90,60,91,102,102,203,203,217,217,217,142,169,169,181,200,200,219,235,248,248,264,264,368,368,387,50,63,63,75,75,86,86,86,104,104,134,134,144,144,144],"floor_reached":51,"playtime":4764,"items_purged":[],"score":892,"play_id":"cf8777a9-faf3-47f7-8dea-0117eef403b4","local_time":"20180905231602","is_ascension_mode":true,"campfire_choices":[{"data":"Zap","floor":6.0,"key":"SMITH"},{"data":"Static Discharge","floor":8.0,"key":"SMITH"},{"floor":15.0,"key":"REST"},{"data":"Hologram","floor":23.0,"key":"SMITH"},{"floor":30.0,"key":"REST"},{"floor":32.0,"key":"REST"},{"floor":40.0,"key":"REST"},{"floor":45.0,"key":"REST"},{"data":"Buffer","floor":47,"key":"SMITH"},{"floor":49,"key":"REST"}],"neow_cost":"NO_GOLD","seed_source_timestamp":0,"circlet_count":0,"master_deck":["Strike_B","Strike_B+1","Defend_B","Defend_B","Defend_B","Zap+1","Dualcast","Static Discharge+1","Seek+1","Hologram+1","Rebound","Core Surge","Stack","Buffer+1","Coolheaded","Sweeping Beam","Sweeping Beam+1","Gash+1","Auto Shields+1","Machine Learning","Electrodynamics","Tempest+1","Auto Shields+1","Go for the Eyes+1","Leap","Doom and Gloom+1","Metamorphosis","Auto Shields","BootSequence+1","Capacitor","Stack+1","Leap+1","Steam","Capacitor"],"special_seed":0,"relics":["Cracked Core","DataDisk","Pear","Regal Pillow","Bag of Marbles","Black Star","Mummified Hand","Dream Catcher","Pantograph","Orrery","Art of War","Dodecahedron","Orichalcum","Oddly Smooth Stone"],"potions_floor_usage":[50,50,50],"damage_taken":[{"damage":2.0,"enemies":"Jaw Worm","floor":1.0,"turns":3.0},{"damage":0.0,"enemies":"2 Louse","floor":7.0,"turns":2.0},{"damage":25.0,"enemies":"Lagavulin","floor":10.0,"turns":4.0},{"damage":25.0,"enemies":"3 Sentries","floor":13.0,"turns":4.0},{"damage":0.0,"enemies":"Small Slimes","floor":14.0,"turns":2.0},{"damage":26.0,"enemies":"Hexaghost","floor":16.0,"turns":5.0},{"damage":6.0,"enemies":"Spheric Guardian","floor":18.0,"turns":3.0},{"damage":6.0,"enemies":"3 Byrds","floor":24.0,"turns":1.0},{"damage":10.0,"enemies":"Cultist and Chosen","floor":25.0,"turns":6.0},{"damage":12.0,"enemies":"Centurion and Healer","floor":27.0,"turns":9.0},{"damage":22.0,"enemies":"Shelled Parasite and Fungi","floor":28.0,"turns":4.0},{"damage":13.0,"enemies":"Chosen and Byrds","floor":29.0,"turns":4.0},{"damage":15.0,"enemies":"Centurion and Healer","floor":31.0,"turns":4.0},{"damage":16.0,"enemies":"Automaton","floor":33.0,"turns":10.0},{"damage":28.0,"enemies":"3 Darklings","floor":35.0,"turns":3.0},{"damage":4.0,"enemies":"Orb Walker","floor":37.0,"turns":3.0},{"damage":2.0,"enemies":"Sphere and 2 Shapes","floor":39.0,"turns":3.0},{"damage":21.0,"enemies":"Transient","floor":41.0,"turns":5.0},{"damage":33.0,"enemies":"Spire Growth","floor":44.0,"turns":7.0},{"damage":26,"enemies":"2 Orb Walkers","floor":46,"turns":5},{"damage":3,"enemies":"Reptomancer","floor":48,"turns":7},{"damage":71,"enemies":"Awakened One","floor":50,"turns":16}],"seed_played":"9214638878727354311","potions_obtained":[{"floor":1.0,"key":"Ancient Potion"},{"floor":13.0,"key":"Dexterity Potion"},{"floor":18.0,"key":"Strength Potion"},{"floor":24.0,"key":"Fire Potion"},{"floor":27.0,"key":"EssenceOfSteel"},{"floor":29.0,"key":"Explosive Potion"},{"floor":31.0,"key":"Fire Potion"},{"floor":35.0,"key":"Ancient Potion"}],"is_trial":false,"path_per_floor":["M","?","$","?","$","R","M","R","T","E","?","?","E","M","R","B",null,"M","?","?","?","T","R","M","M","T","M","M","M","R","M","R","B",null,"M","$","M","T","M","R","M","?","T","M","R","E","R","M","R","B"],"character_chosen":"DEFECT","items_purchased":["DataDisk","Metamorphosis","Strength Potion","Auto Shields"],"campfire_rested":6,"item_purchase_floors":[3,36,36,36],"current_hp_per_floor":[66,66,66,66,66,66,66,66,76,51,34,34,9,9,49,23,70,64,64,64,64,64,64,58,48,48,36,14,1,41,26,66,69,81,53,53,49,49,47,85,64,64,64,31,71,45,45,42,82,14],"gold":144,"neow_bonus":"TRANSFORM_TWO_CARDS","is_prod":false,"is_daily":false,"chose_seed":false,"campfire_upgraded":4,"win_rate":0,"timestamp":1536203762,"path_taken":["M","?","$","?","?","R","M","R","T","E","?","?","E","?","R","BOSS","M","?","?","?","?","R","M","M","T","M","?","?","R","M","R","BOSS","M","$","M","?","M","R","M","?","T","M","R","E","R","M","R","BOSS"],"build_version":"2018-08-30","purchased_purges":0,"victory":true,"max_hp_per_floor":[75,75,75,75,75,75,75,75,85,85,85,85,85,85,85,85,85,85,85,85,85,85,85,85,85,85,85,85,85,85,85,85,85,85,85,85,85,85,85,85,85,85,85,85,85,85,85,85,85,85],"card_choices":[{"not_picked":["Aggregate","Go for the Eyes"],"picked":"Hologram","floor":1.0},{"not_picked":["Tempest","Glacier"],"picked":"Rebound","floor":7.0},{"not_picked":["Skim","Leap"],"picked":"Core Surge","floor":10.0},{"not_picked":["Reprogram","Sweeping Beam"],"picked":"Stack","floor":13.0},{"not_picked":["Go for the Eyes","Consume","Coolheaded"],"picked":"SKIP","floor":14.0},{"not_picked":["Machine Learning","All For One"],"picked":"Buffer","floor":16.0},{"not_picked":["Compile Driver","Hologram"],"picked":"Coolheaded","floor":18.0},{"not_picked":["Coolheaded+1","Ball Lightning"],"picked":"Sweeping Beam","floor":24.0},{"not_picked":["Go for the Eyes","Ball Lightning","Coolheaded"],"picked":"SKIP","floor":25.0},{"not_picked":["Scrape","Cold Snap"],"picked":"Sweeping Beam+1","floor":27.0},{"not_picked":["Turbo","FTL+1","Compile Driver"],"picked":"SKIP","floor":28.0},{"not_picked":["Consume","Compile Driver"],"picked":"Gash+1","floor":29.0},{"not_picked":["Beam Cell","Coolheaded+1","Rebound"],"picked":"SKIP","floor":31.0},{"not_picked":["Sunder","Scrape"],"picked":"Auto Shields+1","floor":32.0},{"not_picked":["Reboot","Seek"],"picked":"Machine Learning","floor":33.0},{"not_picked":["Compile Driver","Go for the Eyes"],"picked":"Electrodynamics","floor":34.0},{"not_picked":["Leap","Conserve Battery+1"],"picked":"Tempest+1","floor":34.0},{"not_picked":["Barrage+1","Cold Snap"],"picked":"Auto Shields+1","floor":34.0},{"not_picked":["Steam Power","Melter"],"picked":"Go for the Eyes+1","floor":34.0},{"not_picked":["Ball Lightning+1","Stack"],"picked":"Leap","floor":34.0},{"not_picked":["Beam Cell","Compile Driver+1"],"picked":"Doom and Gloom+1","floor":35.0},{"not_picked":["Recycle","Cold Snap"],"picked":"BootSequence+1","floor":37.0},{"not_picked":["Leap","Genetic Algorithm+1","Hologram+1"],"picked":"SKIP","floor":39.0},{"not_picked":["Glacier","Tempest"],"picked":"Capacitor","floor":40.0},{"not_picked":["Storm","Rebound","Streamline"],"picked":"SKIP","floor":41.0},{"not_picked":["Hologram","Buffer"],"picked":"Stack+1","floor":44.0},{"not_picked":["Storm+1","Beam Cell"],"picked":"Leap+1","floor":45.0},{"not_picked":["Reinforced Body","Scrape+1","Stack"],"picked":"SKIP","floor":46},{"not_picked":["Tempest","Consume"],"picked":"Steam","floor":48},{"not_picked":["Blizzard","Steam Power"],"picked":"Capacitor","floor":49}],"player_experience":370834,"relics_obtained":[{"floor":9.0,"key":"Pear"},{"floor":10.0,"key":"Regal Pillow"},{"floor":13.0,"key":"Bag of Marbles"},{"floor":22.0,"key":"Dream Catcher"},{"floor":26.0,"key":"Pantograph"},{"floor":38.0,"key":"Art of War"},{"floor":43.0,"key":"Dodecahedron"},{"floor":46,"key":"Orichalcum"},{"floor":46,"key":"Oddly Smooth Stone"}],"event_choices":[{"event_name":"Liars Game","player_choice":"agreed","floor":2.0,"damage_taken":0.0},{"event_name":"Living Wall","player_choice":"Forget","floor":4.0,"damage_taken":0.0},{"event_name":"Shining Light","player_choice":"Entered Light","floor":11.0,"damage_taken":0.0},{"event_name":"World of Goop","player_choice":"Left","floor":12.0,"damage_taken":0.0},{"event_name":"The Mausoleum","player_choice":"Yes","floor":19.0,"damage_taken":0.0},{"event_name":"Vampires","player_choice":"Ignored","floor":20.0,"damage_taken":0.0},{"event_name":"Beggar","player_choice":"Gave Gold","floor":21.0,"damage_taken":0.0},{"event_name":"SensoryStone","player_choice":"Memory 1","floor":42.0,"damage_taken":0.0}],"is_beta":false,"boss_relics":[{"not_picked":["Runic Pyramid","Calling Bell"],"picked":"Black Star"},{"not_picked":["Astrolabe","Nuclear Battery"],"picked":"Orrery"}],"items_purged_floors":[],"is_endless":false,"potions_floor_spawned":[1,13,18,24,27,29,31,35,37,41],"ascension_level":8}