{"gold_per_floor":[109,109,123,44,44,44,77,93,93,48,82,94,156,306,306,306],"floor_reached":16,"playtime":493,"items_purged":[],"score":236,"play_id":"04d9fb8d-a3aa-48e1-9d37-8fa5b71f2372","local_time":"20190408002721","is_ascension_mode":true,"campfire_choices":[{"data":"Hologram","floor":6,"key":"SMITH"},{"data":"Consume","floor":15,"key":"SMITH"}],"neow_cost":"NONE","seed_source_timestamp":569701099514397,"circlet_count":0,"master_deck":["AscendersBane","Strike_B","Strike_B","Strike_B","Strike_B","Defend_B","Defend_B","Defend_B","Defend_B","Zap+1","Dualcast","Ball Lightning","Sweeping Beam","Hologram+1","Consume+1","Streamline","FTL","Self Repair","Leap","Doubt"],"relics":["Cracked Core","Dodecahedron","Smiling Mask","Happy Flower","Tiny Chest"],"potions_floor_usage":[7,8,11],"damage_taken":[{"damage":1,"enemies":"Cultist","floor":1,"turns":3},{"damage":0,"enemies":"2 Louse","floor":3,"turns":2},{"damage":15,"enemies":"3 Sentries","floor":7,"turns":4},{"damage":3,"enemies":"Jaw Worm","floor":8,"turns":3},{"damage":8,"enemies":"Gremlin Nob","floor":11,"turns":3},{"damage":16,"enemies":"3 Louse","floor":12,"turns":3},{"damage":30,"enemies":"3 Sentries","floor":13,"turns":5},{"damage":26,"enemies":"The Guardian","floor":16,"turns":2}],"seed_played":"-2995317521645148259","potions_obtained":[{"floor":3,"key":"Explosive Potion"},{"floor":7,"key":"EssenceOfSteel"}],"is_trial":false,"path_per_floor":["M","?","M","$","?","R","E","M","T","$","E","M","E","?","R","B"],"character_chosen":"DEFECT","items_purchased":["FearPotion","Hologram","FTL"],"campfire_rested":0,"item_purchase_floors":[4,4,10],"current_hp_per_floor":[70,70,70,70,75,75,60,57,57,57,49,40,17,17,17,0],"gold":306,"neow_bonus":"TEN_PERCENT_HP_BONUS","is_prod":false,"is_daily":false,"chose_seed":false,"campfire_upgraded":2,"win_rate":0,"timestamp":1554697641,"path_taken":["M","?","M","$","?","R","E","M","T","$","E","M","E","?","R","BOSS"],"build_version":"2019-01-23","purchased_purges":0,"victory":false,"max_hp_per_floor":[78,78,78,78,83,83,83,83,83,83,83,83,83,83,83,83],"card_choices":[{"not_picked":["Go for the Eyes","Rip and Tear"],"picked":"Ball Lightning","floor":1},{"not_picked":["Leap","Redo"],"picked":"Sweeping Beam","floor":3},{"not_picked":["Force Field","Sunder"],"picked":"Consume","floor":7},{"not_picked":["Steam","White Noise"],"picked":"Streamline","floor":8},{"not_picked":["Hologram","Skim"],"picked":"Self Repair","floor":11},{"not_picked":["Redo","Compile Driver","Force Field"],"picked":"SKIP","floor":12},{"not_picked":["Gash","Blizzard"],"picked":"Leap","floor":13}],"player_experience":1714557,"relics_obtained":[{"floor":7,"key":"Dodecahedron"},{"floor":9,"key":"Smiling Mask"},{"floor":11,"key":"Happy Flower"},{"floor":13,"key":"Tiny Chest"}],"event_choices":[{"damage_healed":0,"gold_gain":0,"player_choice":"Grow","damage_taken":0,"max_hp_gain":0,"max_hp_loss":0,"event_name":"Living Wall","floor":2,"gold_loss":0,"cards_upgraded":["Zap"]},{"damage_healed":0,"gold_gain":0,"player_choice":"Donut","damage_taken":0,"max_hp_gain":5,"max_hp_loss":0,"event_name":"Big Fish","floor":5,"gold_loss":0},{"damage_healed":0,"gold_gain":150,"player_choice":"AGREE","damage_taken":0,"max_hp_gain":0,"max_hp_loss":0,"event_name":"Liars Game","floor":14,"gold_loss":0,"cards_obtained":["Doubt"]}],"is_beta":false,"boss_relics":[],"items_purged_floors":[],"is_endless":false,"potions_floor_spawned":[3,7],"killed_by":"The Guardian","ascension_level":20}