{"gold_per_floor":[116,72,347,31,50,50,83,83,83,114,114,114,114,147,147,222,222,238,254,254,24,40,40,69,87,87,67,67,82,116,133,133,133],"floor_reached":33,"playtime":1675,"items_purged":["Regret"],"score":702,"play_id":"5360692c-c7c1-482f-b754-a07edcbf434b","local_time":"20190427050545","is_ascension_mode":true,"campfire_choices":[{"data":"Noxious Fumes","floor":6,"key":"SMITH"},{"data":"Glass Knife","floor":12,"key":"SMITH"},{"data":"Neutralize","floor":15,"key":"SMITH"},{"data":"Footwork","floor":23,"key":"SMITH"},{"floor":28,"key":"REST"},{"data":"Footwork","floor":32,"key":"SMITH"}],"neow_cost":"NONE","seed_source_timestamp":384428856067800,"circlet_count":0,"master_deck":["AscendersBane","Defend_G","Defend_G","Defend_G","Defend_G","Defend_G","Strike_G","Strike_G","Strike_G","Strike_G","Strike_G","Survivor","Neutralize+1","Poisoned Stab","Footwork+1","Noxious Fumes+1","Footwork+1","Glass Knife+1","Cloak And Dagger+1","Prepared+1","Corpse Explosion+1","Leg Sweep+1","Deflect+1","PiercingWail+1","Backflip+1","Backflip+1","Backstab+1"],"relics":["Ring of the Snake","NeowsBlessing","Omamori","Bag of Marbles","Gambling Chip","Toxic Egg 2","Pear","Art of War","Blue Candle","Black Star","TwistedFunnel","Letter Opener","Anchor","Ginger","Smiling Mask","Bottled Tornado"],"potions_floor_usage":[16,18,22,30,33],"damage_taken":[{"damage":0,"enemies":"Cultist","floor":1,"turns":1},{"damage":0,"enemies":"Jaw Worm","floor":5,"turns":1},{"damage":0,"enemies":"Lagavulin","floor":7,"turns":1},{"damage":8,"enemies":"3 Sentries","floor":10,"turns":7},{"damage":5,"enemies":"Lagavulin","floor":14,"turns":6},{"damage":25,"enemies":"Slime Boss","floor":16,"turns":12},{"damage":0,"enemies":"Chosen","floor":18,"turns":4},{"damage":13,"enemies":"2 Thieves","floor":19,"turns":4},{"damage":7,"enemies":"Centurion and Healer","floor":22,"turns":5},{"damage":0,"enemies":"Slavers","floor":24,"turns":2},{"damage":12,"enemies":"Chosen and Byrds","floor":25,"turns":5},{"damage":0,"enemies":"3 Cultists","floor":29,"turns":3},{"damage":15,"enemies":"Book of Stabbing","floor":30,"turns":6},{"damage":0,"enemies":"Centurion and Healer","floor":31,"turns":2},{"damage":42,"enemies":"Champ","floor":33,"turns":17}],"seed_played":"-2994467604964860413","potions_obtained":[{"floor":1,"key":"SpeedPotion"},{"floor":5,"key":"Dexterity Potion"},{"floor":7,"key":"GhostInAJar"},{"floor":13,"key":"SteroidPotion"},{"floor":16,"key":"Poison Potion"},{"floor":18,"key":"Block Potion"},{"floor":27,"key":"EssenceOfSteel"}],"is_trial":false,"path_per_floor":["M","$","?","$","M","R","E","?","T","E","?","R","?","E","R","B",null,"M","M","T","$","M","R","E","M","T","?","R","M","E","M","R","B"],"character_chosen":"THE_SILENT","items_purchased":["Footwork","Noxious Fumes","Omamori","TwistedFunnel"],"campfire_rested":1,"item_purchase_floors":[2,4,4,21],"current_hp_per_floor":[59,59,59,59,59,59,59,59,59,61,56,56,56,51,51,26,64,64,51,51,51,44,44,44,32,32,32,54,54,39,39,39,0],"gold":133,"neow_bonus":"THREE_ENEMY_KILL","is_prod":false,"is_daily":false,"chose_seed":false,"campfire_upgraded":5,"win_rate":0,"timestamp":1556355945,"path_taken":["M","$","?","$","?","R","E","?","T","E","?","R","?","E","R","BOSS","M","M","?","$","M","R","E","M","T","?","R","?","E","M","R","BOSS"],"build_version":"2019-01-23","purchased_purges":1,"victory":false,"max_hp_per_floor":[66,66,66,66,66,66,66,66,66,76,76,76,76,76,76,76,76,76,76,76,76,76,76,76,76,76,76,76,76,76,76,76,76],"card_choices":[{"not_picked":["All Out Attack","Acrobatics"],"picked":"Poisoned Stab","floor":1},{"not_picked":["Outmaneuver","Heel Hook"],"picked":"Footwork","floor":5},{"not_picked":["Predator","Tactician"],"picked":"Glass Knife","floor":7},{"not_picked":["Concentrate+1","Blade Dance+1"],"picked":"Cloak And Dagger+1","floor":10},{"not_picked":["Riddle With Holes","Blade Dance+1"],"picked":"Prepared+1","floor":14},{"not_picked":["A Thousand Cuts","Burst+1"],"picked":"Corpse Explosion+1","floor":16},{"not_picked":["Bane","Prepared+1"],"picked":"Leg Sweep+1","floor":18},{"not_picked":["PiercingWail+1","Infinite Blades"],"picked":"Deflect+1","floor":19},{"not_picked":["Deflect+1","Poisoned Stab"],"picked":"PiercingWail+1","floor":22},{"not_picked":["Heel Hook","Deflect+1"],"picked":"Backflip+1","floor":24},{"not_picked":["Finisher","Blade Dance+1"],"picked":"Backflip+1","floor":25},{"not_picked":["Flying Knee","Slice+1"],"picked":"Backstab+1","floor":29},{"not_picked":["Riddle With Holes","Flying Knee","Masterful Stab"],"picked":"SKIP","floor":30},{"not_picked":["Dagger Spray+1","Setup+1","Poisoned Stab"],"picked":"SKIP","floor":31}],"player_experience":1988841,"relics_obtained":[{"floor":7,"key":"Bag of Marbles"},{"floor":9,"key":"Toxic Egg 2"},{"floor":10,"key":"Pear"},{"floor":14,"key":"Blue Candle"},{"floor":24,"key":"Letter Opener"},{"floor":24,"key":"Anchor"},{"floor":26,"key":"Ginger"},{"floor":30,"key":"Smiling Mask"},{"floor":30,"key":"Bottled Tornado"}],"event_choices":[{"damage_healed":0,"gold_gain":275,"player_choice":"Desecrate","damage_taken":0,"max_hp_gain":0,"max_hp_loss":0,"event_name":"Golden Shrine","floor":3,"gold_loss":0,"cards_obtained":["Regret"]},{"damage_healed":0,"gold_gain":0,"player_choice":"Box","damage_taken":0,"relics_obtained":["Gambling Chip"],"max_hp_gain":0,"max_hp_loss":0,"event_name":"Big Fish","floor":8,"gold_loss":0,"cards_obtained":["Regret"]},{"damage_healed":0,"gold_gain":0,"player_choice":"Success","damage_taken":5,"relics_obtained":["Art of War"],"max_hp_gain":0,"max_hp_loss":0,"event_name":"Scrap Ooze","floor":11,"gold_loss":0},{"damage_healed":0,"gold_gain":0,"player_choice":"Got Potions","damage_taken":0,"max_hp_gain":0,"max_hp_loss":0,"event_name":"Lab","floor":13,"gold_loss":0},{"damage_healed":0,"gold_gain":0,"player_choice":"Bought 1 Potion","damage_taken":0,"max_hp_gain":0,"max_hp_loss":0,"event_name":"The Woman in Blue","floor":27,"gold_loss":0}],"is_beta":false,"boss_relics":[{"not_picked":["Tiny House","Eternal Feather"],"picked":"Black Star"}],"items_purged_floors":[4],"is_endless":false,"potions_floor_spawned":[1,5,7,16,18,19,29],"killed_by":"Champ","ascension_level":20}