{"gold_per_floor":[117,167,182,15,15,49,71,71,71,71,104,6,6,25,25,101,101,118,146,146,166,34,34,34,67,67,79,109,128,145,160,160,238,238,248,470,570,570,580,580,591,591,591,608,608,608],"floor_reached":46,"playtime":2008,"items_purged":["Strike_B"],"score":1032,"play_id":"832412da-19f4-4354-b029-e811da6d414a","local_time":"20190328163239","is_ascension_mode":true,"campfire_choices":[{"data":"Zap","floor":8,"key":"SMITH"},{"data":"Hyperbeam","floor":10,"key":"SMITH"},{"data":"Static Discharge","floor":13,"key":"SMITH"},{"data":"Dualcast","floor":15,"key":"SMITH"},{"floor":23,"key":"REST"},{"floor":32,"key":"REST"},{"data":"1","floor":40,"key":"LIFT"},{"data":"2","floor":42,"key":"LIFT"},{"floor":45,"key":"REST"}],"neow_cost":"NONE","seed_source_timestamp":1002933886395679,"circlet_count":0,"master_deck":["AscendersBane","Strike_B","Strike_B","Defend_B","Defend_B","Defend_B","Defend_B","Zap+1","Dualcast+1","Ball Lightning","Compile Driver","Hyperbeam+1","Leap","Static Discharge+1","Ball Lightning","Seek","Chill","Consume+1","Rainbow","Electrodynamics","Cold Snap","Core Surge","Decay","Sunder+1"],"relics":["Cracked Core","NeowsBlessing","Dream Catcher","Kunai","Odd Mushroom","Singing Bowl","Dodecahedron","Velvet Choker","Red Mask","MutagenicStrength","Pear","Bird Faced Urn","Nunchaku","Runic Pyramid","Girya","Shuriken"],"potions_floor_usage":[11,16,18,21,25,33,33,41,46],"damage_taken":[{"damage":0,"enemies":"Small Slimes","floor":1,"turns":1},{"damage":0,"enemies":"Cultist","floor":3,"turns":1},{"damage":0,"enemies":"3 Sentries","floor":6,"turns":1},{"damage":0,"enemies":"The Mushroom Lair","floor":7,"turns":2},{"damage":19,"enemies":"Gremlin Nob","floor":11,"turns":4},{"damage":0,"enemies":"2 Louse","floor":14,"turns":1},{"damage":25,"enemies":"The Guardian","floor":16,"turns":6},{"damage":6,"enemies":"Chosen","floor":18,"turns":3},{"damage":0,"enemies":"Masked Bandits","floor":19,"turns":2},{"damage":0,"enemies":"Spheric Guardian","floor":21,"turns":3},{"damage":8,"enemies":"Gremlin Leader","floor":25,"turns":5},{"damage":18,"enemies":"Cultist and Chosen","floor":27,"turns":6},{"damage":43,"enemies":"Slavers","floor":28,"turns":4},{"damage":1,"enemies":"Centurion and Healer","floor":29,"turns":5},{"damage":11,"enemies":"Snake Plant","floor":30,"turns":2},{"damage":16,"enemies":"Sentry and Sphere","floor":31,"turns":4},{"damage":43,"enemies":"Automaton","floor":33,"turns":8},{"damage":31,"enemies":"3 Darklings","floor":35,"turns":4},{"damage":0,"enemies":"Mind Bloom Boss Battle","floor":37,"turns":5},{"damage":0,"enemies":"3 Shapes","floor":39,"turns":3},{"damage":1,"enemies":"3 Darklings","floor":41,"turns":4},{"damage":43,"enemies":"Spire Growth","floor":44,"turns":4},{"damage":73,"enemies":"Nemesis","floor":46,"turns":6}],"seed_played":"-4960376851194822948","potions_obtained":[{"floor":3,"key":"Weak Potion"},{"floor":14,"key":"Ancient Potion"},{"floor":19,"key":"PowerPotion"},{"floor":25,"key":"FairyPotion"},{"floor":27,"key":"SpeedPotion"},{"floor":31,"key":"Regen Potion"},{"floor":33,"key":"Block Potion"},{"floor":44,"key":"AttackPotion"}],"is_trial":false,"path_per_floor":["M","?","M","$","?","E","?","R","T","R","E","$","R","M","R","B",null,"M","?","?","M","$","R","?","E","T","M","E","M","M","M","R","B",null,"M","?","?","?","M","R","M","R","T","M","R","E"],"character_chosen":"DEFECT","items_purchased":["Dream Catcher","Static Discharge","Fire Potion","PowerPotion"],"campfire_rested":3,"item_purchase_floors":[4,12,12,22],"current_hp_per_floor":[64,57,57,57,50,50,50,50,50,50,33,33,33,33,33,8,57,51,51,51,53,53,77,77,81,81,65,24,27,20,10,39,15,75,50,50,56,56,62,62,65,65,65,26,58,0],"gold":608,"neow_bonus":"THREE_ENEMY_KILL","is_prod":false,"is_daily":false,"chose_seed":false,"campfire_upgraded":4,"win_rate":0,"timestamp":1553805159,"path_taken":["M","?","?","?","?","E","?","R","T","R","E","$","R","M","R","BOSS","M","?","?","M","?","R","?","E","T","M","E","M","?","M","R","BOSS","M","?","?","?","M","R","M","R","T","?","R","E"],"build_version":"2019-01-23","purchased_purges":1,"victory":false,"max_hp_per_floor":[71,71,71,71,71,71,71,71,71,71,73,73,73,73,73,73,73,73,73,73,75,75,77,77,89,89,89,89,89,91,93,95,95,95,97,97,99,99,101,101,101,101,101,103,105,105],"card_choices":[{"not_picked":["Conserve Battery","Hologram"],"picked":"Ball Lightning","floor":1},{"not_picked":["Darkness","Aggregate"],"picked":"Compile Driver","floor":3},{"not_picked":["Turbo","Leap"],"picked":"Hyperbeam","floor":6},{"not_picked":["Stack","Darkness"],"picked":"Leap","floor":7},{"not_picked":["Loop","Fusion","Skim"],"picked":"Singing Bowl","floor":11},{"not_picked":["Capacitor","Gash"],"picked":"Ball Lightning","floor":14},{"not_picked":["Reboot","Multi-Cast"],"picked":"Seek","floor":16},{"not_picked":["Recycle","Compile Driver"],"picked":"Chill","floor":18},{"not_picked":["Streamline","Doom and Gloom"],"picked":"Consume","floor":19},{"not_picked":["Turbo+1","Force Field","Go for the Eyes"],"picked":"Singing Bowl","floor":21},{"not_picked":["Hello World","Gash","Sweeping Beam"],"picked":"Singing Bowl","floor":23},{"not_picked":["Compile Driver","Gash","Go for the Eyes"],"picked":"Singing Bowl","floor":25},{"not_picked":["Barrage","Coolheaded"],"picked":"Rainbow","floor":27},{"not_picked":["Compile Driver","Chaos"],"picked":"Electrodynamics","floor":28},{"not_picked":["Sunder","Barrage"],"picked":"Cold Snap","floor":29},{"not_picked":["Beam Cell","Blizzard","Ball Lightning"],"picked":"Singing Bowl","floor":30},{"not_picked":["Chill","Conserve Battery","Gash"],"picked":"Singing Bowl","floor":31},{"not_picked":["Coolheaded","Beam Cell","Sweeping Beam"],"picked":"Singing Bowl","floor":32},{"not_picked":["Machine Learning","Reboot"],"picked":"Core Surge","floor":33},{"not_picked":["Leap","Hello World","Coolheaded"],"picked":"Singing Bowl","floor":35},{"not_picked":["Reinforced Body","Stack","Conserve Battery"],"picked":"Singing Bowl","floor":37},{"not_picked":["Melter","Hologram","Steam"],"picked":"Singing Bowl","floor":39},{"not_picked":["Capacitor","Streamline+1"],"picked":"Sunder+1","floor":41},{"not_picked":["Turbo","Stack","Rebound"],"picked":"Singing Bowl","floor":44},{"not_picked":["Undo","Rebound","Darkness"],"picked":"Singing Bowl","floor":45}],"player_experience":1471088,"relics_obtained":[{"floor":6,"key":"Kunai"},{"floor":7,"key":"Odd Mushroom"},{"floor":9,"key":"Singing Bowl"},{"floor":11,"key":"Dodecahedron"},{"floor":19,"key":"Red Mask"},{"floor":25,"key":"Pear"},{"floor":26,"key":"Bird Faced Urn"},{"floor":28,"key":"Nunchaku"},{"floor":37,"key":"Girya"},{"floor":43,"key":"Shuriken"}],"event_choices":[{"damage_healed":0,"gold_gain":50,"player_choice":"Touch","damage_taken":7,"max_hp_gain":0,"max_hp_loss":0,"event_name":"FaceTrader","floor":2,"gold_loss":0},{"cards_removed":["Strike_B"],"damage_healed":0,"gold_gain":0,"player_choice":"Card Removal","damage_taken":7,"max_hp_gain":0,"max_hp_loss":0,"event_name":"Golden Wing","floor":5,"gold_loss":0},{"damage_healed":0,"gold_gain":0,"player_choice":"Fought Mushrooms","damage_taken":0,"max_hp_gain":0,"max_hp_loss":0,"event_name":"Mushrooms","floor":7,"gold_loss":0},{"damage_healed":0,"gold_gain":0,"player_choice":"Fought Bandits","damage_taken":0,"max_hp_gain":0,"max_hp_loss":0,"event_name":"Masked Bandits","floor":19,"gold_loss":0},{"damage_healed":0,"gold_gain":0,"player_choice":"Inject Mutagens","damage_taken":0,"relics_obtained":["MutagenicStrength"],"max_hp_gain":0,"max_hp_loss":0,"event_name":"Drug Dealer","floor":20,"gold_loss":0},{"damage_healed":0,"gold_gain":0,"player_choice":"Upgraded","damage_taken":0,"max_hp_gain":0,"max_hp_loss":0,"event_name":"Upgrade Shrine","floor":24,"gold_loss":0,"cards_upgraded":["Consume"]},{"damage_healed":0,"gold_gain":222,"player_choice":"Wore Mask","damage_taken":0,"max_hp_gain":0,"max_hp_loss":0,"event_name":"Tomb of Lord Red Mask","floor":36,"gold_loss":0},{"damage_healed":0,"gold_gain":0,"player_choice":"Fight","damage_taken":0,"max_hp_gain":0,"max_hp_loss":0,"event_name":"MindBloom","floor":37,"gold_loss":0},{"damage_healed":0,"gold_gain":0,"player_choice":"Cursed","damage_taken":0,"max_hp_gain":0,"max_hp_loss":0,"event_name":"Wheel of Change","floor":38,"gold_loss":0,"cards_obtained":["Decay"]}],"is_beta":false,"boss_relics":[{"not_picked":["Snecko Eye","Eternal Feather"],"picked":"Velvet Choker"},{"not_picked":["Runic Dome","Nuclear Battery"],"picked":"Runic Pyramid"}],"items_purged_floors":[22],"is_endless":false,"potions_floor_spawned":[3,14,19,25,27,30,31,33,44],"killed_by":"Nemesis","ascension_level":20}