{"path_per_floor":["M","M","M","M","?","R","M","R","T","?","?","$","R","M","R","B",null,"M","?","$","M","M","R","?","R","T","R","M","$","?","M","R","B",null,"M"],"character_chosen":"THE_SILENT","items_purchased":["Noxious Fumes"],"gold_per_floor":[109,123,141,155,155,155,169,169,169,169,169,22,22,41,41,142,142,161,161,61,80,95,95,95,95,95,95,113,113,113,131,131,226,226,237,0],"floor_reached":36,"campfire_rested":1,"playtime":1311,"current_hp_per_floor":[63,62,62,56,56,56,56,56,56,56,56,56,56,56,56,49,63,41,41,41,41,39,39,39,39,39,57,51,51,63,63,63,63,63,20,20],"items_purged":["Strike_G","Strike_G"],"gold":0,"score":404,"play_id":"30f9a066-5f41-4bee-a245-328b12bc79f7","local_time":"20180408133956","is_prod":false,"is_daily":false,"is_ascension_mode":false,"campfire_upgraded":7,"timestamp":1523209196,"path_taken":["M","M","M","M","?","R","M","R","T","?","?","$","R","M","R","BOSS","M","?","$","M","M","R","?","R","T","R","M","$","?","?","R","BOSS","M","?"],"build_version":"2018-04-05v2","purchased_purges":2,"victory":false,"master_deck":["Defend_G","Defend_G","Defend_G","Defend_G","Defend_G","Survivor+1","Neutralize+1","Blur+1","Deadly Poison+1","Noxious Fumes+1","Caltrops+1","Noxious Fumes+1","Venomology+1","Noxious Fumes+1","Caltrops+1"],"max_hp_per_floor":[63,63,63,63,63,63,63,63,63,63,63,63,63,63,63,63,63,63,63,63,63,63,63,63,63,63,63,63,63,63,63,63,63,63,63,63],"relics":["Ring of the Snake","Red Mask"],"card_choices":[{"not_picked":["Setup","Backflip"],"picked":"Blur","floor":1},{"not_picked":["Acrobatics","PiercingWail"],"picked":"Deadly Poison","floor":2},{"not_picked":["Sucker Punch","Heel Hook"],"picked":"Noxious Fumes","floor":3},{"not_picked":["Quick Slash","Endless Agony"],"picked":"Caltrops","floor":4},{"not_picked":["Die Die Die","Doppelganger"],"picked":"Venomology","floor":16},{"not_picked":["Slice","Deflect"],"picked":"Noxious Fumes","floor":22},{"not_picked":["Storm of Steel","Choke"],"picked":"Caltrops","floor":28}],"player_experience":753961,"potions_floor_usage":[4,16,16,18,22,28,31,33,33,33,33],"damage_taken":[{"damage":0,"enemies":"Jaw Worm","floor":1,"turns":6},{"damage":1,"enemies":"Cultist","floor":2,"turns":7},{"damage":0,"enemies":"2 Louse","floor":3,"turns":4},{"damage":6,"enemies":"Exordium Wildlife","floor":4,"turns":7},{"damage":0,"enemies":"2 Fungi Beasts","floor":7,"turns":4},{"damage":0,"enemies":"Looter","floor":14,"turns":4},{"damage":22,"enemies":"Hexaghost","floor":16,"turns":7},{"damage":22,"enemies":"2 Thieves","floor":18,"turns":5},{"damage":0,"enemies":"Shell Parasite","floor":21,"turns":5},{"damage":2,"enemies":"Chosen and Byrds","floor":22,"turns":6},{"damage":6,"enemies":"Centurion and Healer","floor":28,"turns":5},{"damage":0,"enemies":"Snake Plant","floor":31,"turns":4},{"damage":0,"enemies":"Automaton","floor":33,"turns":9},{"damage":43,"enemies":"3 Shapes","floor":35,"turns":5}],"event_choices":[{"event_name":"The Lab","player_choice":"Got Potions","floor":5,"damage_taken":0},{"event_name":"Dead Adventurer","player_choice":"Searched \u00270\u0027 times","floor":10,"damage_taken":0},{"event_name":"Purifier","player_choice":"One Purge","floor":11,"damage_taken":0},{"event_name":"Accursed Blacksmith","player_choice":"Forge","floor":19,"damage_taken":0},{"event_name":"Vampires","player_choice":"Ignored","floor":24,"damage_taken":0},{"event_name":"Wheel of Change","player_choice":"Full Heal","floor":30,"damage_taken":0},{"event_name":"Tomb of Lord Red Mask","player_choice":"Paid","floor":36,"damage_taken":0}],"boss_relics":[{"not_picked":["Orrery","Tiny House","Pandora\u0027s Box"]},{"not_picked":["Orrery","Tiny House","Pandora\u0027s Box"]}],"potions_floor_spawned":[1,4,21,28,31],"seed_played":"8892021057805046391","ascension_level":0,"is_trial":false}