{"path_per_floor":["M","?","M","?","$","M","M","E","T","R","M","E","M","M","R","B",null,"M","T","M","?","M","R","E","?","T","R","M","M","M","M","R"],"character_chosen":"THE_SILENT","items_purchased":["Medical Kit","Shuriken","Sucker Punch"],"gold_per_floor":[114,289,304,554,15,32,46,77,104,104,123,151,169,183,183,287,287,298,298,314,314,327,327,354,354,378,378,393,409,420,436,436],"floor_reached":33,"campfire_rested":3,"playtime":3869,"current_hp_per_floor":[64,64,64,64,64,52,46,26,26,26,16,12,12,12,12,7,70,30,30,30,14,2,23,20,20,20,41,13,2,2,12,33],"items_purged":["Doubt"],"gold":436,"score":283,"play_id":"ce73f27c-d9b9-4f62-9db7-0b2a48caa38d","is_prod":false,"is_daily":false,"is_ascension_mode":false,"campfire_upgraded":2,"path_taken":["M","?","M","?","$","?","?","E","T","R","M","E","M","M","R","BOSS","M","?","M","?","?","R","E","?","T","R","M","M","M","M","R","BOSS"],"build_version":"2018-02-08-PROD1","purchased_purges":1,"victory":false,"master_deck":["Defend_G","Defend_G","Defend_G","Defend_G","Defend_G","Strike_G","Strike_G","Strike_G","Strike_G","Strike_G","Survivor","Neutralize","Escape Plan","Slice","Regret","Sucker Punch+1","Terror+1","Heel Hook","Calculated Gamble","Slice","Footwork+1","Dagger Throw","Acrobatics","Tools of the Trade","Deflect+1","Skewer+1","Reflex","Calculated Gamble","Caltrops","Dagger Throw","Underhanded Strike+1","Cloak And Dagger+1"],"max_hp_per_floor":[70,70,70,70,70,70,70,70,70,70,70,70,70,70,70,70,70,70,70,70,70,70,70,70,70,70,70,70,70,70,70,70],"relics":["Lizard Tail","Medical Kit","Shuriken","Art of War","Lantern","Gremlin Horn","Sozu","Thread and Needle","Nilry\u0027s Codex","Centennial Puzzle","Oddly Smooth Stone"],"card_choices":[{"not_picked":["Dodge and Roll","Storm of Steel"],"picked":"Escape Plan"},{"not_picked":["Malaise","Sucker Punch"],"picked":"Slice"},{"not_picked":["Quick Slash","Flying Knee"],"picked":"Terror"},{"not_picked":["Cloak And Dagger","Distraction"],"picked":"Heel Hook"},{"not_picked":["Doppelganger","Sucker Punch"],"picked":"Calculated Gamble"},{"not_picked":["Acrobatics","Dodge and Roll"],"picked":"Slice"},{"not_picked":["Catalyst","Flechettes"],"picked":"Footwork"},{"not_picked":["Backflip","Well Laid Plans"],"picked":"Dagger Throw"},{"not_picked":["Deadly Poison","Deflect"],"picked":"Acrobatics"},{"not_picked":["Corpse Explosion","Wraith Form"],"picked":"Tools of the Trade"},{"not_picked":["Dash","Dodge and Roll"],"picked":"Deflect"},{"not_picked":["Slice","PiercingWail"],"picked":"Skewer"},{"not_picked":["Glass Knife","Underhanded Strike"],"picked":"Reflex"},{"not_picked":["Cloak And Dagger","Envenom"],"picked":"Calculated Gamble"},{"not_picked":["Underhanded Strike","Crippling Poison"],"picked":"Caltrops"},{"not_picked":["Calculated Gamble","Expertise"],"picked":"Dagger Throw"},{"not_picked":["Dagger Throw","Riddle With Holes"],"picked":"Underhanded Strike"},{"not_picked":["Backflip","Slice"],"picked":"Cloak And Dagger"}],"player_experience":134996,"potions_floor_usage":[],"damage_taken":[{"damage":6.0,"enemies":"Jaw Worm","floor":1.0,"turns":6.0},{"damage":0.0,"enemies":"2 Louse","floor":3.0,"turns":3.0},{"damage":12.0,"enemies":"Blue Slaver","floor":6.0,"turns":5.0},{"damage":6.0,"enemies":"Looter","floor":7.0,"turns":4.0},{"damage":20.0,"enemies":"Gremlin Nob","floor":8.0,"turns":4.0},{"damage":10.0,"enemies":"Red Slaver","floor":11.0,"turns":4.0},{"damage":4.0,"enemies":"Lagavulin","floor":12.0,"turns":6.0},{"damage":0.0,"enemies":"Gremlin Gang","floor":13.0,"turns":5.0},{"damage":0.0,"enemies":"Lots of Slimes","floor":14.0,"turns":4.0},{"damage":5.0,"enemies":"The Guardian","floor":16.0,"turns":9.0},{"damage":40.0,"enemies":"Chosen","floor":18.0,"turns":6.0},{"damage":0.0,"enemies":"Shell Parasite","floor":20.0,"turns":5.0},{"damage":12.0,"enemies":"Centurion and Healer","floor":22.0,"turns":5.0},{"damage":3.0,"enemies":"Book of Stabbing","floor":24.0,"turns":6.0},{"damage":28,"enemies":"Cultist and Chosen","floor":28,"turns":8},{"damage":11,"enemies":"Sentry and Sphere","floor":29,"turns":6},{"damage":0,"enemies":"3 Cultists","floor":30,"turns":4},{"damage":25,"enemies":"Centurion and Healer","floor":31,"turns":6},{"damage":47,"enemies":"Automaton","floor":33,"turns":6}],"event_choices":[{"event_name":"Liars Game","player_choice":"agreed","floor":2.0,"damage_taken":0.0},{"event_name":"Golden Shrine","player_choice":"Desecrate","floor":4.0,"damage_taken":0.0},{"event_name":"Cursed Tome","player_choice":"Obtained Book","floor":21.0,"damage_taken":0.0},{"event_name":"Accursed Blacksmith","player_choice":"Forge","floor":25.0,"damage_taken":0.0}],"boss_relics":[],"potions_floor_spawned":[3,8,12,13,16,18,20,30,31],"seed_played":"5995111898931750637","killed_by":"Automaton","ascension_level":0,"is_trial":false}