{"path_per_floor":["M","M","M","?","M","R","E","R","T","?","R","M","R","M","R","B",null,"M","?","M","?","M","R","$","T","T","M","$","M","M","$","R","B",null,"M","?","M","M","$","R","$","M","T","T","T","M","M"],"character_chosen":"DEFECT","items_purchased":["Matryoshka","Capacitor","Darkness","Vajra"],"gold_per_floor":[117,133,144,144,157,157,183,183,206,206,206,221,221,233,233,331,331,346,346,359,359,374,374,59,85,85,104,31,45,63,63,63,163,163,177,177,191,202,59,59,59,77,77,77,131,147,161,161],"floor_reached":48,"campfire_rested":0,"playtime":2768,"item_purchase_floors":[24,24,28,39],"current_hp_per_floor":[75,75,75,75,73,73,63,63,63,48,48,59,59,59,59,24,77,76,77,51,51,53,53,53,53,53,49,49,45,27,27,27,15,81,57,57,57,36,36,36,36,28,28,28,28,4,4,0],"items_purged":[],"gold":161,"score":436,"play_id":"ee7828ca-e5a9-4b9f-b5ea-4057a4728a88","local_time":"20180613213155","is_prod":false,"is_daily":false,"chose_seed":false,"is_ascension_mode":false,"campfire_upgraded":7,"win_rate":0,"timestamp":1528939915,"campfire_choices":[{"data":"Multi-Cast","floor":6,"key":"SMITH"},{"data":"Creative AI","floor":8,"key":"SMITH"},{"data":"Zap","floor":11,"key":"SMITH"},{"data":"Chill","floor":13,"key":"SMITH"},{"data":"Blizzard","floor":15,"key":"SMITH"},{"data":"Amplify","floor":23,"key":"SMITH"},{"data":"Darkness","floor":32,"key":"SMITH"},{"data":"Gash+1","floor":40,"key":"PURGE"}],"path_taken":["M","M","M","?","M","R","E","R","T","?","R","M","R","M","R","BOSS","M","?","M","?","M","R","$","?","T","M","$","M","M","?","R","BOSS","M","?","M","?","$","R","$","M","T","?","?","?","?","E"],"build_version":"2018-06-07v3","seed_source_timestamp":67215792274137,"purchased_purges":0,"victory":false,"master_deck":["Defend_B+1","Defend_B+1","Defend_B+1","Defend_B+1","Zap+1","Dualcast+1","Conserve Battery+1","Go for the Eyes+1","Rebound+1","Ball Lightning+1","Doom and Gloom+1","Multi-Cast+1","Ball Lightning+1","Blizzard+1","Chill+1","Creative AI+1","Glacier+1","Amplify+1","Sweeping Beam+1","Redo+1","Capacitor+1","Capacitor+1","Darkness+1","Beam Cell+1","Electrodynamics+1","Glacier+1","Auto Shields+1","FTL+1","Blizzard+1","Consume+1","Scrape+1","Storm"],"max_hp_per_floor":[75,75,75,75,75,75,75,75,75,75,75,77,77,77,77,77,77,77,77,77,77,79,79,79,79,79,79,79,79,81,81,81,81,81,83,83,83,85,85,85,85,85,85,85,85,85,85,85],"relics":["Orrery","Bag of Preparation","Singing Bowl","Sozu","Matryoshka","Orichalcum","Dream Catcher","Bag of Marbles","Peace Pipe","Astrolabe","Mark of the Bloom","Vajra","Darkstone Periapt","Dodecahedron","Ancient Tea Set"],"card_choices":[{"not_picked":["Leap","Cold Snap"],"picked":"Conserve Battery","floor":0},{"not_picked":["Undo","Glacier"],"picked":"Go for the Eyes","floor":0},{"not_picked":["Beam Cell","Streamline"],"picked":"Rebound","floor":0},{"not_picked":["Stack","Conserve Battery"],"picked":"Ball Lightning","floor":0},{"not_picked":["Reprogram","Cold Snap"],"picked":"Doom and Gloom","floor":0},{"not_picked":["Fusion","Compile Driver"],"picked":"Gash","floor":1},{"not_picked":["Rebound","Conserve Battery"],"picked":"Multi-Cast","floor":2},{"not_picked":["Leap","Steam Power"],"picked":"Ball Lightning","floor":3},{"not_picked":["Cold Snap","Stack"],"picked":"Chill","floor":5},{"not_picked":["Redo","Turbo"],"picked":"Creative AI","floor":7},{"not_picked":["Skim","Hologram","Fusion"],"picked":"Singing Bowl","floor":12},{"not_picked":["Compile Driver","Steam"],"picked":"Glacier","floor":14},{"not_picked":["Echo Form","Fission"],"picked":"Amplify","floor":16},{"not_picked":["Go for the Eyes","Barrage+1"],"picked":"Sweeping Beam+1","floor":18},{"not_picked":["Barrage","Rebound"],"picked":"Redo","floor":20},{"not_picked":["Barrage","Leap","Hologram"],"picked":"Singing Bowl","floor":22},{"not_picked":["Conserve Battery","Beam Cell"],"picked":"Capacitor+1","floor":27},{"not_picked":["Thunder Strike","Hologram"],"picked":"Beam Cell+1","floor":29},{"not_picked":["Gash","Redo","Streamline+1"],"picked":"Singing Bowl","floor":30},{"not_picked":["Multi-Cast","Buffer"],"picked":"Electrodynamics","floor":33},{"not_picked":["Turbo","Genetic Algorithm","Sweeping Beam+1"],"picked":"Singing Bowl","floor":35},{"not_picked":["Beam Cell+1","Steam"],"picked":"Blizzard+1","floor":37},{"not_picked":["Go for the Eyes","Steam Power","Gash"],"picked":"Singing Bowl","floor":38},{"not_picked":["Gash+1","Doom and Gloom"],"picked":"Consume+1","floor":42},{"not_picked":["Go for the Eyes+1","Doom and Gloom"],"picked":"Scrape+1","floor":46},{"not_picked":["Force Field","Rebound+1"],"picked":"Storm","floor":47}],"player_experience":939229,"potions_floor_usage":[7,12,20,48],"damage_taken":[{"damage":0,"enemies":"Jaw Worm","floor":1,"turns":3},{"damage":0,"enemies":"Cultist","floor":2,"turns":3},{"damage":0,"enemies":"2 Louse","floor":3,"turns":2},{"damage":2,"enemies":"Large Slime","floor":5,"turns":6},{"damage":10,"enemies":"Gremlin Nob","floor":7,"turns":5},{"damage":3,"enemies":"Red Slaver","floor":12,"turns":4},{"damage":0,"enemies":"Exordium Wildlife","floor":14,"turns":3},{"damage":35,"enemies":"Slime Boss","floor":16,"turns":8},{"damage":1,"enemies":"3 Byrds","floor":18,"turns":4},{"damage":26,"enemies":"2 Thieves","floor":20,"turns":4},{"damage":0,"enemies":"Centurion and Healer","floor":22,"turns":7},{"damage":4,"enemies":"Snake Plant","floor":27,"turns":5},{"damage":4,"enemies":"Chosen and Byrds","floor":29,"turns":6},{"damage":20,"enemies":"Sentry and Sphere","floor":30,"turns":6},{"damage":12,"enemies":"Automaton","floor":33,"turns":6},{"damage":26,"enemies":"3 Darklings","floor":35,"turns":6},{"damage":0,"enemies":"3 Shapes","floor":37,"turns":3},{"damage":21,"enemies":"Maw","floor":38,"turns":9},{"damage":8,"enemies":"3 Darklings","floor":42,"turns":5},{"damage":24,"enemies":"Sphere and 2 Shapes","floor":46,"turns":6},{"damage":0,"enemies":"4 Shapes","floor":47,"turns":4},{"damage":36,"enemies":"Nemesis","floor":48,"turns":3}],"relics_obtained":[{"floor":7,"key":"Bag of Preparation"},{"floor":9,"key":"Singing Bowl"},{"floor":25,"key":"Orichalcum"},{"floor":25,"key":"Dream Catcher"},{"floor":26,"key":"Bag of Marbles"},{"floor":26,"key":"Peace Pipe"},{"floor":43,"key":"Darkstone Periapt"},{"floor":44,"key":"Dodecahedron"},{"floor":45,"key":"Ancient Tea Set"}],"event_choices":[{"event_name":"Transmorgrifier","player_choice":"Transform","floor":4,"damage_taken":0},{"event_name":"Shining Light","player_choice":"Entered Light","floor":10,"damage_taken":0},{"event_name":"Wheel of Change","player_choice":"Full Heal","floor":19,"damage_taken":0},{"event_name":"Upgrade Shrine","player_choice":"Upgraded","floor":21,"damage_taken":0},{"event_name":"MindBloom","player_choice":"Upgrade","floor":36,"damage_taken":0}],"boss_relics":[{"not_picked":["Busted Crown","Calling Bell"],"picked":"Sozu"},{"not_picked":["Black Star","Runic Dome"],"picked":"Astrolabe"}],"items_purged_floors":[],"potions_floor_spawned":[2,5,7,14,22,30,33,37,42,47],"seed_played":"3521615071892052279","killed_by":"Nemesis","ascension_level":0,"potions_obtained":[{"floor":2,"key":"Regen Potion"},{"floor":5,"key":"Weak Potion"},{"floor":7,"key":"SteroidPotion"},{"floor":14,"key":"Swift Potion"}],"is_trial":false}