{"path_per_floor":["M","?","M","?","$","R","E","$","T","E","R","M","?","$","R","B",null,"M","?","?","M","M","R","M"],"character_chosen":"IRONCLAD","items_purchased":["Membership Card","Poison Potion","Energy Potion","Regen Potion","Flex"],"gold_per_floor":[360,360,372,372,26,26,53,13,13,45,45,59,59,17,17,117,117,128,128,128,147,167,167,185],"floor_reached":25,"campfire_rested":1,"playtime":988,"current_hp_per_floor":[72,54,53,37,37,61,61,61,61,71,71,79,79,79,79,81,85,83,75,88,67,45,45,44],"items_purged":["Doubt"],"gold":185,"score":303,"play_id":"f35c90af-b52e-4fb7-85f2-2f1654e18457","local_time":"20180314213321","is_prod":false,"is_daily":false,"is_ascension_mode":true,"campfire_upgraded":3,"timestamp":1521077601,"path_taken":["M","?","?","?","$","R","E","?","T","E","R","?","?","$","R","BOSS","M","?","?","?","M","R","M","E"],"build_version":"2018-03-09","purchased_purges":1,"victory":false,"master_deck":["Strike_R","Strike_R","Strike_R","Strike_R","Strike_R","Defend_R","Defend_R+1","Defend_R+1","Defend_R","Bash","Heavy Blade+1","Inflame+1","Flex+1","Demon Form+1","Sword Boomerang","Perfected Strike+1"],"max_hp_per_floor":[80,80,82,82,82,82,84,84,84,84,84,86,86,86,86,86,86,88,88,88,88,90,90,90],"relics":["Burning Blood","Singing Bowl","Membership Card","Regal Pillow","Lantern","Bag of Marbles","Velvet Choker"],"card_choices":[{"not_picked":["Shrug It Off","Anger"],"picked":"Heavy Blade"},{"not_picked":["Ghostly Armor","Barricade"],"picked":"Inflame"},{"not_picked":["Brutality","Juggernaut"],"picked":"Demon Form"},{"not_picked":["Iron Wave","Body Slam"],"picked":"Sword Boomerang"},{"not_picked":["Twin Strike","Fire Breathing"],"picked":"Perfected Strike"}],"player_experience":502410,"potions_floor_usage":[7,7,10,10,16,18,24,24],"damage_taken":[{"damage":6,"enemies":"2 Louse","floor":1,"turns":3},{"damage":9,"enemies":"Jaw Worm","floor":3,"turns":6},{"damage":8,"enemies":"Gremlin Nob","floor":7,"turns":3},{"damage":11,"enemies":"3 Sentries","floor":10,"turns":7},{"damage":0,"enemies":"Small Slimes","floor":12,"turns":4},{"damage":4,"enemies":"Slime Boss","floor":16,"turns":8},{"damage":10,"enemies":"Shell Parasite","floor":18,"turns":4},{"damage":27,"enemies":"2 Thieves","floor":21,"turns":4},{"damage":30,"enemies":"Centurion and Healer","floor":22,"turns":4},{"damage":7,"enemies":"Chosen and Byrds","floor":24,"turns":5},{"damage":62,"enemies":"Book of Stabbing","floor":25,"turns":4}],"event_choices":[{"event_name":"Scrap Ooze","player_choice":"success","floor":2,"damage_taken":18},{"event_name":"Shining Light","player_choice":"Entered Light","floor":4,"damage_taken":0},{"event_name":"Accursed Blacksmith","player_choice":"Forge","floor":13,"damage_taken":0},{"event_name":"Knowing Skull","player_choice":"","floor":19,"damage_taken":0},{"event_name":"The Library","player_choice":"Heal","floor":20,"damage_taken":0}],"boss_relics":[{"not_picked":["Runic Pyramid","Lizard Tail"],"picked":"Velvet Choker"}],"potions_floor_spawned":[7,10,12,18,22],"seed_played":"7359627053968985197","killed_by":"Book of Stabbing","ascension_level":9,"is_trial":false}