{"gold_per_floor":[119,12,29,41,55,81,32,32,82,82,96,106,106,119,119,221,221,232,242,242,259,16,16,26,26,75,75,87,122,135,155,155,259,259,269,283,57,0,0,0,16,41,41,41,61,73,73],"floor_reached":47,"playtime":2230,"items_purged":["Normality"],"score":483,"play_id":"ba43901f-0b79-4a90-88cc-2bb67a4ec290","local_time":"20190413235837","is_ascension_mode":false,"campfire_choices":[{"floor":8.0,"key":"REST"},{"data":"Buffer","floor":10.0,"key":"SMITH"},{"data":"White Noise","floor":13.0,"key":"SMITH"},{"data":"Streamline","floor":15.0,"key":"SMITH"},{"data":"Storm","floor":23.0,"key":"SMITH"},{"data":"Creative AI","floor":25.0,"key":"SMITH"},{"floor":27.0,"key":"REST"},{"floor":32.0,"key":"REST"},{"data":"Defragment","floor":40,"key":"SMITH"}],"neow_cost":"NONE","seed_source_timestamp":0,"circlet_count":0,"master_deck":["Strike_B","Strike_B","Strike_B","Strike_B","Defend_B","Defend_B","Defend_B","Defend_B","Zap","Dualcast+1","Reinforced Body","Conserve Battery","Leap","White Noise+1","Buffer+1","Self Repair","Ball Lightning","Self Repair","Streamline+1","Creative AI+1","Capacitor","Conserve Battery+1","Storm+1","Defragment+1","Barrage","Turbo","Electrodynamics","Barrage","Conserve Battery","Trip","Loop+1","Consume","Pain","Reinforced Body+1"],"special_seed":0,"relics":["Cracked Core","Cables","Cursed Key","Chemical X","Pen Nib","Art of War","Eternal Feather","PreservedInsect","Red Mask","Ancient Tea Set","Bronze Scales"],"potions_floor_usage":[],"damage_taken":[{"damage":0.0,"enemies":"Cultist","floor":1.0,"turns":3.0},{"damage":6.0,"enemies":"Jaw Worm","floor":3.0,"turns":3.0},{"damage":8.0,"enemies":"Small Slimes","floor":4.0,"turns":3.0},{"damage":6.0,"enemies":"3 Louse","floor":5.0,"turns":4.0},{"damage":31.0,"enemies":"Lagavulin","floor":6.0,"turns":8.0},{"damage":0.0,"enemies":"Large Slime","floor":11.0,"turns":3.0},{"damage":15.0,"enemies":"Exordium Thugs","floor":12.0,"turns":4.0},{"damage":10.0,"enemies":"Looter","floor":14.0,"turns":4.0},{"damage":10.0,"enemies":"Slime Boss","floor":16.0,"turns":10.0},{"damage":0.0,"enemies":"Chosen","floor":18.0,"turns":4.0},{"damage":21.0,"enemies":"Shell Parasite","floor":19.0,"turns":4.0},{"damage":41.0,"enemies":"Chosen and Byrds","floor":21.0,"turns":7.0},{"damage":15.0,"enemies":"Centurion and Healer","floor":24.0,"turns":5.0},{"damage":27.0,"enemies":"Snake Plant","floor":28.0,"turns":4.0},{"damage":32.0,"enemies":"Slavers","floor":29.0,"turns":4.0},{"damage":5.0,"enemies":"Sentry and Sphere","floor":30.0,"turns":4.0},{"damage":0.0,"enemies":"3 Cultists","floor":31.0,"turns":3.0},{"damage":18.0,"enemies":"Automaton","floor":33.0,"turns":6.0},{"damage":4.0,"enemies":"3 Shapes","floor":35.0,"turns":3.0},{"damage":22,"enemies":"Orb Walker","floor":36,"turns":4},{"damage":1,"enemies":"Transient","floor":41,"turns":5},{"damage":21,"enemies":"Reptomancer","floor":42,"turns":5},{"damage":5,"enemies":"Sphere and 2 Shapes","floor":45,"turns":3},{"damage":30,"enemies":"3 Darklings","floor":46,"turns":4},{"damage":43,"enemies":"Maw","floor":47,"turns":6}],"seed_played":"4388147717848784903","potions_obtained":[{"floor":3.0,"key":"PowerPotion"},{"floor":4.0,"key":"SteroidPotion"},{"floor":12.0,"key":"SkillPotion"},{"floor":18.0,"key":"Block Potion"},{"floor":29.0,"key":"Poison Potion"},{"floor":41,"key":"FearPotion"},{"floor":42,"key":"PowerPotion"}],"is_trial":false,"path_per_floor":["M","$","M","M","M","E","$","R","T","R","M","M","R","M","R","B",null,"M","M","?","M","$","R","M","R","T","R","M","E","M","M","R","B",null,"M","M","$","?","?","R","M","E","T","$","M","M","M"],"character_chosen":"DEFECT","items_purchased":["Conserve Battery","Leap","Ball Lightning","Defragment","Chemical X","PreservedInsect"],"campfire_rested":3,"item_purchase_floors":[2,2,7,22,22,37],"current_hp_per_floor":[75,75,69,61,55,24,24,46,46,46,53,45,45,49,49,46,75,75,61,61,34,34,34,33,33,33,55,42,24,33,33,55,51,75,71,56,56,56,56,74,75,68,68,68,63,40,0],"gold":73,"neow_bonus":"UPGRADE_CARD","is_prod":false,"is_daily":false,"chose_seed":false,"campfire_upgraded":6,"win_rate":0,"timestamp":1555214317,"path_taken":["M","$","M","M","M","E","$","R","T","R","M","?","R","M","R","BOSS","M","M","?","M","$","R","M","R","T","R","M","E","M","M","R","BOSS","M","M","$","?","?","R","M","E","T","$","M","M","M"],"build_version":"2019-01-23","purchased_purges":1,"victory":false,"max_hp_per_floor":[75,75,75,75,75,75,75,75,75,75,75,75,75,75,75,75,75,75,75,75,75,75,75,75,75,75,75,75,75,75,75,75,75,75,75,75,75,75,75,75,75,75,75,75,75,75,75],"card_choices":[{"not_picked":["Hologram","Gash"],"picked":"Reinforced Body","floor":1.0},{"not_picked":["Lockon","Hologram","Recycle"],"picked":"SKIP","floor":3.0},{"not_picked":["Glacier","Conserve Battery"],"picked":"White Noise","floor":4.0},{"not_picked":["Leap","Double Energy"],"picked":"Buffer","floor":5.0},{"not_picked":["Go for the Eyes","Rebound"],"picked":"Self Repair","floor":6.0},{"not_picked":["Compile Driver","Leap","Reprogram"],"picked":"SKIP","floor":11.0},{"not_picked":["BootSequence","Lockon"],"picked":"Self Repair","floor":12.0},{"not_picked":["Chill","Cold Snap"],"picked":"Streamline","floor":14.0},{"not_picked":["Meteor Strike","Machine Learning"],"picked":"Creative AI","floor":16.0},{"not_picked":["Sweeping Beam","Leap+1"],"picked":"Capacitor","floor":18.0},{"not_picked":["Sweeping Beam+1","Fusion"],"picked":"Conserve Battery+1","floor":19.0},{"not_picked":["Self Repair","Stack+1"],"picked":"Storm","floor":21.0},{"not_picked":["Coolheaded","Steam","Compile Driver+1"],"picked":"SKIP","floor":24.0},{"not_picked":["Stack+1","Reboot"],"picked":"Barrage","floor":28.0},{"not_picked":["Steam Power","Coolheaded+1"],"picked":"Turbo","floor":29.0},{"not_picked":["Sweeping Beam+1","Rebound"],"picked":"Electrodynamics","floor":30.0},{"not_picked":["Rip and Tear+1","Conserve Battery"],"picked":"Barrage","floor":31.0},{"not_picked":["Stack","Beam Cell","Steam+1"],"picked":"SKIP","floor":35},{"not_picked":["Gash","Barrage"],"picked":"Conserve Battery","floor":36},{"not_picked":["Secret Technique","Impatience"],"picked":"Trip","floor":39},{"not_picked":["Glacier+1","Go for the Eyes+1"],"picked":"Loop+1","floor":41},{"not_picked":["Cold Snap+1","Gash+1"],"picked":"Consume","floor":42},{"not_picked":["Cold Snap","Redo+1"],"picked":"Reinforced Body+1","floor":45},{"not_picked":["Go for the Eyes","Undo","Genetic Algorithm"],"picked":"SKIP","floor":46}],"player_experience":789377,"relics_obtained":[{"floor":6.0,"key":"Cables"},{"floor":26.0,"key":"Pen Nib"},{"floor":29.0,"key":"Art of War"},{"floor":42,"key":"Ancient Tea Set"},{"floor":43,"key":"Bronze Scales"}],"event_choices":[{"damage_healed":0.0,"max_hp_gain":0.0,"max_hp_loss":0.0,"gold_gain":0.0,"event_name":"Ghosts","player_choice":"Ignored","floor":20.0,"gold_loss":0.0,"damage_taken":0.0},{"damage_healed":0,"gold_gain":0,"player_choice":"Paid","damage_taken":0,"relics_obtained":["Red Mask"],"max_hp_gain":0,"max_hp_loss":0,"event_name":"Tomb of Lord Red Mask","floor":38,"gold_loss":57},{"damage_healed":0,"gold_gain":0,"player_choice":"Memory 1","damage_taken":0,"max_hp_gain":0,"max_hp_loss":0,"event_name":"SensoryStone","floor":39,"gold_loss":0}],"is_beta":false,"boss_relics":[{"not_picked":["Calling Bell","Velvet Choker"],"picked":"Cursed Key"},{"not_picked":["Inserter","Pandora\u0027s Box"],"picked":"Eternal Feather"}],"items_purged_floors":[37],"is_endless":false,"potions_floor_spawned":[3,4,12,16,18,19,29,41,42],"killed_by":"Maw","ascension_level":0}