{"gold_per_floor":[119,19,19,19,39,39,39,50,50,50,80,92,92,109,109,183,233,244,244,256,270,270],"floor_reached":22,"playtime":798,"items_purged":["Strike_B"],"score":372,"play_id":"778b2572-8c97-4a93-81bf-4b4822227746","local_time":"20190506180841","is_ascension_mode":true,"campfire_choices":[{"data":"Streamline","floor":6,"key":"SMITH"},{"data":"Sweeping Beam","floor":10,"key":"SMITH"},{"data":"Darkness","floor":13,"key":"SMITH"},{"floor":15,"key":"REST"}],"neow_cost":"NONE","seed_source_timestamp":549406145328181,"circlet_count":0,"master_deck":["AscendersBane","Strike_B","Strike_B","Strike_B","Defend_B","Defend_B","Defend_B","Zap","Dualcast","Leap","Sweeping Beam+1","Streamline+1","Leap","Coolheaded","Darkness+1","Electrodynamics+1","Chill","Consume","Decay","Sunder+1","Static Discharge"],"relics":["Velvet Choker","Darkstone Periapt","Tiny House"],"potions_floor_usage":[16,16],"damage_taken":[{"damage":1,"enemies":"Cultist","floor":1,"turns":4},{"damage":0,"enemies":"Small Slimes","floor":5,"turns":3},{"damage":2,"enemies":"Jaw Worm","floor":8,"turns":3},{"damage":21,"enemies":"3 Sentries","floor":11,"turns":6},{"damage":6,"enemies":"3 Louse","floor":12,"turns":4},{"damage":6,"enemies":"Lots of Slimes","floor":14,"turns":2},{"damage":31,"enemies":"Slime Boss","floor":16,"turns":6},{"damage":4,"enemies":"3 Byrds","floor":18,"turns":2},{"damage":21,"enemies":"2 Thieves","floor":20,"turns":4},{"damage":31,"enemies":"Shelled Parasite and Fungi","floor":21,"turns":7},{"damage":13,"enemies":"Snake Plant","floor":22,"turns":3}],"seed_played":"-1765346835117154280","potions_obtained":[{"floor":5,"key":"AttackPotion"},{"floor":12,"key":"Explosive Potion"},{"floor":17,"key":"Swift Potion"}],"is_trial":false,"path_per_floor":["M","$","$","?","M","R","?","M","T","R","E","M","R","M","R","B",null,"M","?","M","M","M"],"character_chosen":"DEFECT","items_purchased":["Sweeping Beam"],"campfire_rested":1,"item_purchase_floors":[2],"current_hp_per_floor":[63,63,63,63,63,63,56,54,54,54,33,27,27,21,42,11,61,57,63,42,11,0],"gold":270,"neow_bonus":"BOSS_RELIC","is_prod":false,"is_daily":false,"chose_seed":false,"campfire_upgraded":3,"win_rate":0,"timestamp":1557191321,"path_taken":["M","?","$","?","M","R","?","?","T","R","E","M","R","M","R","BOSS","M","?","?","?","M"],"build_version":"2019-04-23","purchased_purges":1,"victory":false,"max_hp_per_floor":[71,71,71,71,71,71,71,71,71,71,71,71,71,71,71,71,76,76,82,82,82,82],"card_choices":[{"not_picked":["Beam Cell","Barrage"],"picked":"Leap","floor":1},{"not_picked":["BootSequence","Stack"],"picked":"Streamline","floor":5},{"not_picked":["Rebound","Steam"],"picked":"Leap","floor":8},{"not_picked":["Amplify","Aggregate"],"picked":"Coolheaded","floor":11},{"not_picked":["Steam","Stack"],"picked":"Darkness","floor":12},{"not_picked":["Blizzard","Chaos","Steam"],"picked":"SKIP","floor":14},{"not_picked":["Rainbow","Core Surge"],"picked":"Electrodynamics","floor":16},{"not_picked":["Barrage","Blizzard"],"picked":"Chill","floor":17},{"not_picked":["Streamline","Barrage"],"picked":"Consume","floor":18},{"not_picked":["Fusion","Go for the Eyes"],"picked":"Sunder+1","floor":20},{"not_picked":["Go for the Eyes","Cold Snap"],"picked":"Static Discharge","floor":21}],"player_experience":6216057,"relics_obtained":[{"floor":11,"key":"Darkstone Periapt"}],"event_choices":[{"damage_healed":0,"gold_gain":0,"player_choice":"Ignored","damage_taken":0,"max_hp_gain":0,"max_hp_loss":0,"event_name":"Liars Game","floor":4,"gold_loss":0},{"cards_removed":["Defend_B"],"damage_healed":0,"gold_gain":0,"player_choice":"Card Removal","damage_taken":7,"max_hp_gain":0,"max_hp_loss":0,"event_name":"Golden Wing","floor":7,"gold_loss":0},{"damage_healed":0,"gold_gain":0,"player_choice":"Cursed","damage_taken":0,"max_hp_gain":0,"max_hp_loss":0,"event_name":"Wheel of Change","floor":19,"gold_loss":0,"cards_obtained":["Decay"]}],"is_beta":true,"boss_relics":[{"not_picked":["Eternal Feather","Philosopher\u0027s Stone"],"picked":"Tiny House"}],"items_purged_floors":[2],"is_endless":false,"potions_floor_spawned":[5,12,14],"killed_by":"Snake Plant","ascension_level":20}