{"gold_per_floor":[368,380,305,320,331,358,358,372,372,372,382,382,417,126,126,126],"floor_reached":16,"playtime":663,"items_purged":["Strike_R"],"score":224,"play_id":"861d5e8c-b7f0-4883-a0f9-20cde440be3b","local_time":"20190429053920","is_ascension_mode":true,"campfire_choices":[{"data":"Bash","floor":7,"key":"SMITH"},{"data":"Combust","floor":10,"key":"SMITH"},{"floor":15,"key":"REST"}],"neow_cost":"TEN_PERCENT_HP_LOSS","seed_source_timestamp":560279344122630,"circlet_count":0,"master_deck":["AscendersBane","Strike_R","Strike_R","Defend_R","Defend_R","Defend_R","Defend_R","Bash+1","Anger","Combust+1","Battle Trance","Impervious","Shrug It Off","Clash","Feel No Pain","Shrug It Off"],"relics":["Burning Blood","Ornamental Fan","Bottled Tornado","Incense Burner"],"potions_floor_usage":[6,13,16],"damage_taken":[{"damage":1,"enemies":"Cultist","floor":1,"turns":3},{"damage":0,"enemies":"Small Slimes","floor":2,"turns":3},{"damage":8,"enemies":"2 Louse","floor":4,"turns":3},{"damage":27,"enemies":"Gremlin Gang","floor":5,"turns":3},{"damage":34,"enemies":"Lagavulin","floor":6,"turns":7},{"damage":7,"enemies":"Blue Slaver","floor":8,"turns":4},{"damage":4,"enemies":"Exordium Wildlife","floor":11,"turns":4},{"damage":16,"enemies":"3 Sentries","floor":13,"turns":4},{"damage":38,"enemies":"The Guardian","floor":16,"turns":7}],"seed_played":"1828356283309686861","potions_obtained":[{"floor":5,"key":"FearPotion"},{"floor":6,"key":"Ancient Potion"},{"floor":11,"key":"Explosive Potion"}],"is_trial":false,"path_per_floor":["M","M","?","M","M","E","R","M","T","R","M","?","E","$","R","B"],"character_chosen":"IRONCLAD","items_purchased":["Feel No Pain","Shrug It Off","BloodPotion"],"campfire_rested":1,"item_purchase_floors":[14,14,14],"current_hp_per_floor":[68,68,68,66,45,17,17,16,16,16,18,18,8,8,28,0],"gold":126,"neow_bonus":"TWO_FIFTY_GOLD","is_prod":false,"is_daily":false,"chose_seed":false,"campfire_upgraded":2,"win_rate":0,"timestamp":1556530760,"path_taken":["M","?","?","M","M","E","R","M","T","R","M","?","E","$","R","BOSS"],"build_version":"2019-01-23","purchased_purges":1,"victory":false,"max_hp_per_floor":[68,68,68,68,68,68,68,68,68,68,68,68,68,68,68,68],"card_choices":[{"not_picked":["Perfected Strike","Entrench"],"picked":"Anger","floor":1},{"not_picked":["Twin Strike","Sword Boomerang"],"picked":"Combust","floor":2},{"not_picked":["Wild Strike","Thunderclap"],"picked":"Battle Trance","floor":4},{"not_picked":["Havoc","Flex","Entrench"],"picked":"SKIP","floor":5},{"not_picked":["Anger","Perfected Strike"],"picked":"Impervious","floor":6},{"not_picked":["Pommel Strike","Limit Break"],"picked":"Shrug It Off","floor":8},{"not_picked":["Wild Strike","Heavy Blade","Flex"],"picked":"SKIP","floor":11},{"not_picked":["Wild Strike","Intimidate","Perfected Strike"],"picked":"SKIP","floor":13}],"player_experience":2081588,"relics_obtained":[{"floor":6,"key":"Ornamental Fan"},{"floor":9,"key":"Bottled Tornado"},{"floor":13,"key":"Incense Burner"}],"event_choices":[{"cards_removed":["Strike_R"],"damage_healed":0,"gold_gain":0,"player_choice":"Card Removal","damage_taken":0,"max_hp_gain":0,"max_hp_loss":0,"event_name":"The Cleric","floor":3,"gold_loss":75},{"damage_healed":0,"gold_gain":0,"cards_transformed":["Strike_R"],"player_choice":"Transformed","damage_taken":0,"max_hp_gain":0,"max_hp_loss":0,"event_name":"Transmorgrifier","floor":12,"gold_loss":0,"cards_obtained":["Clash"]}],"is_beta":false,"boss_relics":[],"items_purged_floors":[14],"is_endless":false,"potions_floor_spawned":[5,6,11],"killed_by":"The Guardian","ascension_level":20}