{"path_per_floor":["M","?","M","$","?","R","E","R","T","R","M","?","M","M","R","B",null,"M","?","?","?","?","R","E","M","T","M","R","M","?","M","R","B",null,"M","?","$","M","?","R","?","R","T","R","M","E","M","M","R"],"character_chosen":"THE_SILENT","items_purchased":["Caltrops","Dash","Du-Vu Doll","Footwork"],"gold_per_floor":[110,110,130,23,23,23,56,56,56,56,70,70,81,91,91,167,167,183,98,98,98,98,98,132,149,149,163,163,175,225,243,243,320,320,340,340,0,18,18,18,18,18,43,43,56,90,101,115,115,115],"floor_reached":50,"campfire_rested":1,"playtime":1595,"item_purchase_floors":[4,4,37,37],"current_hp_per_floor":[59,59,59,59,59,59,31,31,38,38,38,38,37,46,46,47,67,52,52,31,31,31,31,29,36,36,37,37,36,36,35,35,32,46,48,48,48,51,41,41,51,51,51,51,51,37,35,34,49,0],"items_purged":[],"gold":115,"score":1233,"play_id":"8242edb4-1ff7-44d4-a884-e337ae8864d2","local_time":"20180620133443","is_prod":false,"is_daily":false,"chose_seed":false,"is_ascension_mode":true,"campfire_upgraded":9,"win_rate":0,"timestamp":1529526883,"campfire_choices":[{"data":"Neutralize","floor":6,"key":"SMITH"},{"data":"Tools of the Trade","floor":8,"key":"SMITH"},{"data":"Caltrops","floor":10,"key":"SMITH"},{"data":"Noxious Fumes","floor":15,"key":"SMITH"},{"data":"Glass Knife","floor":23,"key":"SMITH"},{"data":"Footwork","floor":28,"key":"SMITH"},{"data":"Noxious Fumes","floor":32,"key":"SMITH"},{"data":"Footwork","floor":40,"key":"SMITH"},{"data":"Panache","floor":42,"key":"SMITH"},{"data":"1","floor":44,"key":"LIFT"},{"floor":49,"key":"REST"}],"path_taken":["M","?","M","$","?","R","E","R","T","R","M","?","M","M","R","BOSS","M","?","?","?","?","R","E","M","T","?","R","M","?","M","R","BOSS","M","?","$","M","?","R","?","R","T","R","M","E","M","?","R","BOSS"],"build_version":"2018-06-19v2","seed_source_timestamp":142957365227175,"purchased_purges":0,"circlet_count":0,"victory":false,"master_deck":["Defend_G","Defend_G","Defend_G","Defend_G","Defend_G","Survivor","Neutralize+1","AscendersBane","Noxious Fumes+1","Quick Slash","Caltrops+1","Dash","Tools of the Trade+1","Well Laid Plans","Glass Knife+1","Necronomicurse","Underhanded Strike","Bite","Bite","Bite","Bite","Bite","Footwork+1","Dagger Spray","Noxious Fumes+1","After Image","Footwork+1","Panache+1","Mind Blast"],"max_hp_per_floor":[66,66,66,66,66,66,66,66,73,73,73,73,73,73,73,73,73,73,73,73,73,51,51,51,51,51,51,51,51,51,51,51,51,51,51,51,51,51,51,51,51,51,51,51,51,51,51,51,51,51],"special_seed":0,"relics":["Ring of the Snake","Meat on the Bone","Strawberry","Sozu","Shuriken","Necronomicon","Dodecahedron","Gremlin Horn","Busted Crown","Du-Vu Doll","Girya","Bronze Scales","Potion Belt"],"card_choices":[{"not_picked":["Underhanded Strike","Bouncing Flask","Dodge and Roll"],"picked":"SKIP","floor":1.0},{"not_picked":["Concentrate","Setup"],"picked":"Quick Slash","floor":3.0},{"not_picked":["Bane","Slice"],"picked":"Tools of the Trade","floor":7},{"not_picked":["Deadly Poison","Slice","Poisoned Stab"],"picked":"SKIP","floor":11},{"not_picked":["Sucker Punch","Finisher"],"picked":"Well Laid Plans","floor":13},{"not_picked":["Prepared","Deflect","Outmaneuver"],"picked":"SKIP","floor":14},{"not_picked":["Storm of Steel","Burst"],"picked":"Glass Knife","floor":16},{"not_picked":["Flechettes","Eviscerate","Deadly Poison+1"],"picked":"SKIP","floor":18},{"not_picked":["Quick Slash","Deadly Poison"],"picked":"Footwork","floor":24},{"not_picked":["Glass Knife","Dagger Throw"],"picked":"Dagger Spray","floor":25},{"not_picked":["Outmaneuver+1","Slice+1"],"picked":"Noxious Fumes","floor":27},{"not_picked":["Dodge and Roll","Deflect","Riddle With Holes+1"],"picked":"SKIP","floor":29},{"not_picked":["Dagger Throw","Accuracy","Distraction"],"picked":"SKIP","floor":31},{"not_picked":["Corpse Explosion","A Thousand Cuts"],"picked":"After Image","floor":33},{"not_picked":["Poisoned Stab"],"picked":"SKIP","floor":35},{"not_picked":["Setup"],"picked":"SKIP","floor":38},{"not_picked":[],"picked":"Panache","floor":39},{"not_picked":[],"picked":"Mind Blast","floor":39},{"not_picked":["Flying Knee"],"picked":"SKIP","floor":45},{"not_picked":["Flying Knee"],"picked":"SKIP","floor":46},{"not_picked":["Slice"],"picked":"SKIP","floor":47},{"not_picked":["PiercingWail"],"picked":"SKIP","floor":48}],"player_experience":666953,"potions_floor_usage":[41,50],"damage_taken":[{"damage":0.0,"enemies":"Jaw Worm","floor":1.0,"turns":7.0},{"damage":0.0,"enemies":"Cultist","floor":3.0,"turns":4.0},{"damage":28,"enemies":"Gremlin Nob","floor":7,"turns":5},{"damage":0,"enemies":"2 Louse","floor":11,"turns":2},{"damage":1,"enemies":"Red Slaver","floor":13,"turns":4},{"damage":3,"enemies":"Looter","floor":14,"turns":4},{"damage":11,"enemies":"Hexaghost","floor":16,"turns":9},{"damage":15,"enemies":"3 Byrds","floor":18,"turns":4},{"damage":34,"enemies":"Gremlin Leader","floor":24,"turns":8},{"damage":9,"enemies":"Shell Parasite","floor":25,"turns":5},{"damage":13,"enemies":"Centurion and Healer","floor":27,"turns":7},{"damage":21,"enemies":"Snake Plant","floor":29,"turns":4},{"damage":21,"enemies":"Snecko","floor":31,"turns":4},{"damage":21,"enemies":"Automaton","floor":33,"turns":9},{"damage":6,"enemies":"Orb Walker","floor":35,"turns":5},{"damage":0,"enemies":"Flame Bruiser 1 Orb","floor":38,"turns":5},{"damage":0,"floor":41,"turns":6},{"damage":0,"enemies":"Sphere and 2 Shapes","floor":45,"turns":3},{"damage":24,"enemies":"Giant Head","floor":46,"turns":8},{"damage":24,"enemies":"Spire Growth","floor":47,"turns":4},{"damage":7,"enemies":"3 Darklings","floor":48,"turns":3},{"damage":75,"enemies":"Awakened One","floor":50,"turns":11}],"relics_obtained":[{"floor":7,"key":"Meat on the Bone"},{"floor":9,"key":"Strawberry"},{"floor":20,"key":"Necronomicon"},{"floor":24,"key":"Dodecahedron"},{"floor":26,"key":"Gremlin Horn"},{"floor":41,"key":"Girya"},{"floor":43,"key":"Bronze Scales"},{"floor":46,"key":"Potion Belt"}],"event_choices":[{"event_name":"Match and Keep!","player_choice":"1 cards matched","floor":2.0,"damage_taken":0.0},{"event_name":"Bonfire Elementals","player_choice":"BASIC","floor":5,"damage_taken":0},{"event_name":"Liars Game","player_choice":"disagreed","floor":12,"damage_taken":0},{"event_name":"Addict","player_choice":"Obtained Relic","floor":19,"damage_taken":0},{"event_name":"Cursed Tome","player_choice":"Obtained Book","floor":20,"damage_taken":0},{"event_name":"The Library","player_choice":"Read","floor":21,"damage_taken":0},{"event_name":"Vampires","player_choice":"Became a vampire","floor":22,"damage_taken":0},{"event_name":"Nest","player_choice":"Stole From Cult","floor":30,"damage_taken":0},{"event_name":"The Lab","player_choice":"Got Potions","floor":36,"damage_taken":0},{"event_name":"SensoryStone","player_choice":"Memory 3","floor":39,"damage_taken":0},{"event_name":"MindBloom","player_choice":"Fight","floor":41,"damage_taken":0}],"boss_relics":[{"not_picked":["Orrery","Ectoplasm"],"picked":"Sozu"},{"not_picked":["Astrolabe","Calling Bell"],"picked":"Busted Crown"}],"items_purged_floors":[],"is_endless":true,"potions_floor_spawned":[7,13,18,25,27,33,46,47,48],"seed_played":"5535509885844514592","killed_by":"Awakened One","ascension_level":15,"potions_obtained":[{"floor":7,"key":"Strength Potion"},{"floor":13,"key":"Weak Potion"}],"is_trial":false}