{"gold_per_floor":[109,125,136,150,87,116,116,132,132,146,146,179,179,198,198,269,269,269,269,269,48,48,48,48,48,48,48,48,48,48,48,48,48],"floor_reached":33,"playtime":1777,"items_purged":[],"score":594,"play_id":"e9ee759e-e3ff-47a5-bec3-3d9671fe45b4","local_time":"20190502025052","is_ascension_mode":true,"campfire_choices":[{"data":"Carnage","floor":7,"key":"SMITH"},{"floor":11,"key":"REST"},{"data":"Uppercut","floor":13,"key":"SMITH"},{"data":"Shockwave","floor":15,"key":"SMITH"},{"data":"Immolate","floor":23,"key":"SMITH"},{"data":"Inflame","floor":25,"key":"SMITH"},{"floor":28,"key":"REST"},{"data":"Bash","floor":30,"key":"SMITH"},{"data":"Disarm","floor":32,"key":"SMITH"}],"neow_cost":"NONE","seed_source_timestamp":808289053380760,"circlet_count":0,"master_deck":["AscendersBane","Strike_R","Strike_R","Strike_R","Strike_R","Strike_R","Defend_R","Defend_R","Defend_R","Defend_R","Bash+1","Cleave","Metallicize","Shockwave+1","Carnage+1","Disarm+1","Uppercut+1","Inflame+1","Immolate+1","Clothesline","Evolve+1","Reaper","Reaper"],"relics":["Burning Blood","Self Forming Clay","Pen Nib","Bottled Flame","Ginger","Ectoplasm","OrangePellets","Turnip","Darkstone Periapt","Bag of Preparation"],"potions_floor_usage":[4,8,10,20,24,33,33],"damage_taken":[{"damage":18,"enemies":"Jaw Worm","floor":1,"turns":6},{"damage":1,"enemies":"Cultist","floor":2,"turns":3},{"damage":5,"enemies":"Small Slimes","floor":3,"turns":4},{"damage":30,"enemies":"Gremlin Gang","floor":4,"turns":4},{"damage":33,"enemies":"Lagavulin","floor":6,"turns":7},{"damage":7,"enemies":"Large Slime","floor":8,"turns":5},{"damage":16,"enemies":"Exordium Thugs","floor":10,"turns":4},{"damage":15,"enemies":"Gremlin Nob","floor":12,"turns":4},{"damage":6,"enemies":"3 Louse","floor":14,"turns":4},{"damage":16,"enemies":"Hexaghost","floor":16,"turns":8},{"damage":11,"enemies":"3 Byrds","floor":18,"turns":6},{"damage":24,"enemies":"Spheric Guardian","floor":19,"turns":4},{"damage":6,"enemies":"3 Cultists","floor":20,"turns":3},{"damage":6,"enemies":"Centurion and Healer","floor":22,"turns":7},{"damage":24,"enemies":"Gremlin Leader","floor":24,"turns":5},{"damage":33,"enemies":"Book of Stabbing","floor":29,"turns":5},{"damage":70,"enemies":"Champ","floor":33,"turns":10}],"seed_played":"-3649965167509961263","potions_obtained":[{"floor":3,"key":"Block Potion"},{"floor":6,"key":"SteroidPotion"},{"floor":8,"key":"SkillPotion"},{"floor":14,"key":"Fruit Juice"},{"floor":19,"key":"AttackPotion"},{"floor":20,"key":"GamblersBrew"},{"floor":29,"key":"AttackPotion"}],"is_trial":false,"path_per_floor":["M","M","M","M","?","E","R","M","T","M","R","E","R","M","R","B",null,"M","M","M","$","M","R","E","R","T","?","R","E","R","$","R","B"],"character_chosen":"IRONCLAD","items_purchased":["OrangePellets"],"campfire_rested":2,"item_purchase_floors":[21],"current_hp_per_floor":[63,68,69,45,45,18,18,17,17,7,31,22,22,22,22,12,65,60,42,42,42,42,42,37,37,37,37,61,34,34,34,34,0],"gold":48,"neow_bonus":"TEN_PERCENT_HP_BONUS","is_prod":false,"is_daily":false,"chose_seed":false,"campfire_upgraded":7,"win_rate":0,"timestamp":1556779852,"path_taken":["M","M","M","M","?","E","R","?","T","M","R","E","R","M","R","BOSS","M","M","?","$","M","R","E","R","T","?","R","E","R","?","R","BOSS"],"build_version":"2019-01-23","purchased_purges":0,"victory":false,"max_hp_per_floor":[82,82,82,82,82,82,82,82,82,82,82,82,82,82,82,82,82,82,82,82,82,82,82,82,82,82,82,82,82,82,82,82,87],"card_choices":[{"not_picked":["Sword Boomerang","Seeing Red"],"picked":"Cleave","floor":1},{"not_picked":["Twin Strike","Dual Wield"],"picked":"Metallicize","floor":2},{"not_picked":["Sword Boomerang","Armaments"],"picked":"Shockwave","floor":3},{"not_picked":["Disarm","Cleave"],"picked":"Carnage","floor":4},{"not_picked":["Second Wind","Barricade"],"picked":"Disarm","floor":6},{"not_picked":["Iron Wave","Anger"],"picked":"Uppercut","floor":8},{"not_picked":["Heavy Blade","Flex","Perfected Strike"],"picked":"SKIP","floor":10},{"not_picked":["Perfected Strike","Metallicize"],"picked":"Inflame","floor":12},{"not_picked":["Bloodletting","Iron Wave","Carnage"],"picked":"SKIP","floor":14},{"not_picked":["Demon Form","Berserk"],"picked":"Immolate","floor":16},{"not_picked":["Body Slam","True Grit"],"picked":"Clothesline","floor":18},{"not_picked":["Second Wind","Warcry"],"picked":"Evolve+1","floor":19},{"not_picked":["Combust","Metallicize","Clothesline"],"picked":"SKIP","floor":20},{"not_picked":["Thunderclap","Sentinel+1"],"picked":"Reaper","floor":22},{"not_picked":["Clothesline","Entrench","Intimidate"],"picked":"SKIP","floor":24},{"not_picked":["Immolate","Sever Soul"],"picked":"Reaper","floor":29}],"player_experience":2221278,"relics_obtained":[{"floor":6,"key":"Pen Nib"},{"floor":9,"key":"Bottled Flame"},{"floor":12,"key":"Ginger"},{"floor":24,"key":"Turnip"},{"floor":26,"key":"Darkstone Periapt"},{"floor":29,"key":"Bag of Preparation"}],"event_choices":[{"damage_healed":0,"gold_gain":0,"player_choice":"Paid Gold","damage_taken":0,"relics_obtained":["Self Forming Clay"],"max_hp_gain":0,"max_hp_loss":0,"event_name":"WeMeetAgain","floor":5,"gold_loss":63},{"damage_healed":0,"gold_gain":0,"player_choice":"Leave","damage_taken":0,"max_hp_gain":0,"max_hp_loss":0,"event_name":"FaceTrader","floor":27,"gold_loss":0}],"is_beta":false,"boss_relics":[{"not_picked":["Black Blood","Tiny House"],"picked":"Ectoplasm"}],"items_purged_floors":[],"is_endless":false,"potions_floor_spawned":[3,6,8,14,19,20,29],"killed_by":"Champ","ascension_level":20}