{"gold_per_floor":[118,118,38,50,50,85,85,96,96,96,114,114,114,64,64,168,168,178,197,41,221,235,235,254,254,254,254,279,279,293,304,304,304],"floor_reached":33,"playtime":1344,"items_purged":["Strike_G"],"score":334,"play_id":"07316763-f8d8-4eb2-a999-5c50efe0644d","local_time":"20190504202520","is_ascension_mode":true,"campfire_choices":[{"data":"Caltrops","floor":7,"key":"SMITH"},{"data":"Blade Dance","floor":10,"key":"SMITH"},{"data":"Caltrops","floor":13,"key":"SMITH"},{"floor":15,"key":"REST"},{"data":"Accuracy","floor":23,"key":"SMITH"},{"data":"Accuracy","floor":25,"key":"SMITH"},{"floor":27,"key":"REST"},{"floor":32,"key":"REST"}],"neow_cost":"NONE","seed_source_timestamp":725859740843641,"circlet_count":0,"master_deck":["Defend_G","Defend_G","Defend_G","Defend_G","Strike_G","Strike_G","Strike_G","Strike_G","Survivor","Neutralize","Dodge and Roll+1","Caltrops+1","Blade Dance+1","Deflect","Caltrops+1","Cloak And Dagger","After Image","Accuracy+1","Accuracy+1"],"relics":["Ring of the Snake","NeowsBlessing","Ninja Scroll","Bag of Marbles","Thread and Needle","Eternal Feather","Unceasing Top","Potion Belt","Nilry\u0027s Codex"],"potions_floor_usage":[28,33,33],"damage_taken":[{"damage":0,"enemies":"Small Slimes","floor":1,"turns":1},{"damage":0,"enemies":"Cultist","floor":4,"turns":1},{"damage":0,"enemies":"Gremlin Nob","floor":6,"turns":1},{"damage":8,"enemies":"2 Louse","floor":8,"turns":2},{"damage":2,"enemies":"Large Slime","floor":11,"turns":5},{"damage":4,"enemies":"The Guardian","floor":16,"turns":10},{"damage":4,"enemies":"Shell Parasite","floor":18,"turns":4},{"damage":0,"enemies":"3 Byrds","floor":19,"turns":3},{"damage":18,"enemies":"Centurion and Healer","floor":22,"turns":8},{"damage":8,"enemies":"3 Cultists","floor":24,"turns":7},{"damage":6,"enemies":"Slavers","floor":28,"turns":4},{"damage":11,"enemies":"Snake Plant","floor":30,"turns":5},{"damage":7,"enemies":"Cultist and Chosen","floor":31,"turns":6},{"damage":68,"enemies":"Collector","floor":33,"turns":7}],"seed_played":"-7650946142475189339","potions_obtained":[{"floor":4,"key":"AttackPotion"},{"floor":18,"key":"LiquidBronze"},{"floor":30,"key":"Swift Potion"}],"is_trial":false,"path_per_floor":["M","?","$","M","?","E","R","M","T","R","M","?","R","$","R","B",null,"M","M","$","?","M","R","M","R","T","R","E","?","M","M","R","B"],"character_chosen":"THE_SILENT","items_purchased":["Caltrops","Cloak And Dagger","Accuracy"],"campfire_rested":3,"item_purchase_floors":[3,14,20],"current_hp_per_floor":[70,70,70,70,63,63,63,55,55,55,53,35,35,35,56,52,70,66,66,66,45,27,36,28,37,37,67,61,45,34,27,57,0],"gold":304,"neow_bonus":"THREE_ENEMY_KILL","is_prod":false,"is_daily":false,"chose_seed":false,"campfire_upgraded":5,"win_rate":0,"timestamp":1557015920,"path_taken":["M","?","$","?","?","E","R","M","T","R","M","?","R","$","R","BOSS","M","M","$","?","?","R","M","R","T","R","E","?","M","M","R","BOSS"],"build_version":"2019-01-23","purchased_purges":1,"victory":false,"max_hp_per_floor":[70,70,70,70,70,70,70,70,70,70,70,70,70,70,70,70,70,70,70,70,70,70,70,70,70,70,70,70,70,70,70,70,70],"card_choices":[{"not_picked":["Slice","Quick Slash"],"picked":"Dodge and Roll","floor":1},{"not_picked":["Quick Slash","Underhanded Strike"],"picked":"Blade Dance","floor":4},{"not_picked":["Underhanded Strike","Eviscerate","Flying Knee"],"picked":"SKIP","floor":6},{"not_picked":["Dagger Throw","Outmaneuver"],"picked":"Deflect","floor":8},{"not_picked":["Bane","Backflip"],"picked":"Caltrops","floor":11},{"not_picked":["Night Terror","Tools of the Trade"],"picked":"After Image","floor":16},{"not_picked":["Underhanded Strike","Dodge and Roll+1"],"picked":"Accuracy","floor":18},{"not_picked":["Deadly Poison","Noxious Fumes","Backflip"],"picked":"SKIP","floor":19},{"not_picked":["Underhanded Strike","Heel Hook+1","Predator+1"],"picked":"SKIP","floor":22},{"not_picked":["Dagger Spray","Leg Sweep","Well Laid Plans"],"picked":"SKIP","floor":24},{"not_picked":["Dodge and Roll","Skewer","Calculated Gamble"],"picked":"SKIP","floor":28},{"not_picked":["Acrobatics","Underhanded Strike+1","Deflect+1"],"picked":"SKIP","floor":30},{"not_picked":["Poisoned Stab","Bullet Time","Acrobatics"],"picked":"SKIP","floor":31}],"player_experience":947542,"relics_obtained":[{"floor":6,"key":"Ninja Scroll"},{"floor":9,"key":"Bag of Marbles"},{"floor":26,"key":"Unceasing Top"},{"floor":28,"key":"Potion Belt"},{"floor":29,"key":"Nilry\u0027s Codex"}],"event_choices":[{"damage_healed":0,"gold_gain":0,"player_choice":"Forge","damage_taken":0,"max_hp_gain":0,"max_hp_loss":0,"event_name":"Accursed Blacksmith","floor":2,"gold_loss":0,"cards_upgraded":["Dodge and Roll"]},{"cards_removed":["Defend_G"],"damage_healed":0,"gold_gain":0,"player_choice":"Card Removal","damage_taken":7,"max_hp_gain":0,"max_hp_loss":0,"event_name":"Golden Wing","floor":5,"gold_loss":0},{"damage_healed":0,"gold_gain":0,"player_choice":"Success","damage_taken":18,"relics_obtained":["Thread and Needle"],"max_hp_gain":0,"max_hp_loss":0,"event_name":"Scrap Ooze","floor":12,"gold_loss":0},{"damage_healed":0,"gold_gain":180,"player_choice":"GOLD GOLD ","damage_taken":21,"max_hp_gain":0,"max_hp_loss":0,"event_name":"Knowing Skull","floor":21,"potions_obtained":[],"gold_loss":0,"cards_obtained":[]},{"damage_healed":0,"gold_gain":0,"player_choice":"Obtained Book","damage_taken":16,"max_hp_gain":0,"max_hp_loss":0,"event_name":"Cursed Tome","floor":29,"gold_loss":0}],"is_beta":false,"boss_relics":[{"not_picked":["Empty Cage","White Beast Statue"],"picked":"Eternal Feather"}],"items_purged_floors":[20],"is_endless":false,"potions_floor_spawned":[4,18,30],"killed_by":"Collector","ascension_level":3}