{"path_per_floor":["M","?","M","M","M","E","R","E","T","M","?","$","M","M","R"],"character_chosen":"IRONCLAD","items_purchased":["Molten Egg 2"],"gold_per_floor":[113,113,124,141,153,182,182,207,207,220,370,37,57,67,67,67],"floor_reached":16,"campfire_rested":0,"playtime":580,"current_hp_per_floor":[81,76,75,81,70,46,46,35,35,30,30,30,36,42,42,0],"items_purged":["Doubt"],"gold":67,"score":200,"play_id":"e1f797ff-3387-4af4-b5bb-d573a8ea333b","local_time":"20180415132040","is_prod":false,"is_daily":false,"chose_seed":false,"is_ascension_mode":true,"campfire_upgraded":2,"timestamp":1523812840,"path_taken":["M","?","M","M","M","E","R","E","T","M","?","$","M","M","R","BOSS"],"build_version":"2018-04-12","seed_source_timestamp":229440657828604,"purchased_purges":1,"victory":false,"master_deck":["Strike_R","Strike_R","Strike_R","Strike_R","Strike_R","Defend_R","Defend_R","Defend_R","Defend_R","Bash","AscendersBane","Wild Strike+1","Anger+1","Headbutt","Pommel Strike","Evolve","Feel No Pain","Double Tap"],"max_hp_per_floor":[82,82,82,82,82,82,82,82,82,82,82,82,82,82,82,82],"relics":["Burning Blood","Strawberry","Charon\u0027s Ashes","Ornamental Fan","Art of War","Question Card","Molten Egg 2"],"card_choices":[{"not_picked":["Cleave","Headbutt"],"picked":"Wild Strike","floor":1},{"not_picked":["Cleave","Armaments"],"picked":"Anger","floor":3},{"not_picked":["Warcry","Whirlwind"],"picked":"Headbutt","floor":4},{"not_picked":["Bloodletting","Immolate"],"picked":"Pommel Strike","floor":6},{"not_picked":["Pommel Strike","Metallicize"],"picked":"Evolve","floor":8},{"not_picked":["Flame Barrier","Headbutt","Rampage"],"picked":"Feel No Pain","floor":13},{"not_picked":["Disarm","Searing Blow","Armaments"],"picked":"Double Tap","floor":14}],"player_experience":879187,"potions_floor_usage":[14,14,16],"damage_taken":[{"damage":0,"enemies":"Small Slimes","floor":1,"turns":3},{"damage":7,"enemies":"2 Louse","floor":3,"turns":3},{"damage":0,"enemies":"Cultist","floor":4,"turns":3},{"damage":17,"enemies":"Looter","floor":5,"turns":3},{"damage":30,"enemies":"3 Sentries","floor":6,"turns":7},{"damage":17,"enemies":"Gremlin Nob","floor":8,"turns":4},{"damage":11,"enemies":"Blue Slaver","floor":10,"turns":4},{"damage":0,"enemies":"2 Fungi Beasts","floor":13,"turns":2},{"damage":0,"enemies":"Lots of Slimes","floor":14,"turns":3},{"damage":45,"enemies":"The Guardian","floor":16,"turns":9}],"event_choices":[{"event_name":"Scrap Ooze","player_choice":"success","floor":2,"damage_taken":5},{"event_name":"Liars Game","player_choice":"agreed","floor":11,"damage_taken":0}],"boss_relics":[],"potions_floor_spawned":[1,10,13,14],"seed_played":"-3514325579532456317","killed_by":"The Guardian","ascension_level":15,"is_trial":false}