{"gold_per_floor":[110,130,150,150,163,163,163,195,243,243,243],"floor_reached":11,"playtime":437,"items_purged":[],"score":146,"play_id":"ac59df88-798b-444e-a86a-4cdf782e7efc","local_time":"20190408222741","is_ascension_mode":true,"campfire_choices":[{"data":"Noxious Fumes","floor":6,"key":"SMITH"},{"floor":10,"key":"REST"}],"neow_cost":"NONE","seed_source_timestamp":648992699840737,"circlet_count":0,"master_deck":["AscendersBane","Defend_G+1","Defend_G","Defend_G+1","Defend_G","Defend_G","Strike_G","Strike_G","Strike_G","Strike_G","Survivor","Neutralize+1","Cloak And Dagger","Noxious Fumes+1","PiercingWail"],"relics":["Ring of the Snake","Molten Egg 2","Smiling Mask"],"potions_floor_usage":[5,8],"damage_taken":[{"damage":3,"enemies":"Small Slimes","floor":1,"turns":5},{"damage":2,"enemies":"2 Louse","floor":2,"turns":3},{"damage":4,"enemies":"Jaw Worm","floor":3,"turns":5},{"damage":0,"enemies":"3 Louse","floor":5,"turns":1},{"damage":20,"enemies":"3 Sentries","floor":8,"turns":8},{"damage":22,"enemies":"Gremlin Nob","floor":11,"turns":3}],"seed_played":"-8845850546554305234","potions_obtained":[{"floor":2,"key":"GhostInAJar"},{"floor":3,"key":"Explosive Potion"}],"is_trial":false,"path_per_floor":["M","M","M","?","M","R","?","E","T","R","E"],"character_chosen":"THE_SILENT","items_purchased":[],"campfire_rested":1,"item_purchase_floors":[],"current_hp_per_floor":[56,54,50,43,43,43,23,3,3,22,0],"gold":243,"neow_bonus":"UPGRADE_CARD","is_prod":false,"is_daily":false,"chose_seed":false,"campfire_upgraded":1,"win_rate":0,"timestamp":1554776861,"path_taken":["M","M","M","?","M","R","?","E","T","R","E"],"build_version":"2019-01-23","purchased_purges":0,"victory":false,"max_hp_per_floor":[66,66,66,66,66,66,66,66,66,66,66],"card_choices":[{"not_picked":["Poisoned Stab","Dagger Throw"],"picked":"Cloak And Dagger","floor":1},{"not_picked":["Blade Dance","Dagger Throw"],"picked":"Noxious Fumes","floor":2},{"not_picked":["Quick Slash","Expertise"],"picked":"PiercingWail","floor":3},{"not_picked":["Outmaneuver","Finisher","Expertise"],"picked":"SKIP","floor":5},{"not_picked":["Bane","Infinite Blades","Poisoned Stab"],"picked":"SKIP","floor":8}],"player_experience":1754232,"relics_obtained":[{"floor":8,"key":"Molten Egg 2"},{"floor":9,"key":"Smiling Mask"}],"event_choices":[{"cards_removed":["Strike_G"],"damage_healed":0,"gold_gain":0,"player_choice":"Card Removal","damage_taken":7,"max_hp_gain":0,"max_hp_loss":0,"event_name":"Golden Wing","floor":4,"gold_loss":0},{"damage_healed":0,"gold_gain":0,"player_choice":"Entered Light","damage_taken":20,"max_hp_gain":0,"max_hp_loss":0,"event_name":"Shining Light","floor":7,"gold_loss":0,"cards_upgraded":["Defend_G","Defend_G"]}],"is_beta":false,"boss_relics":[],"items_purged_floors":[],"is_endless":false,"potions_floor_spawned":[2,3],"killed_by":"Gremlin Nob","ascension_level":20}