{"gold_per_floor":[215,215,234,94,111,136,136,147,172,172,182,182,147,162,162,241,241,255,273,323,238,238],"floor_reached":22,"playtime":1029,"items_purged":[],"score":472,"play_id":"647a34fb-f955-4ce4-b4c8-4fe72147f1b7","local_time":"20190408140803","is_ascension_mode":true,"campfire_choices":[{"data":"Infinite Blades","floor":7,"key":"SMITH"},{"data":"Cloak And Dagger","floor":10,"key":"SMITH"},{"data":"Envenom","floor":12,"key":"SMITH"},{"data":"Cloak And Dagger","floor":15,"key":"SMITH"}],"neow_cost":"NONE","seed_source_timestamp":618419443171270,"circlet_count":0,"master_deck":["AscendersBane","Defend_G","Defend_G","Defend_G","Defend_G","Defend_G","Strike_G","Strike_G","Strike_G","Strike_G","Strike_G","Survivor","Neutralize","Cloak And Dagger+1","Envenom+1","Riddle With Holes","Infinite Blades+1","PiercingWail","Bane","Backstab","Cloak And Dagger+1","Dagger Spray","Calculated Gamble","Adrenaline","Well Laid Plans","Leg Sweep"],"relics":["Ring of the Snake","Art of War","Sozu","Dream Catcher"],"potions_floor_usage":[6,16,16],"damage_taken":[{"damage":7,"enemies":"Small Slimes","floor":1,"turns":6},{"damage":1,"enemies":"Cultist","floor":3,"turns":5},{"damage":1,"enemies":"2 Louse","floor":5,"turns":3},{"damage":24,"enemies":"3 Sentries","floor":6,"turns":9},{"damage":3,"enemies":"Large Slime","floor":8,"turns":6},{"damage":1,"enemies":"Looter","floor":11,"turns":4},{"damage":8,"enemies":"2 Fungi Beasts","floor":14,"turns":3},{"damage":0,"enemies":"Slime Boss","floor":16,"turns":5},{"damage":15,"enemies":"Shell Parasite","floor":18,"turns":5},{"damage":19,"enemies":"Spheric Guardian","floor":19,"turns":4},{"damage":23,"enemies":"Snake Plant","floor":22,"turns":4}],"seed_played":"-3578112832566324082","potions_obtained":[{"floor":3,"key":"Poison Potion"},{"floor":5,"key":"AttackPotion"},{"floor":6,"key":"Strength Potion"}],"is_trial":false,"path_per_floor":["M","?","M","$","M","E","R","M","T","R","M","R","?","M","R","B",null,"M","M","?","?","M"],"character_chosen":"THE_SILENT","items_purchased":["Infinite Blades","PiercingWail"],"campfire_rested":0,"item_purchase_floors":[4,4],"current_hp_per_floor":[52,52,51,51,50,26,26,23,23,23,22,22,38,30,30,30,57,42,23,23,23,0],"gold":238,"neow_bonus":"HUNDRED_GOLD","is_prod":false,"is_daily":false,"chose_seed":false,"campfire_upgraded":4,"win_rate":0,"timestamp":1554746883,"path_taken":["M","?","M","$","?","E","R","M","T","R","M","R","?","M","R","BOSS","M","M","?","?","M"],"build_version":"2019-01-23","purchased_purges":0,"victory":false,"max_hp_per_floor":[66,66,66,66,66,66,66,66,66,66,66,66,66,66,66,66,66,66,66,66,66,66],"card_choices":[{"not_picked":["Dodge and Roll","Underhanded Strike"],"picked":"Cloak And Dagger","floor":1},{"not_picked":["Flying Knee","Venomology"],"picked":"Riddle With Holes","floor":3},{"not_picked":["Infinite Blades","Dagger Throw"],"picked":"Bane","floor":5},{"not_picked":["Deflect","Slice"],"picked":"Backstab","floor":6},{"not_picked":["Deadly Poison","Skewer"],"picked":"Cloak And Dagger","floor":8},{"not_picked":["Flying Knee","Quick Slash"],"picked":"Dagger Spray","floor":11},{"not_picked":["Bane","Concentrate"],"picked":"Calculated Gamble","floor":14},{"not_picked":["Glass Knife","Storm of Steel"],"picked":"Adrenaline","floor":16},{"not_picked":["Quick Slash","Bane"],"picked":"Well Laid Plans","floor":18},{"not_picked":["Outmaneuver","Infinite Blades"],"picked":"Leg Sweep","floor":19}],"player_experience":1730956,"relics_obtained":[{"floor":6,"key":"Art of War"}],"event_choices":[{"damage_healed":0,"gold_gain":0,"player_choice":"1 cards matched","damage_taken":0,"max_hp_gain":0,"max_hp_loss":0,"event_name":"Match and Keep!","floor":2,"gold_loss":0,"cards_obtained":["Envenom"]},{"damage_healed":16,"gold_gain":0,"player_choice":"Healed","damage_taken":0,"max_hp_gain":0,"max_hp_loss":0,"event_name":"The Cleric","floor":13,"gold_loss":35},{"damage_healed":0,"gold_gain":50,"player_choice":"Stole From Cult","damage_taken":0,"max_hp_gain":0,"max_hp_loss":0,"event_name":"Nest","floor":20,"gold_loss":0},{"damage_healed":0,"gold_gain":0,"player_choice":"Obtained Relic","damage_taken":0,"relics_obtained":["Dream Catcher"],"max_hp_gain":0,"max_hp_loss":0,"event_name":"Addict","floor":21,"gold_loss":85}],"is_beta":false,"boss_relics":[{"not_picked":["Empty Cage","Lizard Tail"],"picked":"Sozu"}],"items_purged_floors":[],"is_endless":false,"potions_floor_spawned":[3,5,6,11,14,18],"killed_by":"Snake Plant","ascension_level":20}