{"gold_per_floor":[12,23,35,35,54,89,103,121,121,148,160,160,160,160,160,160],"floor_reached":16,"playtime":4138,"items_purged":[],"score":114,"play_id":"d572d9ee-304e-4255-8cfb-d7b1e5d328ed","local_time":"20181128122827","is_ascension_mode":false,"campfire_choices":[{"data":"Armaments","floor":12,"key":"SMITH"},{"floor":15,"key":"REST"}],"neow_cost":"NO_GOLD","seed_source_timestamp":0,"circlet_count":0,"master_deck":["Strike_R","Strike_R","Strike_R","Strike_R","Strike_R","Defend_R","Defend_R","Defend_R","Defend_R+1","Bash","Bludgeon","Flex","True Grit","Armaments","Decay","Flex","Armaments+1","Second Wind","Headbutt+1","Anger"],"special_seed":0,"relics":["Burning Blood","Regal Pillow","Shovel","Golden Idol"],"potions_floor_usage":[8,10,10,16],"damage_taken":[{"damage":7.0,"enemies":"2 Louse","floor":1.0,"turns":4.0},{"damage":1.0,"enemies":"Cultist","floor":2.0,"turns":3.0},{"damage":6.0,"enemies":"Jaw Worm","floor":3.0,"turns":2.0},{"damage":16.0,"enemies":"3 Louse","floor":5.0,"turns":5.0},{"damage":13.0,"enemies":"3 Sentries","floor":6.0,"turns":8.0},{"damage":14.0,"enemies":"Exordium Thugs","floor":7.0,"turns":6.0},{"damage":8,"enemies":"Lots of Slimes","floor":8,"turns":6},{"damage":32,"enemies":"Gremlin Nob","floor":10,"turns":4},{"damage":0,"enemies":"2 Fungi Beasts","floor":11,"turns":4},{"damage":59,"enemies":"Hexaghost","floor":16,"turns":10}],"seed_played":"2847874893375150234","potions_obtained":[{"floor":1.0,"key":"SkillPotion"},{"floor":5.0,"key":"EssenceOfSteel"},{"floor":6.0,"key":"EssenceOfSteel"},{"floor":7.0,"key":"Strength Potion"},{"floor":8,"key":"EssenceOfSteel"},{"floor":10,"key":"Strength Potion"}],"is_trial":false,"path_per_floor":["M","M","M","?","M","E","M","M","T","E","M","R","?","?","R","B"],"character_chosen":"IRONCLAD","items_purchased":[],"campfire_rested":1,"item_purchase_floors":[],"current_hp_per_floor":[79,80,80,80,70,63,55,53,53,27,33,33,17,17,54,0],"gold":160,"neow_bonus":"THREE_RARE_CARDS","is_prod":false,"is_daily":false,"chose_seed":false,"campfire_upgraded":1,"win_rate":0,"timestamp":1543426107,"path_taken":["M","M","M","?","?","E","M","M","T","E","M","R","?","?","R","BOSS"],"build_version":"2018-11-15","purchased_purges":0,"victory":false,"max_hp_per_floor":[80,80,80,80,80,80,80,80,80,80,80,80,80,74,74,74],"card_choices":[{"not_picked":["Impervious","Exhume"],"picked":"Bludgeon","floor":0.0},{"not_picked":["Infernal Blade","Rampage"],"picked":"Flex","floor":1.0},{"not_picked":["Pommel Strike","Clash"],"picked":"True Grit","floor":2.0},{"not_picked":["Rage","Havoc"],"picked":"Armaments","floor":3.0},{"not_picked":["Feel No Pain","Sword Boomerang"],"picked":"Flex","floor":5.0},{"not_picked":["Clash","Twin Strike"],"picked":"Armaments","floor":6.0},{"not_picked":["Shrug It Off","Burning Pact"],"picked":"Second Wind","floor":7.0},{"not_picked":["Bludgeon","Clash"],"picked":"Headbutt","floor":8},{"not_picked":["Warcry","Body Slam"],"picked":"Anger","floor":10},{"not_picked":["Wild Strike","Hemokinesis","Thunderclap"],"picked":"SKIP","floor":11}],"player_experience":394568,"relics_obtained":[{"floor":6.0,"key":"Regal Pillow"},{"floor":10,"key":"Shovel"}],"event_choices":[{"damage_healed":0.0,"max_hp_gain":0.0,"max_hp_loss":0.0,"gold_gain":0.0,"event_name":"Wheel of Change","player_choice":"Cursed","floor":4.0,"gold_loss":0.0,"damage_taken":0.0,"cards_obtained":["Decay"]},{"damage_healed":0,"gold_gain":0,"player_choice":"Entered Light","damage_taken":16,"max_hp_gain":0,"max_hp_loss":0,"event_name":"Shining Light","floor":13,"gold_loss":0,"cards_upgraded":["Headbutt","Defend_R"]},{"damage_healed":0,"gold_gain":0,"player_choice":"Lose Max HP","damage_taken":0,"relics_obtained":["Golden Idol"],"max_hp_gain":0,"max_hp_loss":6,"event_name":"Golden Idol","floor":14,"gold_loss":0}],"is_beta":false,"boss_relics":[],"items_purged_floors":[],"is_endless":false,"potions_floor_spawned":[1,5,6,7,8,10],"killed_by":"Hexaghost","ascension_level":0}