{"gold_per_floor":[365,379,379,397,397,422,432,466,466,466,500,515,515,548,548,624,624,639,119,139,52,52,52,82,82,82,82,93,93,106,106,106,180,180,200,214,226,226,40,66,66,66,148,148,180,199,199,211,211,211],"floor_reached":50,"playtime":4034,"items_purged":[],"score":1246,"play_id":"ceb7d4f3-0646-470a-8884-c6ac05a7e4ae","local_time":"20190430001539","is_ascension_mode":true,"campfire_choices":[{"data":"Streamline","floor":10,"key":"SMITH"},{"data":"Barrage","floor":13,"key":"SMITH"},{"data":"Conserve Battery","floor":15,"key":"SMITH"},{"data":"Turbo","floor":23,"key":"SMITH"},{"data":"Capacitor","floor":25,"key":"SMITH"},{"floor":27,"key":"REST"},{"data":"Ghostly","floor":32,"key":"SMITH"},{"data":"Ghostly","floor":41,"key":"SMITH"},{"data":"Ghostly","floor":44,"key":"SMITH"},{"floor":47,"key":"RECALL"},{"data":"Seek","floor":49,"key":"SMITH"}],"neow_cost":"TEN_PERCENT_HP_LOSS","seed_source_timestamp":623888052443750,"circlet_count":0,"master_deck":["AscendersBane","Defend_B","Defend_B","Defend_B","Defend_B","Zap+1","Dualcast","Cold Snap","Glacier","Barrage+1","Streamline+1","Glacier","Barrage+1","Conserve Battery+1","Seek+1","Turbo+1","Double Energy+1","Capacitor+1","Darkness","Ghostly+1","Ghostly+1","Ghostly+1","Cold Snap","Bite","Bite","Bite","Bite","Bite","Amplify","Stack","Coolheaded+1","Glacier"],"relics":["Cracked Core","Oddly Smooth Stone","Sundial","Bottled Lightning","Ice Cream","Omamori","Runic Pyramid","Matryoshka","Sling","Happy Flower","Bottled Flame","Gremlin Horn","Busted Crown","Anchor","Dream Catcher","Centennial Puzzle","The Courier","Question Card"],"potions_floor_usage":[6,8,11,45,45,50],"damage_taken":[{"damage":0,"enemies":"2 Louse","floor":1,"turns":3},{"damage":12,"enemies":"Jaw Worm","floor":2,"turns":3},{"damage":0,"enemies":"Cultist","floor":4,"turns":4},{"damage":8,"enemies":"Lagavulin","floor":6,"turns":7},{"damage":3,"enemies":"Looter","floor":7,"turns":3},{"damage":4,"enemies":"3 Sentries","floor":8,"turns":7},{"damage":9,"enemies":"Gremlin Nob","floor":11,"turns":3},{"damage":1,"enemies":"3 Louse","floor":12,"turns":2},{"damage":0,"enemies":"3 Sentries","floor":14,"turns":5},{"damage":23,"enemies":"The Guardian","floor":16,"turns":14},{"damage":0,"enemies":"Chosen","floor":18,"turns":5},{"damage":12,"enemies":"2 Thieves","floor":20,"turns":5},{"damage":23,"enemies":"Book of Stabbing","floor":24,"turns":5},{"damage":8,"enemies":"Chosen and Byrds","floor":28,"turns":5},{"damage":7,"enemies":"3 Cultists","floor":30,"turns":7},{"damage":6,"enemies":"Automaton","floor":33,"turns":13},{"damage":14,"enemies":"3 Shapes","floor":35,"turns":7},{"damage":2,"enemies":"3 Darklings","floor":36,"turns":8},{"damage":3,"enemies":"Writhing Mass","floor":37,"turns":10},{"damage":10,"enemies":"Nemesis","floor":40,"turns":7},{"damage":0,"enemies":"Giant Head","floor":45,"turns":7},{"damage":23,"enemies":"Spire Growth","floor":46,"turns":10},{"damage":0,"enemies":"4 Shapes","floor":48,"turns":6},{"damage":26,"enemies":"Time Eater","floor":50,"turns":3}],"seed_played":"-5686388409613233174","potions_obtained":[{"floor":1,"key":"Regen Potion"},{"floor":4,"key":"SteroidPotion"},{"floor":8,"key":"Swift Potion"},{"floor":12,"key":"Ancient Potion"},{"floor":30,"key":"SteroidPotion"},{"floor":46,"key":"Dexterity Potion"},{"floor":48,"key":"SkillPotion"}],"is_trial":false,"path_per_floor":["M","M","?","M","?","E","M","E","T","R","E","M","R","E","R","B",null,"M","$","M","$","?","R","E","R","T","R","M","?","M","?","R","B",null,"M","M","M","?","$","E","R","T","T","R","E","M","R","M","R","B"],"character_chosen":"DEFECT","items_purchased":["Matryoshka","Sling","Turbo","Capacitor","Anchor","Stack"],"campfire_rested":1,"item_purchase_floors":[19,19,19,21,39,39],"current_hp_per_floor":[64,52,52,52,52,59,56,52,52,52,43,42,42,42,42,19,53,53,53,41,41,41,41,18,18,18,37,29,29,22,22,22,22,22,18,22,22,22,22,22,22,22,22,22,22,14,14,22,22,0],"gold":211,"neow_bonus":"TWO_FIFTY_GOLD","is_prod":false,"is_daily":false,"chose_seed":false,"campfire_upgraded":9,"win_rate":0,"timestamp":1556597739,"path_taken":["M","M","?","M","?","E","M","E","T","R","E","M","R","E","R","BOSS","M","$","?","$","?","R","E","R","T","R","M","?","M","?","R","BOSS","M","M","M","?","$","E","R","?","T","R","E","?","R","M","R","BOSS"],"build_version":"2019-01-23","purchased_purges":0,"victory":false,"max_hp_per_floor":[64,64,64,64,64,64,64,64,64,64,64,64,64,64,64,64,64,64,64,64,64,64,64,64,64,64,64,64,32,32,22,22,22,22,22,22,22,22,22,22,22,22,22,22,22,22,22,22,22,22],"card_choices":[{"not_picked":["Reinforced Body","Coolheaded"],"picked":"Cold Snap","floor":1},{"not_picked":["Heatsinks","Coolheaded"],"picked":"Glacier","floor":2},{"not_picked":["Coolheaded","Beam Cell"],"picked":"Barrage","floor":4},{"not_picked":["Steam","Genetic Algorithm"],"picked":"Streamline","floor":6},{"not_picked":["Storm","Skim","Genetic Algorithm"],"picked":"SKIP","floor":7},{"not_picked":["Chill","Fusion"],"picked":"Glacier","floor":8},{"not_picked":["Steam Power","Creative AI"],"picked":"Barrage","floor":11},{"not_picked":["Rebound","Leap"],"picked":"Conserve Battery","floor":12},{"not_picked":["All For One","Barrage","Thunder Strike"],"picked":"SKIP","floor":14},{"not_picked":["Thunder Strike","Amplify"],"picked":"Seek","floor":16},{"not_picked":["Leap","Fusion","Hello World"],"picked":"SKIP","floor":18},{"not_picked":["Lockon","Compile Driver"],"picked":"Double Energy+1","floor":20},{"not_picked":["Fission","Consume"],"picked":"Darkness","floor":24},{"not_picked":["Streamline","Melter","Coolheaded"],"picked":"SKIP","floor":28},{"not_picked":["Turbo","Tempest"],"picked":"Cold Snap","floor":30},{"not_picked":["Machine Learning","Thunder Strike"],"picked":"Amplify","floor":33},{"not_picked":["Tempest"],"picked":"SKIP","floor":35},{"not_picked":["Cold Snap+1"],"picked":"SKIP","floor":36},{"not_picked":["Ball Lightning+1"],"picked":"SKIP","floor":37},{"not_picked":["Scrape"],"picked":"SKIP","floor":40},{"not_picked":["Streamline"],"picked":"SKIP","floor":45},{"not_picked":["Leap+1"],"picked":"Coolheaded+1","floor":46},{"not_picked":["Rebound"],"picked":"Glacier","floor":48}],"player_experience":2120136,"relics_obtained":[{"floor":6,"key":"Oddly Smooth Stone"},{"floor":8,"key":"Sundial"},{"floor":9,"key":"Bottled Lightning"},{"floor":11,"key":"Ice Cream"},{"floor":14,"key":"Omamori"},{"floor":24,"key":"Happy Flower"},{"floor":26,"key":"Bottled Flame"},{"floor":26,"key":"Gremlin Horn"},{"floor":40,"key":"Dream Catcher"},{"floor":42,"key":"Centennial Puzzle"},{"floor":43,"key":"The Courier"},{"floor":45,"key":"Question Card"}],"event_choices":[{"damage_healed":0,"gold_gain":0,"player_choice":"Grow","damage_taken":0,"max_hp_gain":0,"max_hp_loss":0,"event_name":"Living Wall","floor":3,"gold_loss":0,"cards_upgraded":["Zap"]},{"damage_healed":0,"gold_gain":0,"player_choice":"Upgraded","damage_taken":0,"max_hp_gain":0,"max_hp_loss":0,"event_name":"Upgrade Shrine","floor":5,"gold_loss":0,"cards_upgraded":["Barrage"]},{"damage_healed":0,"gold_gain":0,"player_choice":"Ignored","damage_taken":0,"max_hp_gain":0,"max_hp_loss":0,"event_name":"Beggar","floor":22,"gold_loss":0},{"damage_healed":0,"gold_gain":0,"player_choice":"Became a Ghost","damage_taken":0,"max_hp_gain":0,"max_hp_loss":32,"event_name":"Ghosts","floor":29,"gold_loss":0,"cards_obtained":["Ghostly","Ghostly","Ghostly"]},{"damage_healed":0,"gold_gain":0,"player_choice":"Became a vampire","damage_taken":0,"max_hp_gain":0,"max_hp_loss":10,"event_name":"Vampires","floor":31,"gold_loss":0,"cards_obtained":["Bite","Bite","Bite","Bite","Bite"]},{"damage_healed":0,"gold_gain":0,"player_choice":"Ignored","damage_taken":0,"max_hp_gain":0,"max_hp_loss":0,"event_name":"Mysterious Sphere","floor":38,"gold_loss":0}],"is_beta":false,"boss_relics":[{"not_picked":["Lizard Tail","White Beast Statue"],"picked":"Runic Pyramid"},{"not_picked":["Eternal Feather","Nuclear Battery"],"picked":"Busted Crown"}],"items_purged_floors":[],"is_endless":false,"potions_floor_spawned":[1,4,8,12,30,33,36,46,48],"killed_by":"Time Eater","ascension_level":20}