{"path_per_floor":["M","$","?","$","M","$","R","M","T","M","M","R","M","E","R","B",null,"M","M","M","$","M","R","$","R","T","?","?","R","E","M","R","B",null,"M","M","?","?","M","R","M","R","T","$","M","$","?","M","R"],"character_chosen":"DEFECT","items_purchased":["Capacitor","Apotheosis","Stack","Ball Lightning","Capacitor","Bottled Tornado"],"gold_per_floor":[110,85,260,185,198,15,15,31,100,110,125,125,139,172,172,272,272,282,294,310,188,203,203,180,180,180,180,180,180,212,223,223,324,324,337,349,349,349,363,363,381,381,381,356,369,129,182,200,200,200],"floor_reached":50,"campfire_rested":4,"playtime":1609,"current_hp_per_floor":[66,66,66,66,66,66,66,66,66,46,45,45,37,37,37,37,66,69,59,44,44,20,20,20,42,42,42,26,48,26,26,48,26,63,63,59,59,75,75,75,67,67,67,67,63,63,50,24,46,0],"items_purged":["Doubt","Strike_B"],"gold":200,"score":805,"play_id":"51476d66-f353-44d0-94af-652cfbccaff8","local_time":"20180503201325","is_prod":false,"is_daily":false,"chose_seed":false,"is_ascension_mode":true,"campfire_upgraded":6,"timestamp":1525403605,"path_taken":["M","$","?","$","M","?","R","M","T","M","M","R","M","E","R","BOSS","M","M","M","$","M","R","$","R","T","?","?","R","E","M","R","BOSS","M","M","?","?","M","R","M","R","T","$","M","$","?","M","R","BOSS"],"build_version":"2018-05-02","seed_source_timestamp":272060945672432,"purchased_purges":4,"victory":false,"master_deck":["Defend_B","Defend_B","Defend_B","Defend_B","Zap+1","Dualcast","Sunder","Capacitor","Defragment+1","Apotheosis+1","Static Discharge","Storm","Ball Lightning","Stack+1","Ball Lightning","Reboot+1","Cold Snap+1","Coolheaded+1","Beam Cell","Stack","Stack","Necronomicurse","Prime+1","Lockon+1","Force Field+1","Conserve Battery+1","Self Repair","Go for the Eyes","Writhe","Leap","Impulse+1","Capacitor","Cold Snap","Go for the Eyes+1","Stack"],"max_hp_per_floor":[75,75,75,75,75,75,75,75,75,75,75,75,75,75,75,75,75,75,75,75,75,75,75,75,75,75,75,75,75,75,75,75,75,75,75,75,75,75,75,75,75,75,75,75,75,75,75,75,75,75],"relics":["Runic Pyramid","Toolbox","Symbiotic Virus","Cursed Key","Necronomicon","Ancient Tea Set","Astrolabe","Bottled Tornado","Unceasing Top"],"card_choices":[{"not_picked":["Streamline","Beam Cell"],"picked":"Sunder","floor":1},{"not_picked":["Auto Shields","Barrage"],"picked":"Defragment","floor":5},{"not_picked":["Hologram","Sweeping Beam"],"picked":"Static Discharge","floor":8},{"not_picked":["Force Field","Beam Cell"],"picked":"Storm","floor":10},{"not_picked":["Genetic Algorithm","Cold Snap"],"picked":"Ball Lightning","floor":11},{"not_picked":["Amplify","Rip and Tear"],"picked":"Stack","floor":13},{"not_picked":["Scrape","Skim"],"picked":"Ball Lightning","floor":14},{"not_picked":["Hyperbeam","Prime"],"picked":"Reboot","floor":16},{"not_picked":["Chaos","Hologram"],"picked":"Cold Snap","floor":18},{"not_picked":["Barrage","Streamline"],"picked":"Coolheaded","floor":19},{"not_picked":["Rebound","Barrage"],"picked":"Beam Cell","floor":20},{"not_picked":["Auto Shields","Conserve Battery"],"picked":"Stack","floor":22},{"not_picked":["Streamline","Consume"],"picked":"Prime","floor":30},{"not_picked":["Force Field","Cold Snap"],"picked":"Self Repair","floor":35},{"not_picked":["Steam Power","Doom and Gloom"],"picked":"Go for the Eyes","floor":36},{"not_picked":["Rebound","Consume"],"picked":"Leap","floor":39},{"not_picked":["Doom and Gloom","Glacier"],"picked":"Impulse","floor":41},{"not_picked":["Rebound","Turbo"],"picked":"Cold Snap","floor":45},{"not_picked":["Rebound","Aggregate"],"picked":"Go for the Eyes","floor":47},{"not_picked":["Prime","Rebound"],"picked":"Stack","floor":48}],"player_experience":574919,"potions_floor_usage":[20,33,33,39,45,50,50],"damage_taken":[{"damage":2,"enemies":"Jaw Worm","floor":1,"turns":5},{"damage":0,"enemies":"Cultist","floor":5,"turns":4},{"damage":0,"enemies":"2 Louse","floor":8,"turns":2},{"damage":20,"enemies":"Lots of Slimes","floor":10,"turns":3},{"damage":1,"enemies":"Exordium Wildlife","floor":11,"turns":3},{"damage":8,"enemies":"Blue Slaver","floor":13,"turns":3},{"damage":0,"enemies":"Lagavulin","floor":14,"turns":6},{"damage":0,"enemies":"The Guardian","floor":16,"turns":9},{"damage":3,"enemies":"Spheric Guardian","floor":18,"turns":4},{"damage":10,"enemies":"3 Byrds","floor":19,"turns":4},{"damage":19,"enemies":"Snake Plant","floor":20,"turns":5},{"damage":24,"enemies":"Slaver and Parasite","floor":22,"turns":6},{"damage":26,"enemies":"Slavers","floor":30,"turns":6},{"damage":0,"enemies":"Snecko","floor":31,"turns":2},{"damage":22,"enemies":"Collector","floor":33,"turns":11},{"damage":0,"enemies":"Flame Bruiser 1 Orb","floor":35,"turns":5},{"damage":11,"enemies":"3 Shapes","floor":36,"turns":3},{"damage":0,"enemies":"Flame Bruiser 2 Orb","floor":39,"turns":5},{"damage":18,"enemies":"3 Darklings","floor":41,"turns":5},{"damage":14,"enemies":"Spire Growth","floor":45,"turns":5},{"damage":23,"enemies":"Mysterious Sphere","floor":47,"turns":7},{"damage":33,"enemies":"Sphere and 2 Shapes","floor":48,"turns":5},{"damage":49,"enemies":"Awakened One","floor":50,"turns":4}],"event_choices":[{"event_name":"Liars Game","player_choice":"agreed","floor":3,"damage_taken":0},{"event_name":"Accursed Blacksmith","player_choice":"Forge","floor":27,"damage_taken":0},{"event_name":"Cursed Tome","player_choice":"Obtained Book","floor":28,"damage_taken":0},{"event_name":"Winding Halls","player_choice":"Writhe","floor":38,"damage_taken":0},{"event_name":"Mysterious Sphere","player_choice":"Fight","floor":47,"damage_taken":0}],"boss_relics":[{"not_picked":["Nuclear Battery","Eternal Feather"],"picked":"Cursed Key"},{"not_picked":["Calling Bell","Pandora\u0027s Box"],"picked":"Astrolabe"}],"potions_floor_spawned":[8,11,13,14,16,30,33,36,39,45,48],"seed_played":"646299906873437550","killed_by":"Awakened One","ascension_level":8,"is_trial":false}