{"path_per_floor":["M","?","?","M","?","R","M","R","T","$","M","$","?","M","R","B",null,"M","M","?","$","?"],"character_chosen":"IRONCLAD","items_purchased":[],"gold_per_floor":[117,217,217,227,177,177,192,192,219,144,157,57,57,69,69,170,170,110,123,123,123,123,152],"floor_reached":23,"campfire_rested":0,"playtime":1039,"current_hp_per_floor":[42,42,23,28,28,28,34,34,34,34,33,33,33,38,38,29,96,94,96,96,96,96,94],"items_purged":["Strike_R","Strike_R"],"gold":152,"score":222,"play_id":"24099f71-9c42-4fde-b57e-15dc24b6002f","local_time":"20180412101529","is_prod":false,"is_daily":false,"is_ascension_mode":false,"campfire_upgraded":3,"timestamp":1523542529,"path_taken":["M","?","?","M","?","R","?","R","T","$","?","?","?","?","R","BOSS","M","M","?","$","?","E"],"build_version":"2018-04-05v2","purchased_purges":2,"victory":false,"master_deck":["Strike_R+1","Strike_R+1","Defend_R","Defend_R","Defend_R","Defend_R","Bash","Barricade+1","Armaments+1","Entrench+1","Flame Barrier","Clothesline","Reaper","Body Slam+1","Disarm+1","True Grit+1"],"max_hp_per_floor":[96,96,96,96,96,96,96,96,96,96,96,96,96,96,96,96,96,96,96,96,96,96,96],"relics":["Burning Blood","Girya"],"card_choices":[{"not_picked":["Clothesline","Rampage"],"picked":"Barricade","floor":1},{"not_picked":["Sword Boomerang","Clash"],"picked":"Armaments","floor":4},{"not_picked":["Sword Boomerang","Perfected Strike"],"picked":"Entrench","floor":7},{"not_picked":["True Grit","Twin Strike"],"picked":"Flame Barrier","floor":11},{"not_picked":["Heavy Blade","Havoc"],"picked":"Clothesline","floor":14},{"not_picked":["Dark Embrace","Bludgeon"],"picked":"Reaper","floor":16},{"not_picked":["Pummel","Iron Wave"],"picked":"Body Slam","floor":18},{"not_picked":["Entrench","Flex"],"picked":"Disarm","floor":19},{"not_picked":["Warcry","Disarm"],"picked":"True Grit","floor":23}],"player_experience":831773,"potions_floor_usage":[11,16,23],"damage_taken":[{"damage":12,"enemies":"Jaw Worm","floor":1,"turns":5},{"damage":1,"enemies":"Cultist","floor":4,"turns":3},{"damage":0,"enemies":"2 Louse","floor":7,"turns":5},{"damage":7,"enemies":"Exordium Wildlife","floor":11,"turns":7},{"damage":1,"enemies":"Large Slime","floor":14,"turns":12},{"damage":15,"enemies":"The Guardian","floor":16,"turns":19},{"damage":8,"enemies":"2 Thieves","floor":18,"turns":4},{"damage":2,"enemies":"3 Byrds","floor":19,"turns":3},{"damage":8,"enemies":"Book of Stabbing","floor":23,"turns":11}],"event_choices":[{"event_name":"Golden Shrine","player_choice":"Pray","floor":2,"damage_taken":0},{"event_name":"Shining Light","player_choice":"Entered Light","floor":3,"damage_taken":0},{"event_name":"The Cleric","player_choice":"Card Removal","floor":5,"damage_taken":0},{"event_name":"The Lab","player_choice":"Got Potions","floor":13,"damage_taken":0},{"event_name":"Upgrade Shrine","player_choice":"Upgraded","floor":20,"damage_taken":0},{"event_name":"Cursed Tome","player_choice":"Ignored","floor":22,"damage_taken":0}],"boss_relics":[{"not_picked":[]}],"potions_floor_spawned":[1,11,19],"seed_played":"230234406","killed_by":"Book of Stabbing","ascension_level":0,"is_trial":false}