{"gold_per_floor":[114,45,64,84,94,94,127,127,152,152,152,207,207,226,226,327,327,340,352,370,370,20,20,47,59,59,75,75,75,75,110,110,205,205,216,227,282,56,56,56,73,73,73,73,99,134,152,162,162,162,162,162,19,54,54],"floor_reached":56,"playtime":3681,"items_purged":["Strike_B"],"score":1175,"play_id":"ccb9b100-34fc-4947-b4a4-59986568bc81","local_time":"20190427215036","is_ascension_mode":false,"campfire_choices":[{"data":"White Noise","floor":6,"key":"SMITH"},{"data":"Genetic Algorithm","floor":8,"key":"SMITH"},{"floor":10,"key":"REST"},{"data":"Defragment","floor":13,"key":"SMITH"},{"data":"Go for the Eyes","floor":15,"key":"SMITH"},{"data":"Barrage","floor":23,"key":"SMITH"},{"data":"Buffer","floor":28,"key":"SMITH"},{"floor":30,"key":"REST"},{"floor":32,"key":"RECALL"},{"data":"Biased Cognition","floor":40,"key":"SMITH"},{"data":"Loop","floor":42,"key":"SMITH"},{"floor":49,"key":"REST"},{"data":"Dualcast","floor":52,"key":"SMITH"}],"neow_cost":"NONE","seed_source_timestamp":123809826216546,"circlet_count":0,"master_deck":["Strike_B+1","Strike_B+1","Strike_B+1","Defend_B+1","Defend_B+1","Zap","Dualcast+1","Genetic Algorithm+1","Steam","Cold Snap+1","White Noise+1","Barrage+1","Defragment+1","Go for the Eyes+1","Buffer+1","Cold Snap","Coolheaded","White Noise+1","Barrage","Glacier","Conserve Battery","Core Surge","Ball Lightning","Biased Cognition+1","Loop+1","Ball Lightning+1","Blizzard","Echo Form"],"relics":["FrozenCore","Bag of Preparation","Regal Pillow","Whetstone","War Paint","Tiny Chest","Bronze Scales","Meat on the Bone","Oddly Smooth Stone","Empty Cage","Dead Branch","Blood Vial","Cables","Strawberry","Ginger","DataDisk"],"potions_floor_usage":[7,24,24,24,37,50,55,55,55],"damage_taken":[{"damage":7,"enemies":"2 Louse","floor":1,"turns":2},{"damage":1,"enemies":"Cultist","floor":3,"turns":3},{"damage":0,"enemies":"Small Slimes","floor":4,"turns":2},{"damage":2,"enemies":"Blue Slaver","floor":5,"turns":3},{"damage":25,"enemies":"Gremlin Nob","floor":7,"turns":4},{"damage":16,"enemies":"Lagavulin","floor":12,"turns":6},{"damage":3,"enemies":"3 Louse","floor":14,"turns":3},{"damage":9,"enemies":"The Guardian","floor":16,"turns":10},{"damage":0,"enemies":"Spheric Guardian","floor":18,"turns":6},{"damage":0,"enemies":"Chosen","floor":19,"turns":6},{"damage":6,"enemies":"Snake Plant","floor":20,"turns":7},{"damage":6,"enemies":"Slavers","floor":24,"turns":3},{"damage":10,"enemies":"Centurion and Healer","floor":25,"turns":7},{"damage":6,"enemies":"Shelled Parasite and Fungi","floor":27,"turns":5},{"damage":0,"enemies":"Book of Stabbing","floor":31,"turns":6},{"damage":26,"enemies":"Automaton","floor":33,"turns":17},{"damage":23,"enemies":"3 Darklings","floor":35,"turns":7},{"damage":0,"enemies":"Orb Walker","floor":36,"turns":5},{"damage":22,"enemies":"2 Orb Walkers","floor":37,"turns":8},{"damage":0,"enemies":"Transient","floor":41,"turns":5},{"damage":18,"enemies":"Nemesis","floor":46,"turns":5},{"damage":18,"enemies":"3 Darklings","floor":47,"turns":3},{"damage":0,"enemies":"Maw","floor":48,"turns":7},{"damage":15,"enemies":"Awakened One","floor":50,"turns":15},{"damage":18,"enemies":"Shield and Spear","floor":54,"turns":9},{"damage":48,"enemies":"The Heart","floor":55,"turns":14}],"seed_played":"-4392517854225543284","potions_obtained":[{"floor":3,"key":"Poison Potion"},{"floor":4,"key":"PowerPotion"},{"floor":7,"key":"FocusPotion"},{"floor":11,"key":"LiquidBronze"},{"floor":25,"key":"Poison Potion"},{"floor":33,"key":"Block Potion"},{"floor":35,"key":"Fire Potion"},{"floor":36,"key":"Dexterity Potion"},{"floor":47,"key":"FearPotion"}],"is_trial":false,"path_per_floor":["M","?","M","M","M","R","E","R","T","R","?","E","R","M","R","B",null,"M","M","M","?","$","R","E","M","T","M","R","?","R","E","R","B",null,"M","M","?","$","?","R","M","R","T","?","T","E","M","M","R","B",null,"R","$","E","B",null],"character_chosen":"DEFECT","items_purchased":["Bronze Scales","Barrage","Glacier","Blood Vial","Loop","Blizzard","GamblersBrew"],"campfire_rested":3,"item_purchase_floors":[22,22,22,38,38,53,53],"current_hp_per_floor":[68,68,67,67,65,65,40,40,40,75,75,59,59,56,56,47,75,75,75,69,69,69,69,63,53,53,47,47,47,75,75,75,49,75,52,52,42,42,42,42,44,44,44,44,51,47,43,45,82,67,82,82,82,64,30],"gold":54,"neow_bonus":"RANDOM_COMMON_RELIC","is_prod":false,"is_daily":false,"chose_seed":false,"campfire_upgraded":9,"win_rate":0,"timestamp":1556416236,"path_taken":["M","?","M","?","M","R","E","R","T","R","?","E","R","M","R","BOSS","M","?","M","?","$","R","E","M","T","M","R","?","R","E","R","BOSS","M","M","?","$","?","R","M","R","T","?","?","E","M","M","R","BOSS","R","$","E","BOSS"],"build_version":"2019-01-23","purchased_purges":1,"victory":true,"max_hp_per_floor":[75,75,75,75,75,75,75,75,75,75,75,75,75,75,75,75,75,75,75,75,75,75,75,75,75,75,75,75,75,75,75,75,75,75,75,75,75,75,75,75,75,75,75,75,82,82,82,82,82,82,82,82,82,82,82],"card_choices":[{"not_picked":["Gash","Double Energy"],"picked":"Genetic Algorithm","floor":1},{"not_picked":["Double Energy","Beam Cell"],"picked":"Steam","floor":3},{"not_picked":["Consume","Conserve Battery"],"picked":"Cold Snap","floor":4},{"not_picked":["BootSequence","Beam Cell"],"picked":"White Noise","floor":5},{"not_picked":["Double Energy","Stack"],"picked":"Barrage","floor":7},{"not_picked":["Meteor Strike","Glacier"],"picked":"Defragment","floor":12},{"not_picked":["Steam","Turbo"],"picked":"Go for the Eyes","floor":14},{"not_picked":["Reboot","Meteor Strike"],"picked":"Buffer","floor":16},{"not_picked":["Rebound","Scrape"],"picked":"Cold Snap","floor":18},{"not_picked":["Doom and Gloom","Hologram"],"picked":"Coolheaded","floor":19},{"not_picked":["Conserve Battery","Sweeping Beam"],"picked":"White Noise+1","floor":20},{"not_picked":["Steam","Genetic Algorithm"],"picked":"Conserve Battery","floor":24},{"not_picked":["Undo","Storm","Redo"],"picked":"SKIP","floor":25},{"not_picked":["Rebound","Steam","FTL"],"picked":"SKIP","floor":27},{"not_picked":["Hologram","Amplify","Doom and Gloom"],"picked":"SKIP","floor":31},{"not_picked":["Seek","Rainbow"],"picked":"Core Surge","floor":33},{"not_picked":["Turbo","Stack+1"],"picked":"Cold Snap+1","floor":35},{"not_picked":["Steam+1","Chaos+1"],"picked":"Ball Lightning","floor":36},{"not_picked":["Hologram+1","Ball Lightning+1"],"picked":"Biased Cognition","floor":37},{"not_picked":["Hello World+1","Streamline+1"],"picked":"Ball Lightning+1","floor":41},{"not_picked":["Beam Cell+1","Fusion","Steam Power+1"],"picked":"SKIP","floor":46},{"not_picked":["Leap","Stack","Steam Power"],"picked":"SKIP","floor":47},{"not_picked":["Hello World+1","Rebound+1","Go for the Eyes"],"picked":"SKIP","floor":48},{"not_picked":["Beam Cell+1","Ball Lightning+1"],"picked":"Echo Form","floor":54}],"player_experience":917851,"relics_obtained":[{"floor":7,"key":"Whetstone"},{"floor":9,"key":"War Paint"},{"floor":12,"key":"Tiny Chest"},{"floor":24,"key":"Meat on the Bone"},{"floor":31,"key":"Oddly Smooth Stone"},{"floor":37,"key":"Dead Branch"},{"floor":43,"key":"Cables"},{"floor":45,"key":"Strawberry"},{"floor":46,"key":"Ginger"},{"floor":54,"key":"DataDisk"}],"event_choices":[{"damage_healed":0,"gold_gain":0,"player_choice":"Paid Gold","damage_taken":0,"relics_obtained":["Regal Pillow"],"max_hp_gain":0,"max_hp_loss":0,"event_name":"WeMeetAgain","floor":2,"gold_loss":69},{"damage_healed":0,"gold_gain":0,"player_choice":"Got Potions","damage_taken":0,"max_hp_gain":0,"max_hp_loss":0,"event_name":"Lab","floor":11,"gold_loss":0},{"damage_healed":0,"gold_gain":0,"player_choice":"Ignored","damage_taken":0,"max_hp_gain":0,"max_hp_loss":0,"event_name":"Ghosts","floor":21,"gold_loss":0},{"damage_healed":0,"gold_gain":0,"player_choice":"Simplicity","damage_taken":0,"max_hp_gain":0,"max_hp_loss":0,"event_name":"Back to Basics","floor":29,"gold_loss":0,"cards_upgraded":["Strike_B","Strike_B","Defend_B","Defend_B"]},{"damage_healed":0,"gold_gain":0,"player_choice":"Fight","damage_taken":0,"max_hp_gain":0,"max_hp_loss":0,"event_name":"Mysterious Sphere","floor":37,"gold_loss":0},{"damage_healed":0,"gold_gain":0,"player_choice":"Memory 1","damage_taken":0,"max_hp_gain":0,"max_hp_loss":0,"event_name":"SensoryStone","floor":39,"gold_loss":0},{"cards_removed":["Cold Snap"],"damage_healed":0,"gold_gain":0,"player_choice":"Removed Attack","damage_taken":0,"max_hp_gain":0,"max_hp_loss":0,"event_name":"Falling","floor":44,"gold_loss":0}],"is_beta":false,"boss_relics":[{"not_picked":["Black Star","Lizard Tail"],"picked":"FrozenCore"},{"not_picked":["Coffee Dripper","Runic Pyramid"],"picked":"Empty Cage"}],"items_purged_floors":[22],"is_endless":false,"potions_floor_spawned":[3,4,7,16,20,25,33,35,36,47,48],"ascension_level":0}