{"path_per_floor":["M","$","?","?","T","E","R","E","T","M","M","?","$","M","R","B",null,"M","M","?","M","?","R","M","M","T","?","R","M","R","M","R"],"character_chosen":"THE_SILENT","items_purchased":["Oddly Smooth Stone","Noxious Fumes","Sundial"],"gold_per_floor":[360,135,135,210,235,261,261,286,309,326,340,305,5,16,16,121,121,61,76,76,96,96,96,113,129,204,204,204,219,219,230,230],"floor_reached":33,"campfire_rested":2,"playtime":2231,"current_hp_per_floor":[34,34,34,23,23,11,32,11,11,13,13,31,31,33,33,25,74,58,39,39,18,18,40,27,18,20,46,46,41,41,30,30],"items_purged":[],"gold":230,"score":306,"play_id":"6c18c287-28c8-4f35-b5cd-481645d3d06c","is_prod":false,"is_daily":false,"is_ascension_mode":true,"campfire_upgraded":4,"path_taken":["M","$","?","?","?","E","R","E","T","M","M","?","?","M","R","BOSS","M","M","?","?","?","R","M","M","T","?","R","M","R","M","R","BOSS"],"build_version":"2018-02-08-PROD1","purchased_purges":0,"victory":false,"master_deck":["Defend_G","Defend_G","Defend_G","Defend_G","Defend_G","Strike_G","Strike_G","Strike_G","Strike_G","Strike_G","Survivor","Neutralize","Terror","Noxious Fumes+1","Bane","A Thousand Cuts+1","Leg Sweep+1","After Image+1","Flechettes+1","Dash","Blur+1","Deadly Poison+1"],"max_hp_per_floor":[70,70,70,70,70,70,70,70,70,72,72,72,72,74,74,74,74,74,74,74,74,74,74,74,76,78,78,78,80,80,82,82],"relics":["Ring of the Snake","Oddly Smooth Stone","Ancient Tea Set","Anchor","Singing Bowl","Prayer Wheel","Sundial","The Specimen","Lantern","Molten Egg 2"],"card_choices":[{"not_picked":["Masterful Stab","Slice"],"picked":"Terror"},{"not_picked":["Poisoned Stab","Terror"],"picked":"Bane"},{"not_picked":["Outmaneuver","Riddle With Holes"],"picked":"A Thousand Cuts"},{"not_picked":["Underhanded Strike","Eviscerate"],"picked":"Leg Sweep"},{"not_picked":["Die Die Die","Envenom"],"picked":"After Image"},{"not_picked":["Sucker Punch","Expertise"],"picked":"Flechettes"},{"not_picked":["Setup","Outmaneuver"],"picked":"Dash"},{"not_picked":["Underhanded Strike","Terror"],"picked":"Blur"},{"not_picked":["Deflect","Dodge and Roll"],"picked":"Deadly Poison"}],"player_experience":196538,"potions_floor_usage":[6,14,16,16,25,25],"damage_taken":[{"damage":1,"enemies":"Cultist","floor":1,"turns":4},{"damage":12,"enemies":"Gremlin Nob","floor":6,"turns":4},{"damage":21,"enemies":"3 Sentries","floor":8,"turns":5},{"damage":0,"enemies":"Small Slimes","floor":10,"turns":3},{"damage":0,"enemies":"2 Louse","floor":11,"turns":2},{"damage":0,"enemies":"Large Slime","floor":14,"turns":5},{"damage":8,"enemies":"The Guardian","floor":16,"turns":9},{"damage":16,"enemies":"2 Thieves","floor":18,"turns":4},{"damage":19,"enemies":"Chosen","floor":19,"turns":6},{"damage":21,"enemies":"Snecko","floor":21,"turns":6},{"damage":13,"enemies":"Sentry and Sphere","floor":24,"turns":6},{"damage":11,"enemies":"Slaver and Parasite","floor":25,"turns":7},{"damage":7,"enemies":"Snake Plant","floor":29,"turns":6},{"damage":13,"enemies":"Centurion and Healer","floor":31,"turns":7},{"damage":31,"enemies":"Collector","floor":33,"turns":3}],"event_choices":[{"event_name":"Living Wall","player_choice":"Grow","floor":3,"damage_taken":0},{"event_name":"World of Goop","player_choice":"Gather Gold","floor":4,"damage_taken":0},{"event_name":"The Cleric","player_choice":"Healed","floor":12,"damage_taken":0},{"event_name":"Addict","player_choice":"Ignored","floor":20,"damage_taken":0},{"event_name":"The Mausoleum","player_choice":"Yes","floor":22,"damage_taken":0},{"event_name":"The Library","player_choice":"Heal","floor":27,"damage_taken":0}],"boss_relics":[{"not_picked":["Lizard Tail","Calling Bell"],"picked":"The Specimen"}],"potions_floor_spawned":[1,6,10,11,19,21,29],"seed_played":"-5654101234122053786","killed_by":"Collector","ascension_level":4,"is_trial":false}