{"path_per_floor":["M","M","?","?","M","E","R","$","T","M","M","R","T","M","R","B",null,"M","M","$","?","M","R","?","M","T","R","M","R","?","M","R"],"character_chosen":"THE_SILENT","items_purchased":["Singing Bowl","Leg Sweep"],"gold_per_floor":[111,128,128,128,140,166,166,18,72,92,103,103,103,122,122,196,196,207,223,151,51,62,62,62,74,74,74,92,92,92,104,104,104],"floor_reached":33,"campfire_rested":2,"playtime":1581,"current_hp_per_floor":[57,57,50,66,66,32,32,32,32,25,27,62,62,61,61,51,64,52,51,51,51,29,65,65,62,62,62,59,59,76,58,58,0],"items_purged":[],"gold":104,"score":423,"play_id":"f49436d1-c544-4cb4-b894-f77d56993a8d","local_time":"20180406092030","is_prod":false,"is_daily":false,"is_ascension_mode":true,"campfire_upgraded":5,"timestamp":1523020830,"path_taken":["M","M","?","?","?","E","R","?","T","M","M","R","?","?","R","BOSS","M","M","$","?","?","R","?","M","T","R","M","R","?","M","R","BOSS"],"build_version":"2018-04-05v2","purchased_purges":0,"victory":false,"master_deck":["Defend_G","Defend_G","Defend_G","Defend_G","Defend_G","Strike_G","Strike_G","Strike_G","Strike_G","Survivor","Neutralize+1","AscendersBane","Dagger Spray+1","Terror","Bullet Time","Infinite Blades","Footwork+1","After Image+1","Predator+1","Leg Sweep","J.A.X.+1"],"max_hp_per_floor":[66,66,66,66,66,66,66,66,66,66,68,68,68,68,68,68,68,70,70,70,70,72,72,72,74,74,74,76,76,76,78,78,78],"relics":["Ring of the Snake","Regal Pillow","Torii","Singing Bowl","Tiny Chest","Ginger","Black Star","Peace Pipe"],"card_choices":[{"not_picked":["Distraction","Flying Knee"],"picked":"Dagger Spray","floor":1},{"not_picked":["Deadly Poison","Eviscerate"],"picked":"Terror","floor":5},{"not_picked":["Expertise","Bane"],"picked":"Bullet Time","floor":6},{"not_picked":["Concentrate","Slice"],"picked":"Infinite Blades","floor":10},{"not_picked":["Dagger Throw","Dodge and Roll"],"picked":"Footwork","floor":14},{"not_picked":["Glass Knife","Tools of the Trade"],"picked":"After Image","floor":16},{"not_picked":["Prepared","Backflip"],"picked":"Predator","floor":19}],"player_experience":689894,"potions_floor_usage":[6,16,19,22,33,33],"damage_taken":[{"damage":2,"enemies":"Jaw Worm","floor":1,"turns":7},{"damage":0,"enemies":"2 Louse","floor":2,"turns":2},{"damage":0,"enemies":"Small Slimes","floor":5,"turns":4},{"damage":34,"enemies":"Lagavulin","floor":6,"turns":10},{"damage":7,"enemies":"Exordium Thugs","floor":10,"turns":4},{"damage":0,"enemies":"Lots of Slimes","floor":11,"turns":1},{"damage":1,"enemies":"Blue Slaver","floor":14,"turns":3},{"damage":10,"enemies":"The Guardian","floor":16,"turns":14},{"damage":14,"enemies":"Shell Parasite","floor":18,"turns":11},{"damage":1,"enemies":"Chosen","floor":19,"turns":6},{"damage":24,"enemies":"Sentry and Sphere","floor":22,"turns":6},{"damage":5,"enemies":"Centurion and Healer","floor":25,"turns":9},{"damage":5,"enemies":"Snake Plant","floor":28,"turns":6},{"damage":20,"enemies":"3 Cultists","floor":31,"turns":6},{"damage":64,"enemies":"Champ","floor":33,"turns":9}],"event_choices":[{"event_name":"Golden Wing","player_choice":"Card Removal","floor":3,"damage_taken":0},{"event_name":"Wheel of Change","player_choice":"Full Heal","floor":4,"damage_taken":0},{"event_name":"Drug Dealer","player_choice":"Got JAXXED","floor":21,"damage_taken":0},{"event_name":"Ghosts","player_choice":"Ignored","floor":24,"damage_taken":0},{"event_name":"The Library","player_choice":"Heal","floor":30,"damage_taken":0}],"boss_relics":[{"not_picked":["Velvet Choker","Runic Pyramid"],"picked":"Black Star"}],"potions_floor_spawned":[1,14,16,18,22,31],"seed_played":"-1833012734757244896","killed_by":"Champ","ascension_level":14,"is_trial":false}