{"gold_per_floor":[109,109,109,124,134,134,134,150,150,150,162,162,182,10,10,85,85,99,111,111,122,47,47,47],"floor_reached":24,"playtime":885,"items_purged":[],"score":376,"play_id":"b46e428a-9a09-4468-9576-6d9aef0fa1f4","local_time":"20190426185551","is_ascension_mode":true,"campfire_choices":[{"data":"Barrage","floor":6,"key":"SMITH"},{"data":"Core Surge","floor":10,"key":"SMITH"},{"data":"Core Surge","floor":12,"key":"SMITH"},{"data":"Static Discharge","floor":15,"key":"SMITH"},{"floor":23,"key":"REST"}],"neow_cost":"TEN_PERCENT_HP_LOSS","seed_source_timestamp":348629976496578,"circlet_count":0,"master_deck":["AscendersBane","Strike_B","Strike_B","Strike_B","Strike_B","Defend_B","Defend_B","Defend_B","Defend_B","Zap+1","Dualcast","Core Surge+1","Cold Snap","Barrage+1","Cold Snap","Core Surge+1","Static Discharge+1","Echo Form","Loop+1","Hologram","Capacitor","Glacier"],"relics":["Cracked Core","Sundial","Orichalcum","Ornamental Fan","Ancient Tea Set","Eternal Feather"],"potions_floor_usage":[11,13,16,19,24],"damage_taken":[{"damage":7,"enemies":"Jaw Worm","floor":1,"turns":3},{"damage":6,"enemies":"Small Slimes","floor":4,"turns":3},{"damage":0,"enemies":"Cultist","floor":5,"turns":3},{"damage":16,"enemies":"3 Louse","floor":8,"turns":3},{"damage":9,"enemies":"Large Slime","floor":11,"turns":4},{"damage":5,"enemies":"Looter","floor":13,"turns":2},{"damage":20,"enemies":"The Guardian","floor":16,"turns":11},{"damage":1,"enemies":"Chosen","floor":18,"turns":3},{"damage":5,"enemies":"3 Byrds","floor":19,"turns":3},{"damage":19,"enemies":"Centurion and Healer","floor":21,"turns":6},{"damage":38,"enemies":"Gremlin Leader","floor":24,"turns":5}],"seed_played":"-697513146471323619","potions_obtained":[{"floor":5,"key":"FocusPotion"},{"floor":8,"key":"GamblersBrew"},{"floor":11,"key":"Explosive Potion"},{"floor":13,"key":"SkillPotion"},{"floor":21,"key":"Dexterity Potion"}],"is_trial":false,"path_per_floor":["M","?","T","M","M","R","?","M","T","R","M","R","M","$","R","B",null,"M","M","?","M","$","R","E"],"character_chosen":"DEFECT","items_purchased":["Ancient Tea Set","Glacier"],"campfire_rested":1,"item_purchase_floors":[14,22],"current_hp_per_floor":[57,57,57,51,51,51,51,35,35,35,26,26,21,21,21,1,48,47,42,25,6,6,38,0],"gold":47,"neow_bonus":"THREE_RARE_CARDS","is_prod":false,"is_daily":false,"chose_seed":false,"campfire_upgraded":4,"win_rate":0,"timestamp":1556319351,"path_taken":["M","?","?","M","M","R","?","?","T","R","M","R","M","$","R","BOSS","M","M","?","M","$","R","E"],"build_version":"2019-01-23","purchased_purges":0,"victory":false,"max_hp_per_floor":[64,64,64,64,64,64,64,64,64,64,64,64,64,64,64,64,64,64,64,69,69,69,69,69],"card_choices":[{"not_picked":["Amplify","Machine Learning"],"picked":"Core Surge","floor":0},{"not_picked":["Turbo","Gash"],"picked":"Cold Snap","floor":1},{"not_picked":["Hello World","Redo"],"picked":"Barrage","floor":4},{"not_picked":["Barrage","Reprogram"],"picked":"Sunder","floor":5},{"not_picked":["Rebound","Steam"],"picked":"Cold Snap","floor":8},{"not_picked":["Chaos","Conserve Battery"],"picked":"Core Surge","floor":11},{"not_picked":["Sunder","Barrage"],"picked":"Static Discharge","floor":13},{"not_picked":["Hyperbeam","Buffer"],"picked":"Echo Form","floor":16},{"not_picked":["Doom and Gloom+1","Compile Driver"],"picked":"Loop+1","floor":18},{"not_picked":["Skim","Barrage"],"picked":"Hologram","floor":19},{"not_picked":["Beam Cell+1","Streamline"],"picked":"Capacitor","floor":21}],"player_experience":1965590,"relics_obtained":[{"floor":3,"key":"Sundial"},{"floor":9,"key":"Ornamental Fan"}],"event_choices":[{"damage_healed":0,"gold_gain":0,"player_choice":"Grow","damage_taken":0,"max_hp_gain":0,"max_hp_loss":0,"event_name":"Living Wall","floor":2,"gold_loss":0,"cards_upgraded":["Zap"]},{"cards_removed":["Sunder"],"damage_healed":0,"gold_gain":0,"player_choice":"Gave Card","damage_taken":0,"relics_obtained":["Orichalcum"],"max_hp_gain":0,"max_hp_loss":0,"event_name":"WeMeetAgain","floor":7,"gold_loss":0},{"damage_healed":0,"gold_gain":0,"player_choice":"Shed Blood","damage_taken":22,"max_hp_gain":5,"max_hp_loss":0,"event_name":"Forgotten Altar","floor":20,"gold_loss":0}],"is_beta":false,"boss_relics":[{"not_picked":["Pandora\u0027s Box","Tiny House"],"picked":"Eternal Feather"}],"items_purged_floors":[],"is_endless":false,"potions_floor_spawned":[5,8,11,13,21],"killed_by":"Gremlin Leader","ascension_level":20}