{"gold_per_floor":[118,71,71,71,71,71,101,101,101,101,118,132,132,158,158,258,258,268,281,114,130,30,64,79,79,156,156,170,187,220,240,240,345,345,361,376,392,408,425,460,460,493,493,220,545,545,545,565,565,565,565,565,45,76,76],"floor_reached":55,"playtime":5224,"items_purged":["Strike_B","Strike_B","Strike_B"],"score":1108,"play_id":"1eb41f7c-b33b-481f-b85a-5cd5846eef42","local_time":"20190426105502","is_ascension_mode":true,"campfire_choices":[{"data":"Defend_B","floor":6.0,"key":"SMITH"},{"data":"Gash","floor":10.0,"key":"SMITH"},{"data":"Buffer","floor":13,"key":"SMITH"},{"data":"Dualcast","floor":15,"key":"SMITH"},{"floor":25,"key":"REST"},{"data":"Hologram","floor":32,"key":"SMITH"},{"data":"Scrape","floor":41,"key":"SMITH"},{"floor":47,"key":"RECALL"},{"data":"Defend_B","floor":49,"key":"SMITH"},{"data":"Gash","floor":52,"key":"SMITH"}],"neow_cost":"NONE","seed_source_timestamp":0,"circlet_count":0,"master_deck":["Strike_B+1","Defend_B+1","Defend_B+1","Defend_B+1","Defend_B+1","Zap+1","Dualcast+1","Gash+1","Gash+1","Core Surge","Scrape+1","Buffer+1","All For One","Stack+1","Chill","Gash","Reprogram+1","Leap+1","Steam","Gash","Hologram+1","Conserve Battery+1","Beam Cell+1","All For One","Violence+1"],"special_seed":0,"relics":["Cracked Core","Omamori","Meat on the Bone","Torii","Mercury Hourglass","Symbiotic Virus","Busted Crown","War Paint","Pantograph","Enchiridion","Blue Candle","Lizard Tail","Toxic Egg 2","Vajra","Anchor","Old Coin","DataDisk","Bag of Marbles","Art of War"],"potions_floor_usage":[16,23,30,33,45,48,50,55,55],"damage_taken":[{"damage":4.0,"enemies":"Jaw Worm","floor":1.0,"turns":4.0},{"damage":15.0,"enemies":"Lagavulin","floor":7.0,"turns":6.0},{"damage":6.0,"enemies":"2 Louse","floor":11.0,"turns":2.0},{"damage":0,"enemies":"Small Slimes","floor":12,"turns":1},{"damage":2,"enemies":"3 Sentries","floor":14,"turns":5},{"damage":0,"enemies":"Slime Boss","floor":16,"turns":6},{"damage":10,"enemies":"3 Byrds","floor":18,"turns":4},{"damage":0,"enemies":"Spheric Guardian","floor":19,"turns":3},{"damage":9,"enemies":"Snake Plant","floor":21,"turns":3},{"damage":35,"enemies":"Book of Stabbing","floor":23,"turns":5},{"damage":15,"enemies":"Centurion and Healer","floor":24,"turns":4},{"damage":0,"enemies":"Snecko","floor":28,"turns":3},{"damage":15,"enemies":"Snake Plant","floor":29,"turns":3},{"damage":0,"enemies":"Gremlin Leader","floor":30,"turns":4},{"damage":0,"enemies":"Sentry and Sphere","floor":31,"turns":3},{"damage":0,"enemies":"Collector","floor":33,"turns":6},{"damage":2,"enemies":"Orb Walker","floor":35,"turns":3},{"damage":0,"enemies":"3 Darklings","floor":36,"turns":4},{"damage":16,"enemies":"Transient","floor":37,"turns":5},{"damage":0,"enemies":"Jaw Worm Horde","floor":38,"turns":3},{"damage":0,"enemies":"Maw","floor":39,"turns":6},{"damage":6,"enemies":"Reptomancer","floor":40,"turns":4},{"damage":6,"enemies":"Giant Head","floor":42,"turns":6},{"damage":1,"enemies":"Nemesis","floor":45,"turns":5},{"damage":0,"enemies":"4 Shapes","floor":48,"turns":5},{"damage":38,"enemies":"Donu and Deca","floor":50,"turns":8},{"damage":16,"enemies":"Shield and Spear","floor":54,"turns":4},{"damage":147,"enemies":"The Heart","floor":55,"turns":8}],"seed_played":"4452467559689465564","potions_obtained":[{"floor":12,"key":"Ancient Potion"},{"floor":14,"key":"PowerPotion"},{"floor":16,"key":"Explosive Potion"},{"floor":19,"key":"EssenceOfSteel"},{"floor":24,"key":"Swift Potion"},{"floor":29,"key":"SkillPotion"},{"floor":33,"key":"Weak Potion"},{"floor":37,"key":"Explosive Potion"},{"floor":48,"key":"Explosive Potion"}],"is_trial":false,"path_per_floor":["M","$","?","?","?","R","E","?","T","R","M","M","R","E","R","B",null,"M","M","$","M","$","E","M","R","T","?","M","M","E","M","R","B",null,"M","M","M","M","M","E","R","E","T","$","E","?","R","M","R","B",null,"R","$","E","B"],"character_chosen":"DEFECT","items_purchased":["Gash","Gash","Reprogram","Anchor","Violence+1","DataDisk","Bag of Marbles","Block Potion"],"campfire_rested":1,"item_purchase_floors":[2,20,20,44,53,53,53,53],"current_hp_per_floor":[71,71,56,56,56,56,41,41,41,41,47,47,47,45,45,45,75,65,65,65,56,56,33,30,52,52,36,48,45,45,45,45,70,75,73,73,57,57,57,51,51,45,45,45,44,44,44,44,44,43,75,75,75,59,0],"gold":76,"neow_bonus":"RANDOM_COMMON_RELIC","is_prod":false,"is_daily":false,"chose_seed":false,"campfire_upgraded":8,"win_rate":0,"timestamp":1556272502,"path_taken":["M","$","?","?","?","R","E","?","T","R","M","M","R","E","R","BOSS","M","M","?","?","$","E","M","R","T","?","M","M","E","M","R","BOSS","M","M","M","M","M","E","R","E","T","$","E","?","R","M","R","BOSS","R","$","E","BOSS"],"build_version":"2019-01-23","purchased_purges":3,"victory":false,"max_hp_per_floor":[75,75,75,75,75,75,75,75,75,75,75,75,75,75,75,75,75,75,75,75,75,75,75,75,75,75,75,75,75,75,75,75,75,75,75,75,75,75,75,75,75,75,75,75,75,75,75,75,75,75,75,75,75,75,75],"card_choices":[{"not_picked":["Leap","Compile Driver"],"picked":"Gash","floor":1.0},{"not_picked":["Beam Cell","Reprogram"],"picked":"Core Surge","floor":7.0},{"not_picked":["Streamline","Leap"],"picked":"Scrape","floor":11},{"not_picked":["Ball Lightning","Cold Snap"],"picked":"Buffer","floor":12},{"not_picked":["Sweeping Beam","Barrage","Streamline"],"picked":"SKIP","floor":14},{"not_picked":["Biased Cognition","Creative AI"],"picked":"All For One","floor":16},{"not_picked":[],"picked":"Stack","floor":18},{"not_picked":[],"picked":"Chill","floor":19},{"not_picked":[],"picked":"Leap+1","floor":21},{"not_picked":[],"picked":"Steam","floor":23},{"not_picked":["Sweeping Beam"],"picked":"SKIP","floor":24},{"not_picked":[],"picked":"Gash","floor":28},{"not_picked":["Storm"],"picked":"SKIP","floor":29},{"not_picked":["Barrage"],"picked":"SKIP","floor":30},{"not_picked":[],"picked":"Hologram","floor":31},{"not_picked":[],"picked":"Conserve Battery+1","floor":35},{"not_picked":[],"picked":"Beam Cell+1","floor":36},{"not_picked":["Ball Lightning+1"],"picked":"SKIP","floor":37},{"not_picked":["Steam"],"picked":"SKIP","floor":38},{"not_picked":["Gash"],"picked":"SKIP","floor":39},{"not_picked":["Melter+1"],"picked":"SKIP","floor":40},{"not_picked":["Sweeping Beam"],"picked":"SKIP","floor":42},{"not_picked":["Tempest+1"],"picked":"SKIP","floor":45},{"not_picked":["Beam Cell+1"],"picked":"SKIP","floor":48},{"not_picked":["Leap+1"],"picked":"SKIP","floor":54}],"player_experience":206512,"relics_obtained":[{"floor":7.0,"key":"Torii"},{"floor":9.0,"key":"Mercury Hourglass"},{"floor":14,"key":"Symbiotic Virus"},{"floor":23,"key":"War Paint"},{"floor":26,"key":"Pantograph"},{"floor":27,"key":"Enchiridion"},{"floor":30,"key":"Blue Candle"},{"floor":40,"key":"Toxic Egg 2"},{"floor":42,"key":"Vajra"},{"floor":45,"key":"Old Coin"},{"floor":54,"key":"Art of War"}],"event_choices":[{"damage_healed":0.0,"max_hp_gain":0.0,"max_hp_loss":0.0,"gold_gain":0.0,"event_name":"Shining Light","player_choice":"Entered Light","floor":3.0,"gold_loss":0.0,"damage_taken":15.0,"cards_upgraded":["Defend_B","Strike_B"]},{"damage_healed":0.0,"max_hp_gain":0.0,"max_hp_loss":0.0,"gold_gain":0.0,"event_name":"Living Wall","player_choice":"Grow","floor":4.0,"gold_loss":0.0,"damage_taken":0.0,"cards_upgraded":["Zap"]},{"damage_healed":0.0,"max_hp_gain":0.0,"max_hp_loss":0.0,"gold_gain":0.0,"event_name":"Big Fish","player_choice":"Box","floor":5.0,"gold_loss":0.0,"damage_taken":0.0,"relics_obtained":["Meat on the Bone"],"cards_obtained":["Regret"]},{"damage_healed":0.0,"max_hp_gain":0.0,"max_hp_loss":0.0,"gold_gain":0.0,"event_name":"Upgrade Shrine","player_choice":"Upgraded","floor":8.0,"gold_loss":0.0,"damage_taken":0.0,"cards_upgraded":["Defend_B"]},{"damage_healed":0,"gold_gain":0,"player_choice":"Obtained Book","damage_taken":16,"max_hp_gain":0,"max_hp_loss":0,"event_name":"Cursed Tome","floor":27,"gold_loss":0},{"damage_healed":0,"gold_gain":0,"player_choice":"Copied","damage_taken":0,"max_hp_gain":0,"max_hp_loss":0,"event_name":"Duplicator","floor":46,"gold_loss":0,"cards_obtained":["All For One"]}],"is_beta":false,"boss_relics":[{"not_picked":["Philosopher\u0027s Stone","Orrery"],"picked":"Busted Crown"},{"not_picked":["Tiny House","Sozu"],"picked":"Lizard Tail"}],"items_purged_floors":[20,22,44],"is_endless":false,"potions_floor_spawned":[12,14,16,19,24,29,33,37,38,40,48],"killed_by":"The Heart","ascension_level":4}