{"gold_per_floor":[110,110,35,35,45,45,74,85,108,108,122,122,134,134,134,227,227,248,202,127,146,14,14],"floor_reached":23,"playtime":900,"items_purged":[],"score":482,"play_id":"64f7477a-73d6-4504-bac9-85b435f048bc","local_time":"20190413010009","is_ascension_mode":true,"campfire_choices":[{"data":"Deadly Poison","floor":6,"key":"SMITH"},{"data":"Neutralize","floor":10,"key":"SMITH"},{"data":"A Thousand Cuts","floor":12,"key":"SMITH"},{"data":"Deadly Poison","floor":15,"key":"SMITH"}],"neow_cost":"NONE","seed_source_timestamp":109667383381234,"circlet_count":0,"master_deck":["AscendersBane","Defend_G","Defend_G","Defend_G","Defend_G","Defend_G","Strike_G","Strike_G","Strike_G","Survivor","Neutralize+1","Leg Sweep","Deadly Poison+1","Backflip","A Thousand Cuts+1","Deadly Poison+1","Burst","Bouncing Flask","PiercingWail","Caltrops"],"relics":["Ring of the Snake","Omamori","Oddly Smooth Stone","Dodecahedron","Mummified Hand","Vajra","Golden Idol","Black Star"],"potions_floor_usage":[7,23,23],"damage_taken":[{"damage":7,"enemies":"2 Louse","floor":1,"turns":3},{"damage":0,"enemies":"Small Slimes","floor":5,"turns":5},{"damage":18,"enemies":"Lagavulin","floor":7,"turns":9},{"damage":0,"enemies":"Jaw Worm","floor":8,"turns":4},{"damage":0,"enemies":"3 Louse","floor":11,"turns":5},{"damage":3,"enemies":"Red Slaver","floor":13,"turns":4},{"damage":0,"enemies":"Hexaghost","floor":16,"turns":9},{"damage":1,"enemies":"Spheric Guardian","floor":18,"turns":6},{"damage":18,"enemies":"2 Thieves","floor":19,"turns":5},{"damage":9,"enemies":"Snake Plant","floor":21,"turns":5},{"damage":28,"enemies":"Slavers","floor":23,"turns":2}],"seed_played":"-8086212929173898123","potions_obtained":[{"floor":5,"key":"Dexterity Potion"},{"floor":8,"key":"Fruit Juice"}],"is_trial":false,"path_per_floor":["M","?","?","?","M","R","E","M","T","R","M","R","M","?","R","B",null,"M","M","?","M","$","E"],"character_chosen":"THE_SILENT","items_purchased":["Caltrops","FearPotion"],"campfire_rested":0,"item_purchase_floors":[22,22],"current_hp_per_floor":[52,52,52,41,41,41,23,23,23,23,23,23,20,20,20,20,50,49,31,31,22,22,0],"gold":14,"neow_bonus":"RANDOM_COMMON_RELIC","is_prod":false,"is_daily":false,"chose_seed":false,"campfire_upgraded":4,"win_rate":0,"timestamp":1555131609,"path_taken":["M","?","?","?","M","R","E","M","T","R","M","R","M","?","R","BOSS","M","M","?","M","$","E"],"build_version":"2019-01-23","purchased_purges":0,"victory":false,"max_hp_per_floor":[66,66,66,66,66,66,66,66,66,66,66,66,66,60,60,60,60,60,60,60,60,60,65],"card_choices":[{"not_picked":["Acrobatics","Choke"],"picked":"Leg Sweep","floor":1},{"not_picked":["Expertise","Dagger Throw"],"picked":"Deadly Poison","floor":5},{"not_picked":["Outmaneuver","Expertise","Dagger Throw"],"picked":"SKIP","floor":7},{"not_picked":["Tactician","Dagger Throw"],"picked":"Backflip","floor":8},{"not_picked":["Poisoned Stab","Acrobatics"],"picked":"A Thousand Cuts","floor":11},{"not_picked":["Dagger Spray","Blade Dance"],"picked":"Deadly Poison","floor":13},{"not_picked":["Storm of Steel","Envenom"],"picked":"Burst","floor":16},{"not_picked":["Masterful Stab","Setup","Dagger Throw"],"picked":"SKIP","floor":18},{"not_picked":["Bane","Escape Plan"],"picked":"Bouncing Flask","floor":19},{"not_picked":["Deflect","Doppelganger"],"picked":"PiercingWail","floor":21}],"player_experience":1836051,"relics_obtained":[{"floor":7,"key":"Mummified Hand"},{"floor":9,"key":"Vajra"}],"event_choices":[{"damage_healed":0,"gold_gain":0,"player_choice":"Box","damage_taken":0,"relics_obtained":["Oddly Smooth Stone"],"max_hp_gain":0,"max_hp_loss":0,"event_name":"Big Fish","floor":2,"gold_loss":0,"cards_obtained":["Regret"]},{"cards_removed":["Strike_G"],"damage_healed":0,"gold_gain":0,"player_choice":"Card Removal","damage_taken":0,"max_hp_gain":0,"max_hp_loss":0,"event_name":"The Cleric","floor":3,"gold_loss":75},{"damage_healed":0,"gold_gain":0,"player_choice":"Success","damage_taken":11,"relics_obtained":["Dodecahedron"],"max_hp_gain":0,"max_hp_loss":0,"event_name":"Scrap Ooze","floor":4,"gold_loss":0},{"damage_healed":0,"gold_gain":0,"player_choice":"Lose Max HP","damage_taken":0,"relics_obtained":["Golden Idol"],"max_hp_gain":0,"max_hp_loss":6,"event_name":"Golden Idol","floor":14,"gold_loss":0},{"cards_removed":["Strike_G"],"damage_healed":0,"gold_gain":0,"player_choice":"Gave Gold","damage_taken":0,"max_hp_gain":0,"max_hp_loss":0,"event_name":"Beggar","floor":20,"gold_loss":75}],"is_beta":false,"boss_relics":[{"not_picked":["Pandora\u0027s Box","Tiny House"],"picked":"Black Star"}],"items_purged_floors":[],"is_endless":false,"potions_floor_spawned":[5,8],"killed_by":"Slavers","ascension_level":20}