{"gold_per_floor":[113,128,128,108,118,146,146,174,174,208,208],"floor_reached":11,"playtime":477,"items_purged":[],"score":182,"play_id":"6dfb3f4b-9bf3-435f-b986-7f27e15af3f7","local_time":"20190502080825","is_ascension_mode":true,"campfire_choices":[{"data":"Twin Strike","floor":7,"key":"SMITH"}],"neow_cost":"NONE","seed_source_timestamp":828643241624066,"circlet_count":0,"master_deck":["AscendersBane","Strike_R","Strike_R","Strike_R","Strike_R","Strike_R","Defend_R","Defend_R","Defend_R","Defend_R","Bash","Anger","Twin Strike+1","Shockwave"],"relics":["Burning Blood","Nunchaku","Letter Opener","Kunai","Regal Pillow"],"potions_floor_usage":[6,8,10,11],"damage_taken":[{"damage":10,"enemies":"Small Slimes","floor":1,"turns":4},{"damage":6,"enemies":"2 Louse","floor":2,"turns":3},{"damage":0,"enemies":"Cultist","floor":5,"turns":3},{"damage":40,"enemies":"Lagavulin","floor":6,"turns":5},{"damage":24,"enemies":"Gremlin Nob","floor":8,"turns":4},{"damage":15,"enemies":"Lagavulin","floor":10,"turns":5},{"damage":9,"enemies":"Large Slime","floor":11,"turns":5}],"seed_played":"1187580247693392554","potions_obtained":[{"floor":0,"key":"Ancient Potion"},{"floor":0,"key":"Weak Potion"},{"floor":2,"key":"GamblersBrew"},{"floor":6,"key":"SpeedPotion"},{"floor":10,"key":"Dexterity Potion"}],"is_trial":false,"path_per_floor":["M","M","?","?","M","E","R","E","T","E","M"],"character_chosen":"IRONCLAD","items_purchased":[],"campfire_rested":0,"item_purchase_floors":[],"current_hp_per_floor":[64,64,64,64,70,36,36,18,18,9,0],"gold":208,"neow_bonus":"THREE_SMALL_POTIONS","is_prod":false,"is_daily":false,"chose_seed":false,"campfire_upgraded":1,"win_rate":0,"timestamp":1556798905,"path_taken":["M","M","?","?","M","E","R","E","T","E","?"],"build_version":"2019-01-23","purchased_purges":0,"victory":false,"max_hp_per_floor":[75,75,75,75,75,75,75,75,75,75,75],"card_choices":[{"not_picked":["Headbutt","Dual Wield"],"picked":"Anger","floor":1},{"not_picked":["Body Slam","Havoc"],"picked":"Twin Strike","floor":2},{"not_picked":["Warcry","Dropkick","Ghostly Armor"],"picked":"SKIP","floor":5},{"not_picked":["Combust","Cleave","Havoc"],"picked":"SKIP","floor":6},{"not_picked":["Limit Break","Flex"],"picked":"Shockwave","floor":8},{"not_picked":["Seeing Red","Second Wind","Fire Breathing"],"picked":"SKIP","floor":10}],"player_experience":2239354,"relics_obtained":[{"floor":6,"key":"Nunchaku"},{"floor":8,"key":"Letter Opener"},{"floor":9,"key":"Kunai"},{"floor":10,"key":"Regal Pillow"}],"event_choices":[{"damage_healed":0,"gold_gain":0,"player_choice":"Ignored","damage_taken":0,"max_hp_gain":0,"max_hp_loss":0,"event_name":"Liars Game","floor":3,"gold_loss":0},{"damage_healed":0,"gold_gain":0,"player_choice":"Bought 1 Potion","damage_taken":0,"max_hp_gain":0,"max_hp_loss":0,"event_name":"The Woman in Blue","floor":4,"gold_loss":0}],"is_beta":false,"boss_relics":[],"items_purged_floors":[],"is_endless":false,"potions_floor_spawned":[2,6,10],"killed_by":"Large Slime","ascension_level":20}