{"path_per_floor":["M","?","M","?","?","R","M","M","T","M","M","R","M","?","R","B",null,"M","$","M","M","?","R"],"character_chosen":"IRONCLAD","items_purchased":["Bottled Lightning","Corruption","Havoc","True Grit"],"gold_per_floor":[112,112,125,200,150,150,167,183,183,199,218,218,238,238,238,369,399,417,29,36,56,56,56,56],"floor_reached":24,"campfire_rested":0,"playtime":1387,"current_hp_per_floor":[80,80,80,69,69,69,72,74,74,70,64,64,66,66,66,57,80,78,78,76,73,40,40,0],"items_purged":[],"gold":56,"score":216,"play_id":"276b656d-9a6c-4a4a-938c-65515539e82e","local_time":"20180410000328","is_prod":false,"is_daily":false,"is_ascension_mode":false,"campfire_upgraded":4,"timestamp":1523333008,"path_taken":["M","?","M","?","?","R","M","?","T","M","?","R","M","?","R","BOSS","M","$","M","M","?","R","E"],"build_version":"2018-04-05v2","purchased_purges":1,"victory":false,"master_deck":["Strike_R","Strike_R","Strike_R","Strike_R","Defend_R","Defend_R","Defend_R","Defend_R","Bash+1","Offering","Second Wind","Metallicize+1","Seeing Red","Havoc+1","Feel No Pain+1","Ghostly Armor","Injury","Offering","Clumsy","Writhe","Decay","Corruption","Havoc","True Grit","Headbutt+1","Warcry+1","Ghostly","Ghostly","Ghostly","Ghostly","Ghostly"],"max_hp_per_floor":[80,80,80,80,80,80,80,80,80,80,80,80,80,80,80,80,80,80,80,80,80,40,40,40],"relics":["Burning Blood","Dream Catcher","Golden Idol","Calling Bell","Tiny Chest","Pen Nib","Thread and Needle","Bottled Lightning"],"card_choices":[{"not_picked":["Berserk","Limit Break"],"picked":"Offering","floor":0},{"not_picked":["Headbutt","Iron Wave"],"picked":"Second Wind","floor":1},{"not_picked":["Power Through","Clothesline"],"picked":"Metallicize","floor":3},{"not_picked":["Twin Strike","Perfected Strike"],"picked":"Seeing Red","floor":7},{"not_picked":["True Grit","Battle Trance"],"picked":"Havoc","floor":10},{"not_picked":["Twin Strike","Headbutt"],"picked":"Feel No Pain","floor":11},{"not_picked":["Clash","Blood for Blood"],"picked":"Ghostly Armor","floor":13},{"not_picked":["Immolate","Juggernaut"],"picked":"Offering","floor":16},{"not_picked":["Sword Boomerang","Rage"],"picked":"Headbutt","floor":20},{"not_picked":["Reckless Charge","Shrug It Off"],"picked":"Warcry","floor":21}],"player_experience":800138,"potions_floor_usage":[8,16,21,21],"damage_taken":[{"damage":5,"enemies":"Jaw Worm","floor":1,"turns":4},{"damage":4,"enemies":"Small Slimes","floor":3,"turns":2},{"damage":3,"enemies":"2 Louse","floor":7,"turns":4},{"damage":4,"enemies":"Exordium Wildlife","floor":8,"turns":4},{"damage":10,"enemies":"Red Slaver","floor":10,"turns":4},{"damage":12,"enemies":"Large Slime","floor":11,"turns":8},{"damage":4,"enemies":"Exordium Wildlife","floor":13,"turns":6},{"damage":15,"enemies":"The Guardian","floor":16,"turns":13},{"damage":8,"enemies":"Spheric Guardian","floor":18,"turns":8},{"damage":8,"enemies":"2 Thieves","floor":20,"turns":4},{"damage":9,"enemies":"Snake Plant","floor":21,"turns":4},{"damage":45,"enemies":"Gremlin Leader","floor":24,"turns":11}],"event_choices":[{"event_name":"Living Wall","player_choice":"Forget","floor":2,"damage_taken":0},{"event_name":"World of Goop","player_choice":"Gather Gold","floor":4,"damage_taken":0},{"event_name":"The Cleric","player_choice":"Card Removal","floor":5,"damage_taken":0},{"event_name":"Golden Idol","player_choice":"Take Wound","floor":14,"damage_taken":0},{"event_name":"Ghosts","player_choice":"Became a Ghost","floor":22,"damage_taken":0}],"boss_relics":[{"not_picked":["Tiny House","Black Blood"],"picked":"Calling Bell"}],"potions_floor_spawned":[1,10,13,16,21],"seed_played":"-8565138733447390340","killed_by":"Gremlin Leader","ascension_level":0,"is_trial":false}