{"gold_per_floor":[111,261,261,281,295,355,355,355],"floor_reached":8,"playtime":286,"items_purged":[],"score":112,"play_id":"bcaa39b2-4397-4dbd-a668-c90bd245a163","local_time":"20190503100133","is_ascension_mode":true,"campfire_choices":[{"floor":7,"key":"REST"}],"neow_cost":"NONE","seed_source_timestamp":922030263931065,"circlet_count":0,"master_deck":["AscendersBane","Defend_G","Defend_G","Defend_G","Defend_G","Defend_G","Strike_G","Strike_G","Strike_G","Strike_G","Strike_G","Survivor","Neutralize+1","Cloak And Dagger","Doubt","Dodge and Roll","Sucker Punch"],"relics":["Ring of the Snake","NeowsBlessing","Tiny Chest"],"potions_floor_usage":[],"damage_taken":[{"damage":0,"enemies":"2 Louse","floor":1,"turns":1},{"damage":0,"enemies":"Jaw Worm","floor":4,"turns":1},{"damage":0,"enemies":"Cultist","floor":5,"turns":1},{"damage":58,"enemies":"3 Sentries","floor":6,"turns":19},{"damage":0,"enemies":"Lots of Slimes","floor":8,"turns":1}],"seed_played":"-9026442978784830186","potions_obtained":[{"floor":1,"key":"EssenceOfSteel"},{"floor":6,"key":"PowerPotion"}],"is_trial":false,"path_per_floor":["M","?","?","M","M","E","R","M"],"character_chosen":"THE_SILENT","items_purchased":[],"campfire_rested":1,"item_purchase_floors":[],"current_hp_per_floor":[59,59,59,59,59,1,20,20],"gold":355,"neow_bonus":"THREE_ENEMY_KILL","is_prod":false,"is_daily":false,"chose_seed":false,"campfire_upgraded":0,"win_rate":0,"timestamp":1556892093,"path_taken":["M","?","?","?","?","E","R","M"],"build_version":"2019-01-23","purchased_purges":0,"victory":false,"max_hp_per_floor":[66,66,66,66,66,66,66,66],"card_choices":[{"not_picked":["Riddle With Holes","Deadly Poison"],"picked":"Cloak And Dagger","floor":1},{"not_picked":["Poisoned Stab","Quick Slash"],"picked":"Dodge and Roll","floor":4},{"not_picked":["Acrobatics","Blade Dance"],"picked":"Sucker Punch","floor":5},{"not_picked":["Storm of Steel","Setup","Reflex"],"picked":"SKIP","floor":6}],"player_experience":2296118,"relics_obtained":[{"floor":6,"key":"Tiny Chest"}],"event_choices":[{"damage_healed":0,"gold_gain":150,"player_choice":"AGREE","damage_taken":0,"max_hp_gain":0,"max_hp_loss":0,"event_name":"Liars Game","floor":2,"gold_loss":0,"cards_obtained":["Doubt"]},{"damage_healed":0,"gold_gain":0,"player_choice":"Upgraded","damage_taken":0,"max_hp_gain":0,"max_hp_loss":0,"event_name":"Upgrade Shrine","floor":3,"gold_loss":0,"cards_upgraded":["Neutralize"]}],"is_beta":false,"boss_relics":[],"items_purged_floors":[],"is_endless":false,"potions_floor_spawned":[1,6],"killed_by":"Lots of Slimes","ascension_level":20}