{"gold_per_floor":[112,112,125,140,140,140,34,59,85,105,105,124,154,169,169,243,243,260,260,130,148,159,159,193,193,193,218,229,257,257,275,275,275],"floor_reached":33,"playtime":1793,"items_purged":[],"score":634,"play_id":"13531c71-2c19-4369-af27-a171737a74c6","local_time":"20190429045806","is_ascension_mode":true,"campfire_choices":[{"data":"Glass Knife","floor":6,"key":"SMITH"},{"floor":11,"key":"REST"},{"data":"Deflect","floor":15,"key":"SMITH"},{"floor":23,"key":"REST"},{"floor":25,"key":"REST"},{"floor":32,"key":"RECALL"}],"neow_cost":"NONE","seed_source_timestamp":556671249696619,"circlet_count":0,"master_deck":["AscendersBane","Defend_G+1","Defend_G","Defend_G+1","Defend_G","Defend_G+1","Strike_G","Strike_G","Strike_G","Strike_G","Strike_G","Survivor+1","Neutralize+1","Dagger Throw","Quick Slash","Glass Knife+1","PiercingWail","Terror","Quick Slash+1","Deflect+1","Die Die Die+1","PiercingWail","Cloak And Dagger","Choke+1","Slice+1","Backflip","Backflip","Cloak And Dagger","Blade Dance+1"],"relics":["Ring of the Snake","Bag of Preparation","Bronze Scales","War Paint","Molten Egg 2","Fusion Hammer","Tiny Chest","Pen Nib","Letter Opener","Blood Vial","Oddly Smooth Stone"],"potions_floor_usage":[8,10,21,22,24,24,33],"damage_taken":[{"damage":0,"enemies":"2 Louse","floor":1,"turns":4},{"damage":0,"enemies":"Small Slimes","floor":3,"turns":4},{"damage":4,"enemies":"Jaw Worm","floor":4,"turns":6},{"damage":13,"enemies":"Lagavulin","floor":8,"turns":5},{"damage":0,"enemies":"Gremlin Gang","floor":10,"turns":3},{"damage":0,"enemies":"3 Louse","floor":12,"turns":3},{"damage":14,"enemies":"3 Sentries","floor":13,"turns":7},{"damage":0,"enemies":"Red Slaver","floor":14,"turns":2},{"damage":8,"enemies":"The Guardian","floor":16,"turns":9},{"damage":4,"enemies":"Spheric Guardian","floor":18,"turns":3},{"damage":7,"enemies":"2 Thieves","floor":21,"turns":3},{"damage":18,"enemies":"Cultist and Chosen","floor":22,"turns":5},{"damage":9,"enemies":"Gremlin Leader","floor":24,"turns":5},{"damage":10,"enemies":"Slavers","floor":27,"turns":4},{"damage":1,"enemies":"Centurion and Healer","floor":28,"turns":5},{"damage":11,"enemies":"Book of Stabbing","floor":29,"turns":4},{"damage":12,"enemies":"Sentry and Sphere","floor":31,"turns":4},{"damage":54,"enemies":"Champ","floor":33,"turns":10}],"seed_played":"7108393873373416734","potions_obtained":[{"floor":8,"key":"FearPotion"},{"floor":10,"key":"FearPotion"},{"floor":12,"key":"Ancient Potion"},{"floor":16,"key":"Swift Potion"},{"floor":21,"key":"Regen Potion"},{"floor":22,"key":"Explosive Potion"},{"floor":24,"key":"Weak Potion"},{"floor":28,"key":"Energy Potion"}],"is_trial":false,"path_per_floor":["M","?","M","M","?","R","$","E","T","M","R","M","E","M","R","B",null,"M","?","$","M","M","R","E","R","T","E","M","E","?","M","R","B"],"character_chosen":"THE_SILENT","items_purchased":["Strength Potion","PiercingWail","Tiny Chest"],"campfire_rested":3,"item_purchase_floors":[7,7,20],"current_hp_per_floor":[59,39,39,35,24,24,24,11,11,11,30,30,16,16,16,8,52,48,48,48,41,23,42,47,66,66,56,57,48,61,51,51,0],"gold":275,"neow_bonus":"UPGRADE_CARD","is_prod":false,"is_daily":false,"chose_seed":false,"campfire_upgraded":2,"win_rate":0,"timestamp":1556528286,"path_taken":["M","?","M","M","?","R","?","E","T","M","R","M","E","?","R","BOSS","M","?","$","?","M","R","E","R","T","E","M","E","?","M","R","BOSS"],"build_version":"2019-01-23","purchased_purges":0,"victory":false,"max_hp_per_floor":[66,66,66,66,66,66,66,66,66,66,66,66,66,66,66,66,66,66,66,66,66,66,66,66,66,66,66,66,66,66,66,66,66],"card_choices":[{"not_picked":["Backflip","Blade Dance"],"picked":"Dagger Throw","floor":1},{"not_picked":["Reflex","Sucker Punch"],"picked":"Quick Slash","floor":3},{"not_picked":["Blade Dance","Choke"],"picked":"Glass Knife","floor":4},{"not_picked":["Deflect","Blade Dance"],"picked":"Terror","floor":8},{"not_picked":["Quick Slash","Acrobatics","Blur"],"picked":"SKIP","floor":10},{"not_picked":["Expertise","Distraction","Setup"],"picked":"SKIP","floor":12},{"not_picked":["Acrobatics","Backflip"],"picked":"Quick Slash","floor":13},{"not_picked":["Sucker Punch+1","Acrobatics"],"picked":"Deflect","floor":14},{"not_picked":["A Thousand Cuts","Malaise"],"picked":"Die Die Die+1","floor":16},{"not_picked":["All Out Attack+1","Slice+1"],"picked":"PiercingWail","floor":18},{"not_picked":["Deadly Poison","Poisoned Stab+1","Quick Slash+1"],"picked":"SKIP","floor":21},{"not_picked":["Dagger Throw+1","Escape Plan"],"picked":"Choke+1","floor":22},{"not_picked":["All Out Attack+1","Catalyst"],"picked":"Slice+1","floor":24},{"not_picked":["Crippling Poison","All Out Attack+1"],"picked":"Backflip","floor":27},{"not_picked":["Quick Slash+1","Reflex"],"picked":"Backflip","floor":28},{"not_picked":["Tools of the Trade","Deadly Poison"],"picked":"Cloak And Dagger","floor":29},{"not_picked":["Endless Agony+1","Catalyst"],"picked":"Blade Dance+1","floor":31}],"player_experience":2078048,"relics_obtained":[{"floor":8,"key":"Bronze Scales"},{"floor":9,"key":"War Paint"},{"floor":13,"key":"Molten Egg 2"},{"floor":24,"key":"Pen Nib"},{"floor":26,"key":"Letter Opener"},{"floor":27,"key":"Blood Vial"},{"floor":29,"key":"Oddly Smooth Stone"}],"event_choices":[{"damage_healed":0,"gold_gain":0,"player_choice":"Entered Light","damage_taken":20,"max_hp_gain":0,"max_hp_loss":0,"event_name":"Shining Light","floor":2,"gold_loss":0,"cards_upgraded":["Defend_G","Defend_G"]},{"damage_healed":0,"gold_gain":0,"player_choice":"Success","damage_taken":11,"relics_obtained":["Bag of Preparation"],"max_hp_gain":0,"max_hp_loss":0,"event_name":"Scrap Ooze","floor":5,"gold_loss":0},{"damage_healed":0,"gold_gain":0,"player_choice":"1 cards matched","damage_taken":0,"max_hp_gain":0,"max_hp_loss":0,"event_name":"Match and Keep!","floor":19,"gold_loss":0,"cards_obtained":["Cloak And Dagger"]},{"damage_healed":13,"gold_gain":0,"player_choice":"Heal","damage_taken":0,"max_hp_gain":0,"max_hp_loss":0,"event_name":"The Library","floor":30,"gold_loss":0}],"is_beta":false,"boss_relics":[{"not_picked":["Velvet Choker","White Beast Statue"],"picked":"Fusion Hammer"}],"items_purged_floors":[],"is_endless":false,"potions_floor_spawned":[8,10,12,16,21,22,24,28,31],"killed_by":"Champ","ascension_level":20}