{"gold_per_floor":[116,116,116,131,150,150,162,162,162,221,221,221,232,242,242,315,315,293,310,290,304,314,364,364,364,439,200,115,115,27,46,46,120,120,137,137,151,151],"floor_reached":38,"playtime":1505,"items_purged":["Decay"],"score":782,"play_id":"0c5cf624-c4c2-49af-b9f0-0512b2e93295","local_time":"20190203160904","is_ascension_mode":true,"campfire_choices":[{"data":"Zap","floor":6.0,"key":"SMITH"},{"data":"Undo","floor":8.0,"key":"SMITH"},{"floor":12.0,"key":"REST"},{"floor":15.0,"key":"REST"},{"data":"Chaos","floor":24.0,"key":"SMITH"},{"data":"Rainbow","floor":29.0,"key":"SMITH"},{"data":"Recycle","floor":32,"key":"SMITH"}],"neow_cost":"NONE","seed_source_timestamp":15657029108099,"circlet_count":0,"master_deck":["AscendersBane","Zap+1","Dualcast","Undo+1","Cold Snap","Cold Snap","Sweeping Beam","Recycle+1","Self Repair+1","Rainbow+1","Compile Driver","Turbo","Melter","Coolheaded","Reboot","Melter","Compile Driver","Chaos+1","Coolheaded","FTL","Core Surge","Loop+1","Defragment+1","Buffer+1","Skim"],"special_seed":0,"relics":["Cracked Core","NeowsBlessing","Frozen Egg 2","Vajra","Oddly Smooth Stone","Pandora\u0027s Box","Bottled Flame","WingedGreaves","Snecko Eye"],"potions_floor_usage":[31,33,37,38],"damage_taken":[{"damage":0.0,"enemies":"Jaw Worm","floor":1.0,"turns":1.0},{"damage":0.0,"enemies":"Cultist","floor":4.0,"turns":1.0},{"damage":0.0,"enemies":"Small Slimes","floor":5.0,"turns":1.0},{"damage":4.0,"enemies":"Looter","floor":7.0,"turns":4.0},{"damage":17.0,"enemies":"Gremlin Nob","floor":10.0,"turns":4.0},{"damage":37.0,"enemies":"Gremlin Gang","floor":13.0,"turns":5.0},{"damage":0.0,"enemies":"Large Slime","floor":14.0,"turns":5.0},{"damage":47.0,"enemies":"The Guardian","floor":16.0,"turns":18.0},{"damage":16.0,"enemies":"2 Thieves","floor":18.0,"turns":4.0},{"damage":0.0,"enemies":"Spheric Guardian","floor":19.0,"turns":1.0},{"damage":6.0,"enemies":"Centurion and Healer","floor":21.0,"turns":4.0},{"damage":15.0,"enemies":"Snecko","floor":22.0,"turns":5.0},{"damage":9,"enemies":"Shelled Parasite and Fungi","floor":31,"turns":5},{"damage":29,"enemies":"Champ","floor":33,"turns":11},{"damage":17,"enemies":"Orb Walker","floor":35,"turns":5},{"damage":0,"enemies":"3 Shapes","floor":37,"turns":6},{"damage":76,"enemies":"Jaw Worm Horde","floor":38,"turns":3}],"seed_played":"2762783206472072417","potions_obtained":[{"floor":4.0,"key":"Energy Potion"},{"floor":5.0,"key":"PowerPotion"},{"floor":7.0,"key":"Regen Potion"},{"floor":10.0,"key":"FairyPotion"},{"floor":14.0,"key":"Weak Potion"},{"floor":18.0,"key":"Poison Potion"},{"floor":20.0,"key":"Energy Potion"},{"floor":22.0,"key":"Energy Potion"},{"floor":31,"key":"EssenceOfSteel"},{"floor":35,"key":"Strength Potion"},{"floor":37,"key":"AttackPotion"}],"is_trial":false,"path_per_floor":["M","$","?","M","M","R","M","R","T","?","?","R","M","M","R","B",null,"M","M","?","M","M","?","R","?","T","$","?","R","$","M","R","B",null,"M","$","M","M"],"character_chosen":"DEFECT","items_purchased":["Core Surge","Loop+1"],"campfire_rested":2,"item_purchase_floors":[27,30],"current_hp_per_floor":[64,64,64,64,64,64,60,60,60,43,8,29,6,6,27,17,58,42,42,42,46,41,41,41,41,41,41,41,41,41,42,42,23,59,52,52,62,0],"gold":151,"neow_bonus":"THREE_ENEMY_KILL","is_prod":false,"is_daily":false,"chose_seed":false,"campfire_upgraded":5,"win_rate":0,"timestamp":1549235344,"path_taken":["M","$","?","M","?","R","M","R","T","?","?","R","M","M","R","BOSS","M","M","?","?","M","?","R","?","T","?","?","R","$","M","R","BOSS","M","$","M","M"],"build_version":"2019-01-23","purchased_purges":1,"victory":false,"max_hp_per_floor":[71,71,71,71,71,71,71,71,71,71,71,71,71,71,71,71,71,71,71,71,71,71,71,71,71,71,71,71,71,71,71,71,71,71,71,71,71,71],"card_choices":[{"not_picked":["Beam Cell","Go for the Eyes"],"picked":"Lockon","floor":1.0},{"not_picked":["Chaos","Steam"],"picked":"Undo","floor":4.0},{"not_picked":["Leap","Sweeping Beam"],"picked":"Cold Snap","floor":5.0},{"not_picked":["Steam","Chill"],"picked":"Cold Snap","floor":7.0},{"not_picked":["Undo","Force Field"],"picked":"Sweeping Beam","floor":10.0},{"not_picked":["Double Energy","Tempest"],"picked":"Recycle","floor":13.0},{"not_picked":["Recycle","Cold Snap"],"picked":"Self Repair+1","floor":14.0},{"not_picked":["Seek","Multi-Cast"],"picked":"Rainbow","floor":16.0},{"not_picked":["Blizzard","Go for the Eyes+1","Aggregate"],"picked":"SKIP","floor":18.0},{"not_picked":["Blizzard","Go for the Eyes+1","Aggregate"],"picked":"SKIP","floor":18.0},{"not_picked":["Go for the Eyes+1","Chill","Tempest"],"picked":"SKIP","floor":19.0},{"not_picked":["Rebound","Storm+1"],"picked":"Coolheaded","floor":21.0},{"not_picked":["Go for the Eyes","Steam"],"picked":"FTL","floor":22.0},{"not_picked":["Conserve Battery","Sweeping Beam"],"picked":"Defragment+1","floor":31},{"not_picked":["Meteor Strike","Amplify"],"picked":"Buffer+1","floor":33},{"not_picked":["Turbo","Redo","Barrage"],"picked":"SKIP","floor":35},{"not_picked":["FTL+1","Go for the Eyes"],"picked":"Skim","floor":37}],"player_experience":1072723,"relics_obtained":[{"floor":10.0,"key":"Vajra"},{"floor":26.0,"key":"Bottled Flame"}],"event_choices":[{"cards_removed":["Lockon"],"damage_healed":0.0,"max_hp_gain":0.0,"max_hp_loss":0.0,"gold_gain":0.0,"event_name":"WeMeetAgain","player_choice":"Gave Card","floor":3.0,"gold_loss":0.0,"damage_taken":0.0,"relics_obtained":["Frozen Egg 2"]},{"damage_healed":0.0,"max_hp_gain":0.0,"max_hp_loss":0.0,"gold_gain":30.0,"event_name":"Dead Adventurer","player_choice":"Searched \u00272\u0027 times","floor":10.0,"gold_loss":0.0,"damage_taken":0.0},{"damage_healed":0.0,"max_hp_gain":0.0,"max_hp_loss":0.0,"gold_gain":0.0,"event_name":"Scrap Ooze","player_choice":"Success","floor":11.0,"gold_loss":0.0,"damage_taken":35.0,"relics_obtained":["Oddly Smooth Stone"]},{"damage_healed":0.0,"max_hp_gain":0.0,"max_hp_loss":0.0,"gold_gain":0.0,"event_name":"The Woman in Blue","player_choice":"Bought 1 Potion","floor":20.0,"gold_loss":0.0,"damage_taken":0.0},{"damage_healed":0.0,"max_hp_gain":0.0,"max_hp_loss":0.0,"gold_gain":50.0,"event_name":"Nest","player_choice":"Stole From Cult","floor":23.0,"gold_loss":0.0,"damage_taken":0.0},{"damage_healed":0.0,"max_hp_gain":0.0,"max_hp_loss":0.0,"gold_gain":0.0,"event_name":"Forgotten Altar","player_choice":"Smashed Altar","floor":25.0,"gold_loss":0.0,"damage_taken":0.0,"cards_obtained":["Decay"]},{"damage_healed":0.0,"max_hp_gain":0.0,"max_hp_loss":0.0,"gold_gain":0.0,"event_name":"Addict","player_choice":"Obtained Relic","floor":28.0,"gold_loss":85.0,"damage_taken":0.0,"relics_obtained":["WingedGreaves"]}],"is_beta":true,"boss_relics":[{"not_picked":["Runic Dome","Inserter"],"picked":"Pandora\u0027s Box"},{"not_picked":["Empty Cage","Lizard Tail"],"picked":"Snecko Eye"}],"items_purged_floors":[27],"is_endless":false,"potions_floor_spawned":[4,5,7,10,14,18,22,31,35,37],"killed_by":"Jaw Worm Horde","ascension_level":20}