{"gold_per_floor":[111,123,134,134,35,35,35,35,61,74,131,146,171,171,171,267,267,251,251,270,290,290,290,323,323,323,343,343],"floor_reached":28,"playtime":1116,"items_purged":["Pain"],"score":238,"play_id":"9dadedff-9e13-4040-8d2b-336d49f2e9b0","local_time":"20190318010457","is_ascension_mode":false,"campfire_choices":[{"data":"Leap","floor":6,"key":"SMITH"},{"data":"Ball Lightning","floor":8,"key":"SMITH"},{"floor":15,"key":"REST"},{"data":"Streamline","floor":23,"key":"SMITH"}],"neow_cost":"CURSE","seed_source_timestamp":423665817926120,"circlet_count":0,"master_deck":["Strike_B","Strike_B","Strike_B","Strike_B","Defend_B","Defend_B","Defend_B+1","Defend_B+1","Zap","Dualcast","Self Repair+1","Ball Lightning+1","Leap+1","Steam","Consume","Leap","Stack","Melter","Streamline+1","Thunder Strike","Injury","Doubt","Injury","Auto Shields","Ball Lightning","Barrage","Double Energy+1","Streamline+1","Tempest+1"],"relics":["Cracked Core","Bird Faced Urn","Bottled Flame","Dream Catcher","Calling Bell","Du-Vu Doll","Anchor","Cables","Symbiotic Virus","Blood Vial","Omamori","Incense Burner"],"potions_floor_usage":[28],"damage_taken":[{"damage":9,"enemies":"Jaw Worm","floor":1,"turns":3},{"damage":4,"enemies":"Cultist","floor":2,"turns":3},{"damage":14,"enemies":"Small Slimes","floor":3,"turns":4},{"damage":5,"enemies":"Looter","floor":10,"turns":3},{"damage":17,"enemies":"3 Sentries","floor":11,"turns":5},{"damage":12,"enemies":"Gremlin Gang","floor":12,"turns":4},{"damage":17,"enemies":"3 Sentries","floor":13,"turns":7},{"damage":27,"enemies":"The Guardian","floor":16,"turns":12},{"damage":11,"enemies":"2 Thieves","floor":18,"turns":4},{"damage":1,"enemies":"Chosen","floor":20,"turns":4},{"damage":0,"enemies":"Sentry and Sphere","floor":21,"turns":2},{"damage":33,"enemies":"Book of Stabbing","floor":24,"turns":5},{"damage":25,"enemies":"Centurion and Healer","floor":27,"turns":5},{"damage":45,"enemies":"Slavers","floor":28,"turns":3}],"seed_played":"1775283420984335873","potions_obtained":[{"floor":1,"key":"SmokeBomb"},{"floor":3,"key":"Swift Potion"},{"floor":13,"key":"Ancient Potion"}],"is_trial":false,"path_per_floor":["M","M","M","?","$","R","$","R","T","M","?","M","E","?","R","B",null,"M","?","M","M","?","R","E","?","T","M","E"],"character_chosen":"DEFECT","items_purchased":["Steam"],"campfire_rested":1,"item_purchase_floors":[5],"current_hp_per_floor":[66,71,66,66,66,66,66,66,66,73,68,68,63,48,70,55,75,74,74,73,73,73,73,52,52,52,41,0],"gold":343,"neow_bonus":"ONE_RARE_RELIC","is_prod":false,"is_daily":false,"chose_seed":false,"campfire_upgraded":3,"win_rate":0,"timestamp":1552885497,"path_taken":["M","M","M","?","$","R","?","R","T","M","?","?","E","?","R","BOSS","M","?","M","M","?","R","E","?","T","?","E"],"build_version":"2019-01-23","purchased_purges":1,"victory":false,"max_hp_per_floor":[75,75,75,75,75,75,75,75,75,75,75,75,75,75,75,75,75,75,75,75,75,75,75,75,75,75,75,75],"card_choices":[{"not_picked":["Go for the Eyes","Coolheaded"],"picked":"Self Repair","floor":1},{"not_picked":["Rebound","Conserve Battery"],"picked":"Ball Lightning","floor":2},{"not_picked":["Cold Snap","Scrape"],"picked":"Leap","floor":3},{"not_picked":["Sunder","Conserve Battery"],"picked":"Consume","floor":10},{"not_picked":["Turbo","Reprogram"],"picked":"Leap","floor":11},{"not_picked":["Scrape","Streamline"],"picked":"Stack","floor":12},{"not_picked":["Steam","Compile Driver"],"picked":"Melter","floor":13},{"not_picked":["Fusion","Barrage"],"picked":"Streamline","floor":15},{"not_picked":["All For One","Machine Learning"],"picked":"Thunder Strike","floor":16},{"not_picked":["Barrage","Sunder"],"picked":"Auto Shields","floor":18},{"not_picked":["Recycle","Coolheaded"],"picked":"Barrage","floor":20},{"not_picked":["Leap+1","Chaos+1"],"picked":"Double Energy+1","floor":21},{"not_picked":["Compile Driver","Gash"],"picked":"Streamline+1","floor":24},{"not_picked":["Ball Lightning+1","Reprogram"],"picked":"Tempest+1","floor":27}],"player_experience":744759,"relics_obtained":[{"floor":11,"key":"Bottled Flame"},{"floor":13,"key":"Dream Catcher"},{"floor":17,"key":"Du-Vu Doll"},{"floor":17,"key":"Anchor"},{"floor":17,"key":"Cables"},{"floor":24,"key":"Blood Vial"},{"floor":26,"key":"Incense Burner"}],"event_choices":[{"damage_healed":0,"gold_gain":0,"player_choice":"Forge","damage_taken":0,"max_hp_gain":0,"max_hp_loss":0,"event_name":"Accursed Blacksmith","floor":4,"gold_loss":0,"cards_upgraded":["Self Repair"]},{"damage_healed":0,"gold_gain":0,"player_choice":"Searched \u00272\u0027 times","damage_taken":0,"max_hp_gain":0,"max_hp_loss":0,"event_name":"Dead Adventurer","floor":11,"gold_loss":0},{"damage_healed":0,"gold_gain":0,"player_choice":"Entered Light","damage_taken":15,"max_hp_gain":0,"max_hp_loss":0,"event_name":"Shining Light","floor":14,"gold_loss":0,"cards_upgraded":["Defend_B","Defend_B"]},{"damage_healed":0,"gold_gain":0,"player_choice":"Read","damage_taken":0,"max_hp_gain":0,"max_hp_loss":0,"event_name":"The Library","floor":19,"gold_loss":0,"cards_obtained":["Ball Lightning"]},{"damage_healed":0,"gold_gain":0,"player_choice":"Opened","damage_taken":0,"relics_obtained":["Symbiotic Virus"],"max_hp_gain":0,"max_hp_loss":0,"event_name":"The Mausoleum","floor":22,"gold_loss":0},{"damage_healed":0,"gold_gain":0,"player_choice":"Gave Potion","damage_taken":0,"relics_obtained":["Omamori"],"max_hp_gain":0,"max_hp_loss":0,"event_name":"WeMeetAgain","floor":25,"gold_loss":0}],"is_beta":false,"boss_relics":[{"not_picked":["Coffee Dripper","Fusion Hammer"],"picked":"Calling Bell"}],"items_purged_floors":[5],"is_endless":false,"potions_floor_spawned":[1,3,13,16,21],"killed_by":"Slavers","ascension_level":0}