{"gold_per_floor":[110,128,20,20,37,72,72,72,98,98],"floor_reached":10,"playtime":344,"items_purged":[],"score":79,"play_id":"89129f7f-7d77-450e-b464-b41fc83f7246","local_time":"20190311143557","is_ascension_mode":true,"campfire_choices":[{"data":"White Noise","floor":8,"key":"SMITH"}],"neow_cost":"NONE","seed_source_timestamp":704215495595618,"circlet_count":0,"master_deck":["Strike_B","Strike_B","Strike_B","Defend_B","Defend_B","Defend_B","Defend_B","Zap","Dualcast","Force Field","Reinforced Body","Storm+1","White Noise+1","Consume","Core Surge"],"relics":["Cracked Core","Anchor","PreservedInsect"],"potions_floor_usage":[],"damage_taken":[{"damage":5,"enemies":"Small Slimes","floor":1,"turns":3},{"damage":1,"enemies":"Cultist","floor":2,"turns":3},{"damage":3,"enemies":"Jaw Worm","floor":5,"turns":4},{"damage":61,"enemies":"Gremlin Nob","floor":6,"turns":5},{"damage":20,"enemies":"Lagavulin","floor":10,"turns":4}],"seed_played":"-4147944013146696768","potions_obtained":[{"floor":1,"key":"SmokeBomb"},{"floor":6,"key":"Explosive Potion"}],"is_trial":false,"path_per_floor":["M","M","$","?","M","E","?","R","T","E"],"character_chosen":"DEFECT","items_purchased":["Storm","White Noise"],"campfire_rested":0,"item_purchase_floors":[3,3],"current_hp_per_floor":[77,76,76,76,73,12,12,12,12,0],"gold":98,"neow_bonus":"TEN_PERCENT_HP_BONUS","is_prod":false,"is_daily":false,"chose_seed":false,"campfire_upgraded":1,"win_rate":0,"timestamp":1552329357,"path_taken":["M","M","$","?","?","E","?","R","T","E"],"build_version":"2019-01-23","purchased_purges":0,"victory":false,"max_hp_per_floor":[82,82,82,82,82,82,82,82,82,82],"card_choices":[{"not_picked":["Scrape","Recycle"],"picked":"Force Field","floor":1},{"not_picked":["Hologram","Compile Driver"],"picked":"Reinforced Body","floor":2},{"not_picked":["Coolheaded","Streamline"],"picked":"Consume","floor":5},{"not_picked":["Fission","Turbo"],"picked":"Core Surge","floor":6}],"player_experience":1030572,"relics_obtained":[{"floor":6,"key":"Anchor"},{"floor":9,"key":"PreservedInsect"}],"event_choices":[{"cards_removed":["Strike_B"],"damage_healed":0,"gold_gain":0,"player_choice":"Offered Basic","damage_taken":0,"max_hp_gain":0,"max_hp_loss":0,"event_name":"Bonfire Elementals","floor":4,"gold_loss":0},{"damage_healed":0,"gold_gain":0,"player_choice":"Grow","damage_taken":0,"max_hp_gain":0,"max_hp_loss":0,"event_name":"Living Wall","floor":7,"gold_loss":0,"cards_upgraded":["Storm"]}],"is_beta":false,"boss_relics":[],"items_purged_floors":[],"is_endless":false,"potions_floor_spawned":[1,6],"killed_by":"Lagavulin","ascension_level":4}