{"gold_per_floor":[119,119,119,144,163,197,197,236,290,290],"floor_reached":10,"playtime":439,"items_purged":[],"score":152,"play_id":"9e0764e8-0632-4d3b-a5ed-af7392041fe2","local_time":"20190420021809","is_ascension_mode":true,"campfire_choices":[{"data":"Inflame","floor":7,"key":"SMITH"}],"neow_cost":"NONE","seed_source_timestamp":719741238179056,"circlet_count":0,"master_deck":["AscendersBane","Strike_R","Strike_R","Strike_R","Strike_R","Strike_R","Defend_R","Defend_R","Defend_R","Defend_R","Bash+1","Rupture","Bloodletting","Inflame+1","Reaper","Perfected Strike"],"relics":["Burning Blood","Golden Idol","Darkstone Periapt","Vajra","Bronze Scales"],"potions_floor_usage":[5,8,10],"damage_taken":[{"damage":15,"enemies":"Small Slimes","floor":1,"turns":5},{"damage":6,"enemies":"Jaw Worm","floor":4,"turns":5},{"damage":3,"enemies":"2 Louse","floor":5,"turns":2},{"damage":63,"enemies":"3 Sentries","floor":6,"turns":11},{"damage":10,"enemies":"Gremlin Nob","floor":8,"turns":3},{"damage":38,"enemies":"Lagavulin","floor":10,"turns":5}],"seed_played":"5451150613105392533","potions_obtained":[{"floor":1,"key":"Explosive Potion"},{"floor":6,"key":"Fire Potion"},{"floor":8,"key":"Explosive Potion"}],"is_trial":false,"path_per_floor":["M","?","?","M","M","E","R","E","T","E"],"character_chosen":"IRONCLAD","items_purchased":[],"campfire_rested":0,"item_purchase_floors":[],"current_hp_per_floor":[66,66,66,66,69,12,12,18,18,0],"gold":290,"neow_bonus":"TEN_PERCENT_HP_BONUS","is_prod":false,"is_daily":false,"chose_seed":false,"campfire_upgraded":1,"win_rate":0,"timestamp":1555741089,"path_taken":["M","?","?","M","M","E","R","E","T","E"],"build_version":"2019-01-23","purchased_purges":0,"victory":false,"max_hp_per_floor":[82,82,74,74,74,74,74,74,74,74],"card_choices":[{"not_picked":["Searing Blow","Bloodletting"],"picked":"Rupture","floor":1},{"not_picked":["Blood for Blood","Body Slam"],"picked":"Bloodletting","floor":4},{"not_picked":["Wild Strike","Sever Soul"],"picked":"Inflame","floor":5},{"not_picked":["Ghostly Armor","Havoc"],"picked":"Reaper","floor":6},{"not_picked":["Iron Wave","Warcry"],"picked":"Perfected Strike","floor":8}],"player_experience":1861692,"relics_obtained":[{"floor":6,"key":"Darkstone Periapt"},{"floor":8,"key":"Vajra"},{"floor":9,"key":"Bronze Scales"}],"event_choices":[{"damage_healed":0,"gold_gain":0,"player_choice":"Grow","damage_taken":0,"max_hp_gain":0,"max_hp_loss":0,"event_name":"Living Wall","floor":2,"gold_loss":0,"cards_upgraded":["Bash"]},{"damage_healed":0,"gold_gain":0,"player_choice":"Lose Max HP","damage_taken":0,"relics_obtained":["Golden Idol"],"max_hp_gain":0,"max_hp_loss":8,"event_name":"Golden Idol","floor":3,"gold_loss":0}],"is_beta":false,"boss_relics":[],"items_purged_floors":[],"is_endless":false,"potions_floor_spawned":[1,6,8],"killed_by":"Lagavulin","ascension_level":20}