{"path_per_floor":["M","?","?","M","$","R","T","R","T","$","R","M","M","M","R","B",null,"M","M","?","?"],"character_chosen":"IRONCLAD","items_purchased":["Flex","Corruption","Clothesline"],"gold_per_floor":[109,109,109,120,68,68,145,145,192,87,87,105,122,135,135,210,210,225,240,240,240,240],"floor_reached":22,"campfire_rested":0,"playtime":411,"current_hp_per_floor":[67,67,67,63,63,63,63,63,63,63,63,69,71,71,71,15,64,47,28,28,13,0],"items_purged":[],"gold":240,"score":287,"play_id":"6c23f9a0-9c57-48a8-8bad-0169be6051fb","local_time":"20180412163545","is_prod":false,"is_daily":false,"is_ascension_mode":true,"campfire_upgraded":4,"timestamp":1523576145,"path_taken":["M","?","?","M","$","R","?","R","T","$","R","M","?","?","R","BOSS","M","M","?","?","M"],"build_version":"2018-04-05v2","purchased_purges":0,"victory":false,"master_deck":["Strike_R","Strike_R","Strike_R","Strike_R","Defend_R","Defend_R","Defend_R","Defend_R","Bash+1","AscendersBane","Perfected Strike+1","Iron Wave","Flex+1","Corruption","Clothesline+1","Spot Weakness+1","Feel No Pain","Offering","Ghostly Armor","Searing Blow"],"max_hp_per_floor":[80,80,80,80,80,80,80,80,80,80,80,80,80,80,80,80,80,80,80,80,85,85],"relics":["Burning Blood","Smiling Mask","Bronze Scales","Philosopher\u0027s Stone"],"card_choices":[{"not_picked":["Havoc","Searing Blow"],"picked":"Perfected Strike","floor":1},{"not_picked":["Clothesline","Inflame"],"picked":"Iron Wave","floor":4},{"not_picked":["Entrench","Heavy Blade"],"picked":"Spot Weakness","floor":12},{"not_picked":["Combust","Limit Break"],"picked":"Feel No Pain","floor":13},{"not_picked":["Berserk","Barricade"],"picked":"Offering","floor":16},{"not_picked":["Sword Boomerang","Body Slam"],"picked":"Ghostly Armor","floor":18},{"not_picked":["Heavy Blade","Anger"],"picked":"Searing Blow","floor":19}],"player_experience":439613,"potions_floor_usage":[14,22],"damage_taken":[{"damage":11,"enemies":"2 Louse","floor":1,"turns":2},{"damage":10,"enemies":"Small Slimes","floor":4,"turns":3},{"damage":0,"enemies":"Cultist","floor":12,"turns":4},{"damage":4,"enemies":"Blue Slaver","floor":13,"turns":3},{"damage":6,"enemies":"Red Slaver","floor":14,"turns":3},{"damage":62,"enemies":"The Guardian","floor":16,"turns":11},{"damage":23,"enemies":"Shell Parasite","floor":18,"turns":3},{"damage":25,"enemies":"Spheric Guardian","floor":19,"turns":4},{"damage":14,"enemies":"Snecko","floor":22,"turns":4}],"event_choices":[{"event_name":"Living Wall","player_choice":"Forget","floor":2,"damage_taken":0},{"event_name":"Liars Game","player_choice":"disagreed","floor":3,"damage_taken":0},{"event_name":"The Lab","player_choice":"Got Potions","floor":20,"damage_taken":0},{"event_name":"Forgotten Altar","player_choice":"Shed Blood","floor":21,"damage_taken":0}],"boss_relics":[{"not_picked":["Snecko Eye","Black Blood"],"picked":"Philosopher\u0027s Stone"}],"potions_floor_spawned":[4,16,19],"seed_played":"4628089519376169200","killed_by":"Snecko","ascension_level":13,"is_trial":false}