{"gold_per_floor":[116,116,128,108,119,119,130,150,177,177],"floor_reached":10,"playtime":223,"items_purged":[],"score":120,"play_id":"6ea1bae4-91c6-485f-a670-7461cde5c0b6","local_time":"20181212003732","is_ascension_mode":true,"campfire_choices":[{"data":"Neutralize","floor":6,"key":"SMITH"}],"neow_cost":"NONE","seed_source_timestamp":21102674940679,"circlet_count":0,"master_deck":["AscendersBane","Defend_G","Defend_G","Defend_G","Defend_G","Defend_G","Strike_G","Strike_G","Strike_G","Strike_G","Strike_G","Survivor","Neutralize+1","Dagger Spray","Crippling Poison","Poisoned Stab","Dodge and Roll","Glass Knife"],"relics":["Ring of the Snake","NeowsBlessing","Strawberry"],"potions_floor_usage":[10],"damage_taken":[{"damage":0,"enemies":"Small Slimes","floor":1,"turns":1},{"damage":0,"enemies":"Jaw Worm","floor":3,"turns":1},{"damage":0,"enemies":"Cultist","floor":5,"turns":1},{"damage":25,"enemies":"Exordium Thugs","floor":7,"turns":6},{"damage":28,"enemies":"Large Slime","floor":8,"turns":9},{"damage":13,"enemies":"3 Sentries","floor":10,"turns":4}],"seed_played":"-6022703155407943391","potions_obtained":[{"floor":3,"key":"EssenceOfSteel"},{"floor":4,"key":"GhostInAJar"}],"is_trial":false,"path_per_floor":["M","?","M","?","M","R","M","M","T","E"],"character_chosen":"THE_SILENT","items_purchased":[],"campfire_rested":0,"item_purchase_floors":[],"current_hp_per_floor":[59,59,59,59,59,59,34,6,13,0],"gold":177,"neow_bonus":"THREE_ENEMY_KILL","is_prod":false,"is_daily":false,"chose_seed":false,"campfire_upgraded":1,"win_rate":0,"timestamp":1544600252,"path_taken":["M","?","M","?","M","R","M","?","T","E"],"build_version":"2018-12-11","purchased_purges":0,"victory":false,"max_hp_per_floor":[66,66,66,66,66,66,66,66,73,73],"card_choices":[{"not_picked":["Flying Knee","Sucker Punch"],"picked":"Dagger Spray","floor":1},{"not_picked":["Dagger Throw","Prepared"],"picked":"Crippling Poison","floor":3},{"not_picked":["Dagger Spray","Caltrops"],"picked":"Poisoned Stab","floor":5},{"not_picked":["Calculated Gamble","Dagger Throw"],"picked":"Dodge and Roll","floor":7},{"not_picked":["Backflip","Dagger Throw"],"picked":"Glass Knife","floor":8}],"player_experience":988741,"relics_obtained":[{"floor":9,"key":"Strawberry"}],"event_choices":[{"damage_healed":0,"gold_gain":0,"player_choice":"Ignored","damage_taken":0,"max_hp_gain":0,"max_hp_loss":0,"event_name":"Liars Game","floor":2,"gold_loss":0},{"damage_healed":0,"gold_gain":0,"player_choice":"Bought 1 Potion","damage_taken":0,"max_hp_gain":0,"max_hp_loss":0,"event_name":"The Woman in Blue","floor":4,"gold_loss":0}],"is_beta":true,"boss_relics":[],"items_purged_floors":[],"is_endless":false,"potions_floor_spawned":[3],"killed_by":"3 Sentries","ascension_level":20}