{"gold_per_floor":[116,130,205,205,380,414,414,414],"floor_reached":8,"playtime":453,"items_purged":[],"score":65,"play_id":"21fc1540-4d43-4f43-8cbb-616836b87825","local_time":"20181220005612","is_ascension_mode":true,"campfire_choices":[{"floor":7,"key":"REST"}],"neow_cost":"TEN_PERCENT_HP_LOSS","seed_source_timestamp":233546409530522,"circlet_count":0,"master_deck":["Strike_R+1","Strike_R","Strike_R","Strike_R","Strike_R","Defend_R","Defend_R+1","Defend_R","Defend_R","Bash","Shockwave","Iron Wave","Doubt","Shrug It Off"],"relics":["Burning Blood","Du-Vu Doll","Orichalcum"],"potions_floor_usage":[],"damage_taken":[{"damage":6,"enemies":"Cultist","floor":1,"turns":4},{"damage":2,"enemies":"2 Louse","floor":2,"turns":2},{"damage":43,"enemies":"Gremlin Nob","floor":6,"turns":6},{"damage":38,"enemies":"Lagavulin","floor":8,"turns":6}],"seed_played":"-3429011839339193121","potions_obtained":[{"floor":6,"key":"Block Potion"}],"is_trial":false,"path_per_floor":["M","M","?","?","?","E","R","E"],"character_chosen":"IRONCLAD","items_purchased":[],"campfire_rested":1,"item_purchase_floors":[],"current_hp_per_floor":[72,72,61,47,47,10,31,0],"gold":414,"neow_bonus":"ONE_RARE_RELIC","is_prod":false,"is_daily":false,"chose_seed":false,"campfire_upgraded":0,"win_rate":0,"timestamp":1545285372,"path_taken":["M","?","?","?","?","E","R","E"],"build_version":"2018-12-13","purchased_purges":0,"victory":false,"max_hp_per_floor":[72,72,72,72,72,72,72,72],"card_choices":[{"not_picked":["Body Slam","Wild Strike"],"picked":"Shockwave","floor":1},{"not_picked":["True Grit","Thunderclap"],"picked":"Iron Wave","floor":2},{"not_picked":["Wild Strike","Uppercut"],"picked":"Shrug It Off","floor":6}],"player_experience":458665,"relics_obtained":[{"floor":6,"key":"Orichalcum"}],"event_choices":[{"damage_healed":0,"gold_gain":75,"player_choice":"Gather Gold","damage_taken":11,"max_hp_gain":0,"max_hp_loss":0,"event_name":"World of Goop","floor":3,"gold_loss":0},{"damage_healed":0,"gold_gain":0,"player_choice":"Entered Light","damage_taken":14,"max_hp_gain":0,"max_hp_loss":0,"event_name":"Shining Light","floor":4,"gold_loss":0,"cards_upgraded":["Defend_R","Strike_R"]},{"damage_healed":0,"gold_gain":175,"player_choice":"AGREE","damage_taken":0,"max_hp_gain":0,"max_hp_loss":0,"event_name":"Liars Game","floor":5,"gold_loss":0,"cards_obtained":["Doubt"]}],"is_beta":false,"boss_relics":[],"items_purged_floors":[],"is_endless":false,"potions_floor_spawned":[6],"killed_by":"Lagavulin","ascension_level":4}