{"gold_per_floor":[110,110,134,158,177,177,218,218,218,241,279,58,83,102,102,198,198,218,268,287,305,323,323],"floor_reached":23,"playtime":1178,"items_purged":[],"score":414,"play_id":"597e6b72-3fe6-4d41-8d83-c12573547629","local_time":"20190503123239","is_ascension_mode":true,"campfire_choices":[{"data":"Bash","floor":6,"key":"SMITH"},{"data":"Cleave","floor":8,"key":"SMITH"},{"data":"Fiend Fire","floor":15,"key":"SMITH"}],"neow_cost":"PERCENT_DAMAGE","seed_source_timestamp":930170395561463,"circlet_count":0,"master_deck":["AscendersBane","Strike_R","Strike_R","Strike_R","Strike_R","Strike_R","Defend_R","Defend_R","Defend_R","Defend_R","Bash+1","Cleave+1","Inflame","Offering","Shrug It Off","Fiend Fire+1","True Grit","Evolve","Offering","Shrug It Off","Spot Weakness"],"special_seed":0,"relics":["Burning Blood","Peace Pipe","Golden Idol","Bottled Lightning","Mercury Hourglass","Pear","Anchor","Velvet Choker"],"potions_floor_usage":[3,16,16,21],"damage_taken":[{"damage":4,"enemies":"Small Slimes","floor":1,"turns":3},{"damage":2,"enemies":"Jaw Worm","floor":3,"turns":3},{"damage":1,"enemies":"Cultist","floor":4,"turns":3},{"damage":10,"enemies":"3 Louse","floor":5,"turns":4},{"damage":28,"enemies":"3 Sentries","floor":7,"turns":6},{"damage":6,"enemies":"Gremlin Gang","floor":10,"turns":3},{"damage":14,"enemies":"Gremlin Nob","floor":11,"turns":3},{"damage":6,"enemies":"Large Slime","floor":13,"turns":3},{"damage":6,"enemies":"3 Louse","floor":14,"turns":2},{"damage":33,"enemies":"Hexaghost","floor":16,"turns":9},{"damage":6,"enemies":"Shell Parasite","floor":18,"turns":1},{"damage":12,"enemies":"Chosen","floor":20,"turns":3},{"damage":12,"enemies":"Snecko","floor":21,"turns":2},{"damage":36,"enemies":"Chosen and Byrds","floor":22,"turns":5},{"damage":28,"enemies":"Book of Stabbing","floor":23,"turns":4}],"seed_played":"-5899798584729451690","potions_obtained":[{"floor":1,"key":"GamblersBrew"},{"floor":10,"key":"Fire Potion"},{"floor":11,"key":"Block Potion"},{"floor":16,"key":"BloodPotion"},{"floor":20,"key":"Fire Potion"},{"floor":21,"key":"Explosive Potion"}],"is_trial":false,"path_per_floor":["M","?","M","M","M","R","E","R","T","M","E","$","M","M","R","B",null,"M","?","M","M","M","E"],"character_chosen":"IRONCLAD","items_purchased":["Anchor","True Grit"],"campfire_rested":0,"item_purchase_floors":[12,12],"current_hp_per_floor":[52,52,56,61,57,57,35,35,35,35,37,37,37,37,37,10,61,61,61,55,56,26,0],"gold":323,"neow_bonus":"ONE_RARE_RELIC","is_prod":false,"is_daily":false,"chose_seed":false,"campfire_upgraded":3,"win_rate":0,"timestamp":1556901159,"path_taken":["M","?","M","M","M","R","E","R","T","M","E","?","M","M","R","BOSS","M","?","?","M","M","E"],"build_version":"2019-01-23","purchased_purges":0,"victory":false,"max_hp_per_floor":[75,68,68,68,68,68,68,68,68,68,78,78,78,78,78,78,78,78,78,78,78,78,78],"card_choices":[{"not_picked":["Sever Soul","Armaments"],"picked":"Cleave","floor":1},{"not_picked":["Body Slam","Sword Boomerang"],"picked":"Inflame","floor":3},{"not_picked":["Twin Strike","Flex"],"picked":"Offering","floor":4},{"not_picked":["Clothesline","Thunderclap"],"picked":"Shrug It Off","floor":5},{"not_picked":["Fire Breathing","Iron Wave","Thunderclap"],"picked":"SKIP","floor":7},{"not_picked":["Havoc","Perfected Strike","Armaments"],"picked":"SKIP","floor":10},{"not_picked":["Heavy Blade","Flex"],"picked":"Fiend Fire","floor":11},{"not_picked":["Ghostly Armor","Twin Strike"],"picked":"Evolve","floor":13},{"not_picked":["Armaments","Entrench","Sword Boomerang"],"picked":"SKIP","floor":14},{"not_picked":["Berserk","Double Tap"],"picked":"Offering","floor":16},{"not_picked":["Warcry","Thunderclap","Wild Strike"],"picked":"SKIP","floor":18},{"not_picked":["Body Slam","Pommel Strike"],"picked":"Shrug It Off","floor":20},{"not_picked":["Bloodletting","Twin Strike+1"],"picked":"Spot Weakness","floor":21},{"not_picked":["Wild Strike","Rampage","Heavy Blade"],"picked":"SKIP","floor":22}],"player_experience":2303029,"relics_obtained":[{"floor":7,"key":"Bottled Lightning"},{"floor":9,"key":"Mercury Hourglass"},{"floor":11,"key":"Pear"}],"event_choices":[{"damage_healed":0,"gold_gain":0,"player_choice":"Lose Max HP","damage_taken":0,"relics_obtained":["Golden Idol"],"max_hp_gain":0,"max_hp_loss":7,"event_name":"Golden Idol","floor":2,"gold_loss":0},{"damage_healed":0,"gold_gain":100,"player_choice":"Bet on Murderer","damage_taken":0,"max_hp_gain":0,"max_hp_loss":0,"event_name":"The Joust","floor":19,"gold_loss":50}],"is_beta":false,"boss_relics":[{"not_picked":["White Beast Statue","Orrery"],"picked":"Velvet Choker"}],"items_purged_floors":[],"is_endless":false,"potions_floor_spawned":[1,10,11,13,16,20,21,22],"killed_by":"Book of Stabbing","ascension_level":20}