{"path_per_floor":["M","M","M","$","?","R","M","M","T","R","M","$","M","?","R","B",null,"M","$","?","?","M","R","M","R","T","M","?","M","R","M","R"],"character_chosen":"THE_SILENT","items_purchased":["Infinite Blades","Oddly Smooth Stone","Bronze Scales","Blood Vial"],"gold_per_floor":[113,133,148,69,244,244,256,269,349,349,362,73,88,88,88,166,166,181,30,30,30,40,40,59,59,131,144,59,74,74,88,88,88],"floor_reached":33,"campfire_rested":1,"playtime":1822,"current_hp_per_floor":[59,54,53,53,53,53,32,18,18,18,18,18,15,8,8,15,53,53,53,53,53,55,55,34,34,34,35,35,34,34,35,54,0],"items_purged":[],"gold":88,"score":410,"play_id":"6266f0d0-dcc4-4efa-8153-ffddf645bd00","local_time":"20180406204226","is_prod":false,"is_daily":false,"is_ascension_mode":true,"campfire_upgraded":6,"timestamp":1523061746,"path_taken":["M","M","?","?","?","R","M","?","T","R","M","$","M","?","R","BOSS","M","$","?","?","?","R","M","R","T","M","?","M","R","M","R","BOSS"],"build_version":"2018-04-05v2","purchased_purges":0,"victory":false,"master_deck":["Survivor+1","Neutralize","AscendersBane","Dagger Spray","Dodge and Roll","Acrobatics","Infinite Blades+1","Expertise+1","Distraction+1","Deadly Poison+1","Terror","Storm of Steel+1","Slice","Sucker Punch","Backstab","PiercingWail","Dodge and Roll","Backflip","PiercingWail","Outmaneuver","Flechettes","Deflect","Distraction+1","Leg Sweep+1","Leg Sweep+1","Infinite Blades+1"],"max_hp_per_floor":[66,66,66,66,66,66,66,66,66,66,66,66,66,66,66,66,66,66,66,66,66,66,66,66,66,66,66,66,66,66,66,66,66],"relics":["Philosopher\u0027s Stone","Pantograph","Oddly Smooth Stone","Bronze Scales","Pandora\u0027s Box","Blood Vial","Bottled Lightning","Question Card"],"card_choices":[{"not_picked":["Underhanded Strike","Calculated Gamble"],"picked":"Dagger Spray","floor":1},{"not_picked":["Slice","Escape Plan"],"picked":"Dodge and Roll","floor":2},{"not_picked":["Blade Dance","Heel Hook"],"picked":"Acrobatics","floor":3},{"not_picked":["Flying Knee","Bullet Time"],"picked":"Expertise","floor":7},{"not_picked":["Heel Hook","Deflect"],"picked":"Distraction","floor":8},{"not_picked":["Outmaneuver","Cloak And Dagger"],"picked":"Deadly Poison","floor":11},{"not_picked":["Backstab","Bouncing Flask"],"picked":"Terror","floor":13},{"not_picked":["Die Die Die","Doppelganger"],"picked":"Storm of Steel","floor":16},{"not_picked":["Backflip","Deadly Poison"],"picked":"Leg Sweep","floor":22},{"not_picked":["Poisoned Stab","All Out Attack"],"picked":"Leg Sweep","floor":27},{"not_picked":["Backflip","Sucker Punch","Backstab"],"picked":"Infinite Blades","floor":31}],"player_experience":701120,"potions_floor_usage":[13,18,24,27,29],"damage_taken":[{"damage":0,"enemies":"Cultist","floor":1,"turns":5},{"damage":5,"enemies":"2 Louse","floor":2,"turns":2},{"damage":1,"enemies":"Jaw Worm","floor":3,"turns":4},{"damage":21,"enemies":"3 Louse","floor":7,"turns":4},{"damage":14,"enemies":"Exordium Wildlife","floor":8,"turns":4},{"damage":0,"enemies":"2 Fungi Beasts","floor":11,"turns":3},{"damage":3,"enemies":"Blue Slaver","floor":13,"turns":3},{"damage":18,"enemies":"The Guardian","floor":16,"turns":11},{"damage":0,"enemies":"Chosen","floor":18,"turns":4},{"damage":0,"enemies":"3 Byrds","floor":22,"turns":3},{"damage":23,"enemies":"Snecko","floor":24,"turns":7},{"damage":1,"enemies":"3 Cultists","floor":27,"turns":4},{"damage":3,"enemies":"Snake Plant","floor":29,"turns":5},{"damage":1,"enemies":"Centurion and Healer","floor":31,"turns":7},{"damage":81,"enemies":"Collector","floor":33,"turns":7}],"event_choices":[{"event_name":"Liars Game","player_choice":"agreed","floor":5,"damage_taken":0},{"event_name":"Golden Wing","player_choice":"Card Removal","floor":14,"damage_taken":0},{"event_name":"Ghosts","player_choice":"Ignored","floor":20,"damage_taken":0},{"event_name":"Duplicator","player_choice":"One dupe","floor":21,"damage_taken":0},{"event_name":"Addict","player_choice":"Obtained Relic","floor":28,"damage_taken":0}],"boss_relics":[{"not_picked":["Runic Pyramid","White Beast Statue"],"picked":"Pandora\u0027s Box"}],"potions_floor_spawned":[2,3,16,22,24],"seed_played":"9106180109781942734","killed_by":"Collector","ascension_level":14,"is_trial":false}