{"gold_per_floor":[109,126,126,145,71,71,103,103,103,103,121,121,131,199,199,276,276,292,292,25,0,14,14,14,14,14,14,14,34,51,51,51,125,125,143,158,158,184,184,184,196,196],"floor_reached":42,"playtime":1107,"items_purged":["Bite"],"score":740,"play_id":"bf4c5e1d-45cb-4ad4-bfc7-5f7359819733","local_time":"20180808104533","is_ascension_mode":true,"campfire_choices":[{"data":"Neutralize","floor":6.0,"key":"SMITH"},{"floor":8.0,"key":"REST"},{"data":"Phantasmal Killer","floor":10.0,"key":"SMITH"},{"floor":15.0,"key":"REST"},{"data":"Malaise","floor":23,"key":"SMITH"},{"data":"Noxious Fumes","floor":25,"key":"SMITH"},{"data":"Noxious Fumes","floor":32,"key":"SMITH"},{"data":"Blur","floor":40,"key":"SMITH"}],"neow_cost":"TEN_PERCENT_HP_LOSS","seed_source_timestamp":240843697649557,"circlet_count":0,"master_deck":["Defend_G","Defend_G","Defend_G","Defend_G","Defend_G","Survivor","Neutralize+1","AscendersBane","Die Die Die","Blur+1","Phantasmal Killer+1","Poisoned Stab","Predator","Quick Slash","Noxious Fumes+1","Dagger Spray","Malaise+1","Crippling Poison","Bite","Bite","Bite","Bite","Noxious Fumes+1","Cloak And Dagger","Backflip","Backflip","Adrenaline","Dodge and Roll","Writhe","Sucker Punch","Dodge and Roll+1"],"special_seed":0,"relics":["Ring of the Snake","Nunchaku","The Specimen","Dodecahedron","Coffee Dripper","Snake Skull","Bottled Lightning","Incense Burner","Velvet Choker","Omamori","Prayer Wheel"],"potions_floor_usage":[30,33,41,42],"damage_taken":[{"damage":2.0,"enemies":"Jaw Worm","floor":1.0,"turns":6.0},{"damage":0.0,"enemies":"Cultist","floor":2.0,"turns":5.0},{"damage":0.0,"enemies":"2 Louse","floor":4.0,"turns":2.0},{"damage":45.0,"enemies":"Lagavulin","floor":7.0,"turns":7.0},{"damage":7.0,"enemies":"Looter","floor":11.0,"turns":4.0},{"damage":0.0,"enemies":"3 Louse","floor":13.0,"turns":3.0},{"damage":40.0,"enemies":"Slime Boss","floor":16.0,"turns":7.0},{"damage":17.0,"enemies":"Spheric Guardian","floor":18.0,"turns":6.0},{"damage":14,"enemies":"Shell Parasite","floor":22,"turns":5},{"damage":16,"enemies":"3 Cultists","floor":29,"turns":5},{"damage":9,"enemies":"Centurion and Healer","floor":30,"turns":7},{"damage":16,"enemies":"Collector","floor":33,"turns":7},{"damage":3,"enemies":"Flame Bruiser 1 Orb","floor":35,"turns":5},{"damage":0,"enemies":"Orb Walker","floor":36,"turns":4},{"damage":0,"floor":39,"turns":7},{"damage":27,"enemies":"Sphere and 2 Shapes","floor":41,"turns":5},{"damage":20,"enemies":"Snecko and Mystics","floor":42,"turns":4}],"seed_played":"-1156386670520848689","potions_obtained":[{"floor":1.0,"key":"Dexterity Potion"},{"floor":11.0,"key":"FearPotion"},{"floor":16.0,"key":"Ancient Potion"},{"floor":29,"key":"Regen Potion"},{"floor":33,"key":"FearPotion"},{"floor":36,"key":"SkillPotion"},{"floor":39,"key":"EssenceOfSteel"}],"is_trial":false,"path_per_floor":["M","M","?","M","$","R","E","R","T","R","M","?","M","T","R","B",null,"M","?","$","?","M","R","$","R","T","?","T","M","M","$","R","B",null,"M","M","?","T","?","R","M"],"character_chosen":"THE_SILENT","items_purchased":["Predator","Snake Skull","Noxious Fumes"],"campfire_rested":2,"item_purchase_floors":[5,20,20],"current_hp_per_floor":[57,57,57,57,57,57,12,30,30,30,23,23,23,23,41,1,45,28,28,28,28,24,24,24,24,24,24,24,12,30,30,30,24,38,42,42,42,42,42,42,17,0],"gold":196,"neow_bonus":"THREE_RARE_CARDS","is_prod":false,"is_daily":false,"chose_seed":false,"campfire_upgraded":6,"win_rate":0,"timestamp":1533750333,"path_taken":["M","M","?","M","$","R","E","R","T","R","M","?","?","?","R","BOSS","M","?","$","?","M","R","$","R","T","?","?","?","?","?","R","BOSS","M","M","?","?","?","R","M","?"],"build_version":"2018-08-07v3","purchased_purges":1,"victory":false,"max_hp_per_floor":[60,60,60,60,60,60,60,60,60,60,60,60,60,60,60,60,60,60,42,42,42,42,42,42,42,42,42,42,42,42,42,42,42,42,42,42,42,42,42,42,42,42],"card_choices":[{"not_picked":["Venomology","Adrenaline"],"picked":"Die Die Die","floor":0.0},{"not_picked":["Prepared","Acrobatics"],"picked":"Blur","floor":1.0},{"not_picked":["Outmaneuver","Expertise","Bane"],"picked":"SKIP","floor":2.0},{"not_picked":["Setup","Dodge and Roll"],"picked":"Poisoned Stab","floor":4.0},{"not_picked":["Escape Plan","Slice"],"picked":"Quick Slash","floor":7.0},{"not_picked":["Bouncing Flask","Expertise"],"picked":"Noxious Fumes","floor":11.0},{"not_picked":["Catalyst","Acrobatics"],"picked":"Dagger Spray","floor":13.0},{"not_picked":["Storm of Steel","Bullet Time"],"picked":"Malaise","floor":16.0},{"not_picked":["Slice+1","Eviscerate"],"picked":"Crippling Poison","floor":18.0},{"not_picked":["Poisoned Stab","Deflect+1"],"picked":"Cloak And Dagger","floor":22},{"not_picked":["Setup","Eviscerate","Quick Slash"],"picked":"SKIP","floor":29},{"not_picked":["Accuracy","Flying Knee"],"picked":"Backflip","floor":30},{"not_picked":["Die Die Die","Envenom"],"picked":"Adrenaline","floor":33},{"not_picked":["PiercingWail","Dagger Throw+1"],"picked":"Dodge and Roll","floor":35},{"not_picked":["Concentrate","Phantasmal Killer","Calculated Gamble"],"picked":"SKIP","floor":36},{"not_picked":["Deflect","Flying Knee"],"picked":"Sucker Punch","floor":41},{"not_picked":["Dagger Spray","Underhanded Strike"],"picked":"Dodge and Roll+1","floor":41}],"player_experience":856232,"relics_obtained":[{"floor":7.0,"key":"Nunchaku"},{"floor":9.0,"key":"The Specimen"},{"floor":14.0,"key":"Dodecahedron"},{"floor":26,"key":"Bottled Lightning"},{"floor":28,"key":"Incense Burner"},{"floor":38,"key":"Omamori"},{"floor":39,"key":"Prayer Wheel"}],"event_choices":[{"event_name":"Transmorgrifier","player_choice":"Transform","floor":3.0,"damage_taken":0.0},{"event_name":"Liars Game","player_choice":"disagreed","floor":12.0,"damage_taken":0.0},{"event_name":"Vampires","player_choice":"Became a vampire","floor":19.0,"damage_taken":0.0},{"event_name":"Masked Bandits","player_choice":"Paid Fearfully","floor":21,"damage_taken":0},{"event_name":"The Library","player_choice":"Read","floor":27,"damage_taken":0},{"event_name":"Winding Halls","player_choice":"Writhe","floor":37,"damage_taken":0},{"event_name":"MindBloom","player_choice":"Fight","floor":39,"damage_taken":0}],"is_beta":true,"boss_relics":[{"not_picked":["Fusion Hammer","HoveringKite"],"picked":"Coffee Dripper"},{"not_picked":["Tiny House","WristBlade"],"picked":"Velvet Choker"}],"items_purged_floors":[20],"is_endless":false,"potions_floor_spawned":[1,11,16,18,29,33,36,39],"killed_by":"Snecko and Mystics","ascension_level":15}