{"gold_per_floor":[116,127,137,205,380,380,393,425,464,495,233,233,245,245,245,350,350,368,368,36,53,68,68,88,114,114,134,134,161,19,118,118,213,213,228,242,252,270,145,179,179,205,232,248,248,276,293,305,305,305,305,305,30,64,64],"floor_reached":56,"playtime":3120,"items_purged":["Doubt","Shame","Writhe"],"score":1381,"play_id":"1cd46f6a-7194-49c6-ae0d-c266dcdb1fe6","local_time":"20190510194741","is_ascension_mode":true,"campfire_choices":[{"data":"Bash","floor":6,"key":"SMITH"},{"data":"Armaments","floor":12,"key":"SMITH"},{"floor":15,"key":"REST"},{"data":"Limit Break","floor":23,"key":"SMITH"},{"data":"Limit Break","floor":28,"key":"SMITH"},{"data":"Offering","floor":32,"key":"SMITH"},{"floor":41,"key":"RECALL"},{"data":"Seeing Red","floor":49,"key":"SMITH"},{"data":"Disarm","floor":52,"key":"SMITH"}],"neow_cost":"CURSE","seed_source_timestamp":33044689048432,"circlet_count":0,"master_deck":["Strike_R+1","Strike_R","Strike_R","Strike_R","Strike_R","Defend_R","Defend_R","Defend_R","Defend_R","Bash+1","Limit Break+1","Flex+1","Sword Boomerang+1","Clothesline","Seeing Red+1","Battle Trance","Armaments+1","Immolate","Shrug It Off+1","Pummel+1","Headbutt+1","Disarm+1","True Grit+1","Limit Break+1","Sentinel","Impervious","Heavy Blade+1","Offering+1","Reaper+1","Flex+1","Uppercut+1","True Grit+1","Metallicize+1","Inflame+1","True Grit+1","Flame Barrier"],"relics":["Burning Blood","Prayer Wheel","MawBank","Regal Pillow","Red Skull","Happy Flower","Runic Pyramid","Molten Egg 2","OrangePellets","Lantern","Magic Flower","Centennial Puzzle","Lizard Tail","Ginger","Whetstone","Pen Nib","Vajra","Sundial"],"potions_floor_usage":[27,42,55,55,55],"damage_taken":[{"damage":6,"enemies":"Jaw Worm","floor":1,"turns":3},{"damage":0,"enemies":"Small Slimes","floor":2,"turns":3},{"damage":7,"enemies":"2 Louse","floor":3,"turns":2},{"damage":13,"enemies":"Red Slaver","floor":7,"turns":3},{"damage":53,"enemies":"3 Sentries","floor":8,"turns":9},{"damage":10,"enemies":"2 Fungi Beasts","floor":10,"turns":4},{"damage":10,"enemies":"Exordium Thugs","floor":13,"turns":3},{"damage":11,"enemies":"The Guardian","floor":16,"turns":9},{"damage":29,"enemies":"2 Thieves","floor":18,"turns":4},{"damage":10,"enemies":"3 Byrds","floor":21,"turns":3},{"damage":4,"enemies":"Snecko","floor":22,"turns":5},{"damage":23,"enemies":"3 Cultists","floor":24,"turns":5},{"damage":18,"enemies":"Gremlin Leader","floor":25,"turns":5},{"damage":0,"enemies":"Centurion and Healer","floor":27,"turns":3},{"damage":8,"enemies":"Book of Stabbing","floor":29,"turns":5},{"damage":25,"enemies":"Collector","floor":33,"turns":6},{"damage":13,"enemies":"3 Shapes","floor":35,"turns":9},{"damage":18,"enemies":"Orb Walker","floor":36,"turns":4},{"damage":42,"enemies":"4 Shapes","floor":37,"turns":10},{"damage":50,"enemies":"Jaw Worm Horde","floor":38,"turns":4},{"damage":65,"enemies":"Giant Head","floor":40,"turns":7},{"damage":40,"enemies":"Reptomancer","floor":42,"turns":5},{"damage":53,"enemies":"Transient","floor":44,"turns":5},{"damage":6,"enemies":"Nemesis","floor":46,"turns":1},{"damage":63,"enemies":"Spire Growth","floor":47,"turns":6},{"damage":19,"enemies":"3 Darklings","floor":48,"turns":5},{"damage":43,"enemies":"Time Eater","floor":50,"turns":8},{"damage":55,"enemies":"Shield and Spear","floor":54,"turns":7},{"damage":55,"enemies":"The Heart","floor":55,"turns":7}],"seed_played":"-9163786891619419954","potions_obtained":[{"floor":2,"key":"Strength Potion"},{"floor":3,"key":"PowerPotion"},{"floor":10,"key":"EssenceOfSteel"},{"floor":27,"key":"EssenceOfSteel"},{"floor":42,"key":"SkillPotion"},{"floor":47,"key":"PowerPotion"}],"is_trial":false,"path_per_floor":["M","M","M","?","?","R","M","E","T","M","$","R","M","?","R","B",null,"M","?","$","M","M","R","M","E","T","M","R","E","$","?","R","B",null,"M","M","M","M","$","E","R","E","T","M","?","E","M","M","R","B",null,"R","$","E","B",null],"character_chosen":"IRONCLAD","items_purchased":["Red Skull","Armaments","OrangePellets","Pummel+1","Offering","Vajra","Flame Barrier","Dexterity Potion"],"campfire_rested":1,"item_purchase_floors":[11,11,20,20,30,53,53,53],"current_hp_per_floor":[80,80,79,79,79,79,72,25,25,21,21,21,17,10,49,44,80,57,57,57,53,55,55,38,26,26,35,35,36,36,36,36,20,80,80,80,80,66,66,64,64,71,71,62,62,65,57,80,80,80,80,80,80,80,34],"gold":64,"neow_bonus":"ONE_RARE_RELIC","is_prod":false,"is_daily":false,"chose_seed":false,"campfire_upgraded":7,"win_rate":0,"timestamp":1557510461,"path_taken":["M","M","M","?","?","R","M","E","T","M","$","R","M","?","R","BOSS","M","?","$","M","M","R","M","E","T","M","R","E","$","?","R","BOSS","M","M","M","M","$","E","R","E","T","M","?","E","M","?","R","BOSS","R","$","E","BOSS"],"build_version":"2019-01-23","purchased_purges":3,"victory":true,"max_hp_per_floor":[80,80,80,80,80,80,80,80,80,80,80,80,80,80,80,80,80,80,80,80,80,80,80,80,80,80,80,80,80,80,80,80,80,80,80,80,80,80,80,80,80,80,80,80,80,80,80,80,80,80,80,80,80,80,80],"card_choices":[{"not_picked":["Anger","Headbutt"],"picked":"Limit Break","floor":1},{"not_picked":["Perfected Strike","Iron Wave","Corruption"],"picked":"SKIP","floor":1},{"not_picked":["Anger","Sever Soul"],"picked":"Flex","floor":2},{"not_picked":["Anger","Heavy Blade"],"picked":"Sword Boomerang","floor":2},{"not_picked":["Heavy Blade","Double Tap"],"picked":"Clothesline","floor":3},{"not_picked":["Combust","Pommel Strike","Sword Boomerang"],"picked":"SKIP","floor":3},{"not_picked":["Twin Strike","True Grit"],"picked":"Seeing Red","floor":7},{"not_picked":["Body Slam","Havoc","Shockwave"],"picked":"SKIP","floor":7},{"not_picked":["Shockwave","Body Slam","Burning Pact"],"picked":"SKIP","floor":8},{"not_picked":["Havoc","Reckless Charge"],"picked":"Battle Trance","floor":10},{"not_picked":["Blood for Blood","Anger","Sentinel"],"picked":"SKIP","floor":10},{"not_picked":["True Grit","Thunderclap","Pommel Strike"],"picked":"SKIP","floor":13},{"not_picked":["Fire Breathing","Body Slam","Sentinel"],"picked":"SKIP","floor":13},{"not_picked":["Limit Break","Berserk"],"picked":"Immolate","floor":16},{"not_picked":["Rampage","Wild Strike"],"picked":"Shrug It Off+1","floor":18},{"not_picked":["Second Wind","Perfected Strike","Body Slam+1"],"picked":"SKIP","floor":18},{"not_picked":["Dual Wield","Iron Wave+1"],"picked":"Headbutt+1","floor":21},{"not_picked":["Twin Strike+1","Headbutt+1"],"picked":"Disarm","floor":21},{"not_picked":["Body Slam+1","Havoc+1"],"picked":"True Grit+1","floor":22},{"not_picked":["True Grit","Bloodletting"],"picked":"Limit Break","floor":22},{"not_picked":["Ghostly Armor+1","True Grit"],"picked":"Sentinel","floor":24},{"not_picked":["Clash+1","Headbutt+1","Body Slam+1"],"picked":"SKIP","floor":24},{"not_picked":["True Grit","Disarm"],"picked":"Impervious","floor":25},{"not_picked":["Twin Strike+1","Pommel Strike+1","Body Slam+1"],"picked":"SKIP","floor":27},{"not_picked":["Hemokinesis+1","Perfected Strike+1","True Grit"],"picked":"SKIP","floor":27},{"not_picked":["Dropkick+1","Cleave+1"],"picked":"Heavy Blade+1","floor":29},{"not_picked":["Fiend Fire+1","Impervious"],"picked":"Reaper+1","floor":33},{"not_picked":["Battle Trance+1","Clash+1"],"picked":"Flex+1","floor":35},{"not_picked":["Rupture","Wild Strike+1"],"picked":"Uppercut+1","floor":35},{"not_picked":["Reckless Charge+1","Headbutt+1","Body Slam+1"],"picked":"SKIP","floor":36},{"not_picked":["Havoc","Pommel Strike+1","Cleave+1"],"picked":"SKIP","floor":36},{"not_picked":["Havoc","Shockwave+1","Clash+1"],"picked":"SKIP","floor":37},{"not_picked":["Reckless Charge+1","Twin Strike+1","Armaments"],"picked":"SKIP","floor":37},{"not_picked":["Disarm+1","Perfected Strike+1"],"picked":"True Grit+1","floor":38},{"not_picked":["Combust+1","Iron Wave+1","Barricade"],"picked":"SKIP","floor":38},{"not_picked":["Reckless Charge+1","Burning Pact+1","Battle Trance+1"],"picked":"SKIP","floor":40},{"not_picked":["Uppercut+1","Feel No Pain+1","Intimidate+1"],"picked":"SKIP","floor":42},{"not_picked":["Dropkick+1","Sever Soul+1","Rupture+1"],"picked":"SKIP","floor":44},{"not_picked":["Warcry","Body Slam+1","Shrug It Off"],"picked":"SKIP","floor":44},{"not_picked":["Dropkick+1","True Grit+1"],"picked":"Metallicize+1","floor":46},{"not_picked":["Rampage+1","Disarm","Battle Trance"],"picked":"SKIP","floor":47},{"not_picked":["Cleave+1","Spot Weakness","Feel No Pain+1"],"picked":"SKIP","floor":47},{"not_picked":["Dropkick+1","Second Wind+1"],"picked":"Inflame+1","floor":48},{"not_picked":["Sword Boomerang+1","Combust"],"picked":"True Grit+1","floor":48},{"not_picked":["Twin Strike+1","Flex","Intimidate"],"picked":"SKIP","floor":54}],"player_experience":355721,"relics_obtained":[{"floor":8,"key":"MawBank"},{"floor":9,"key":"Regal Pillow"},{"floor":25,"key":"Lantern"},{"floor":26,"key":"Magic Flower"},{"floor":29,"key":"Centennial Puzzle"},{"floor":40,"key":"Ginger"},{"floor":42,"key":"Whetstone"},{"floor":46,"key":"Pen Nib"},{"floor":54,"key":"Sundial"}],"event_choices":[{"damage_healed":0,"gold_gain":68,"player_choice":"Gained Gold","damage_taken":0,"max_hp_gain":0,"max_hp_loss":0,"event_name":"Golden Wing","floor":4,"gold_loss":0},{"damage_healed":0,"gold_gain":175,"player_choice":"AGREE","damage_taken":0,"max_hp_gain":0,"max_hp_loss":0,"event_name":"Liars Game","floor":5,"gold_loss":0,"cards_obtained":["Doubt"]},{"damage_healed":0,"gold_gain":0,"player_choice":"Success","damage_taken":7,"relics_obtained":["Happy Flower"],"max_hp_gain":0,"max_hp_loss":0,"event_name":"Scrap Ooze","floor":14,"gold_loss":0},{"damage_healed":0,"gold_gain":0,"player_choice":"Opened","damage_taken":0,"relics_obtained":["Molten Egg 2"],"max_hp_gain":0,"max_hp_loss":0,"event_name":"The Mausoleum","floor":19,"gold_loss":0,"cards_obtained":["Writhe"]},{"damage_healed":0,"gold_gain":99,"player_choice":"Stole From Cult","damage_taken":0,"max_hp_gain":0,"max_hp_loss":0,"event_name":"Nest","floor":31,"gold_loss":0},{"damage_healed":0,"gold_gain":0,"player_choice":"Forge","damage_taken":0,"max_hp_gain":0,"max_hp_loss":0,"event_name":"Accursed Blacksmith","floor":45,"gold_loss":0,"cards_upgraded":["Flex"]}],"is_beta":false,"boss_relics":[{"not_picked":["Runic Cube","Black Star"],"picked":"Runic Pyramid"},{"not_picked":["White Beast Statue","Eternal Feather"],"picked":"Lizard Tail"}],"items_purged_floors":[11,20,39],"is_endless":false,"potions_floor_spawned":[2,3,10,18,22,25,27,37,40,42,46,47,54],"ascension_level":1}