{"path_per_floor":["M","?","M","$","M","R","M","M","T","R","$","M","$","?","R","B",null,"M","T","?","$","M","R","?","M","T","R","T","M","R","?","R"],"character_chosen":"IRONCLAD","items_purchased":["Corruption","Regen Potion"],"gold_per_floor":[113,113,130,21,34,34,48,67,91,91,91,103,3,3,3,106,106,123,123,123,71,81,81,81,94,172,172,172,185,185,185,185,185],"floor_reached":33,"campfire_rested":4,"playtime":765,"current_hp_per_floor":[75,59,65,65,64,64,56,62,62,62,62,52,52,45,69,42,80,53,53,53,53,26,50,35,13,13,38,38,24,49,42,42,0],"items_purged":["Defend_R","Defend_R"],"gold":185,"score":260,"play_id":"71fd2117-c9df-4370-bc6a-fb8fa66d1019","local_time":"20180414114447","is_prod":false,"is_daily":false,"chose_seed":false,"is_ascension_mode":false,"campfire_upgraded":3,"timestamp":1523731487,"path_taken":["M","?","M","$","?","R","M","M","T","R","?","M","$","?","R","BOSS","M","?","?","$","M","R","?","M","T","R","?","M","R","?","R","BOSS"],"build_version":"2018-04-12","seed_source_timestamp":225210214932371,"purchased_purges":2,"victory":false,"master_deck":["Strike_R","Strike_R+1","Strike_R","Defend_R","Defend_R+1","Bash+1","Warcry","Dropkick","Corruption+1","Brutality","Flex+1","Warcry","Ghostly+1","Ghostly","Ghostly","Ghostly","Ghostly"],"max_hp_per_floor":[80,80,80,80,80,80,80,80,80,80,80,80,80,80,80,80,80,80,80,80,80,80,80,85,85,85,85,85,85,85,42,42,42],"relics":["Burning Blood"],"card_choices":[{"not_picked":["Seeing Red","Headbutt"],"picked":"Warcry","floor":1},{"not_picked":["Heavy Blade","Thunderclap"],"picked":"Dropkick","floor":3},{"not_picked":["Reaper","Bludgeon"],"picked":"Brutality","floor":16},{"not_picked":["Seeing Red","Flame Barrier"],"picked":"Flex","floor":18},{"not_picked":["Clothesline","Shrug It Off"],"picked":"Warcry","floor":29}],"player_experience":465825,"potions_floor_usage":[8,16,22,25,29],"damage_taken":[{"damage":11,"enemies":"Jaw Worm","floor":1,"turns":2},{"damage":0,"enemies":"Cultist","floor":3,"turns":3},{"damage":7,"enemies":"2 Louse","floor":5,"turns":3},{"damage":14,"enemies":"Blue Slaver","floor":7,"turns":3},{"damage":0,"enemies":"Red Slaver","floor":8,"turns":4},{"damage":16,"enemies":"3 Louse","floor":12,"turns":4},{"damage":33,"enemies":"Slime Boss","floor":16,"turns":12},{"damage":33,"enemies":"Shell Parasite","floor":18,"turns":5},{"damage":48,"enemies":"3 Byrds","floor":22,"turns":7},{"damage":28,"enemies":"Centurion and Healer","floor":25,"turns":6},{"damage":20,"enemies":"Snecko","floor":29,"turns":4},{"damage":50,"enemies":"Champ","floor":33,"turns":10}],"event_choices":[{"event_name":"Shining Light","player_choice":"Entered Light","floor":2,"damage_taken":0},{"event_name":"Golden Wing","player_choice":"Card Removal","floor":14,"damage_taken":0},{"event_name":"Cursed Tome","player_choice":"Ignored","floor":20,"damage_taken":0},{"event_name":"Forgotten Altar","player_choice":"Shed Blood","floor":24,"damage_taken":0},{"event_name":"Ghosts","player_choice":"Became a Ghost","floor":31,"damage_taken":0}],"boss_relics":[{"not_picked":["Calling Bell","Velvet Choker","Runic Dome"]}],"potions_floor_spawned":[1,8,12,18,29],"seed_played":"-961239238061838674","killed_by":"Champ","ascension_level":0,"is_trial":false}