{"gold_per_floor":[112,112,112,130,148,148,123,123,177,100,170,180,27,56,56,127,127,143,154,154,154,3,31,31],"floor_reached":24,"playtime":1115,"items_purged":["Strike_B","Writhe"],"score":424,"play_id":"2d7095e9-58a4-401c-b5c9-1297b675d0c0","local_time":"20190511064750","is_ascension_mode":true,"campfire_choices":[{"data":"Zap","floor":6.0,"key":"SMITH"},{"data":"Defragment","floor":15.0,"key":"SMITH"}],"neow_cost":"NONE","seed_source_timestamp":3492890484289199,"circlet_count":0,"master_deck":["AscendersBane","Strike_B","Strike_B","Strike_B","Defend_B","Defend_B","Defend_B","Zap+1","Dualcast","Reinforced Body","Self Repair","Go for the Eyes","Defragment+1","Doom and Gloom","Defragment","Glacier","Defragment","Seek","Redo","Flash of Steel"],"special_seed":0,"relics":["Cracked Core","NeowsBlessing","Bronze Scales","The Courier","DataDisk","Busted Crown","Torii","Omamori"],"potions_floor_usage":[],"damage_taken":[{"damage":0.0,"enemies":"2 Louse","floor":1.0,"turns":1.0},{"damage":0.0,"enemies":"Cultist","floor":4.0,"turns":1.0},{"damage":0.0,"enemies":"Jaw Worm","floor":5.0,"turns":1.0},{"damage":0.0,"enemies":"2 Fungi Beasts","floor":12.0,"turns":3.0},{"damage":11.0,"enemies":"Gremlin Nob","floor":14.0,"turns":4.0},{"damage":4.0,"enemies":"Slime Boss","floor":16.0,"turns":8.0},{"damage":26.0,"enemies":"Chosen","floor":18.0,"turns":7.0},{"damage":0.0,"enemies":"Spheric Guardian","floor":19.0,"turns":5.0},{"damage":9,"enemies":"Book of Stabbing","floor":23,"turns":6},{"damage":37,"enemies":"Cultist and Chosen","floor":24,"turns":5}],"seed_played":"-4442531598712973820","potions_obtained":[{"floor":1.0,"key":"Swift Potion"},{"floor":5.0,"key":"FearPotion"},{"floor":16.0,"key":"LiquidBronze"},{"floor":19.0,"key":"Ancient Potion"}],"is_trial":false,"path_per_floor":["M","$","?","M","M","R","$","?","T","$","T","M","$","E","R","B",null,"M","M","?","?","$","E","M"],"character_chosen":"DEFECT","items_purchased":["Go for the Eyes","Defragment","Defragment","Glacier","Flash of Steel"],"campfire_rested":0,"item_purchase_floors":[7,10,13,13,22],"current_hp_per_floor":[64,64,60,60,60,60,60,60,60,60,60,67,67,63,63,66,70,51,58,38,38,38,36,0],"gold":31,"neow_bonus":"THREE_ENEMY_KILL","is_prod":false,"is_daily":false,"chose_seed":false,"campfire_upgraded":2,"win_rate":0,"timestamp":1557575270,"path_taken":["M","$","?","M","?","R","$","?","T","$","?","M","?","E","R","BOSS","M","M","?","?","?","E","?"],"build_version":"2019-01-23","purchased_purges":2,"victory":false,"max_hp_per_floor":[71,71,71,71,71,71,71,71,71,71,71,71,71,71,71,71,71,71,71,76,76,76,76,76],"card_choices":[{"not_picked":["Conserve Battery","Rip and Tear"],"picked":"Reinforced Body","floor":1.0},{"not_picked":["Rebound","Compile Driver","Turbo"],"picked":"SKIP","floor":4.0},{"not_picked":["Chaos","Steam"],"picked":"Self Repair","floor":5.0},{"not_picked":["Tempest","Storm"],"picked":"Doom and Gloom","floor":12.0},{"not_picked":["BootSequence","Amplify"],"picked":"Defragment","floor":14.0},{"not_picked":["Buffer","Reboot"],"picked":"Seek","floor":16.0},{"not_picked":[],"picked":"Redo","floor":18.0},{"not_picked":["Go for the Eyes"],"picked":"SKIP","floor":19.0},{"not_picked":["Reinforced Body"],"picked":"SKIP","floor":23}],"player_experience":684189,"relics_obtained":[{"floor":9.0,"key":"Bronze Scales"},{"floor":11.0,"key":"The Courier"},{"floor":14.0,"key":"DataDisk"},{"floor":23,"key":"Omamori"}],"event_choices":[{"damage_healed":0.0,"max_hp_gain":0.0,"max_hp_loss":0.0,"gold_gain":0.0,"event_name":"The Woman in Blue","player_choice":"Bought 0 Potions","floor":3.0,"gold_loss":0.0,"damage_taken":0.0},{"cards_removed":["Defend_B"],"damage_healed":0.0,"max_hp_gain":0.0,"max_hp_loss":0.0,"gold_gain":0.0,"event_name":"Bonfire Elementals","player_choice":"Offered Basic","floor":8.0,"gold_loss":0.0,"damage_taken":0.0},{"damage_healed":0.0,"max_hp_gain":5.0,"max_hp_loss":0.0,"gold_gain":0.0,"event_name":"Forgotten Altar","player_choice":"Shed Blood","floor":20.0,"gold_loss":0.0,"damage_taken":25.0},{"damage_healed":0.0,"max_hp_gain":0.0,"max_hp_loss":0.0,"gold_gain":0.0,"event_name":"The Mausoleum","player_choice":"Opened","floor":21.0,"gold_loss":0.0,"damage_taken":0.0,"relics_obtained":["Torii"],"cards_obtained":["Writhe"]}],"is_beta":false,"boss_relics":[{"not_picked":["Runic Pyramid","Ectoplasm"],"picked":"Busted Crown"}],"items_purged_floors":[13,22],"is_endless":false,"potions_floor_spawned":[1,5,16,19],"killed_by":"Cultist and Chosen","ascension_level":20}