{"gold_per_floor":[216,291,307,326,345,345,363,363,437,459,459,469,469,483,483,483],"floor_reached":16,"playtime":432,"items_purged":[],"score":188,"play_id":"04fa1376-351c-4642-9423-caae0a0f7e75","local_time":"20190215204456","is_ascension_mode":true,"campfire_choices":[{"floor":6,"key":"REST"},{"data":"Noxious Fumes","floor":8,"key":"SMITH"},{"floor":13,"key":"REST"},{"floor":15,"key":"REST"}],"neow_cost":"NONE","seed_source_timestamp":36619195421060,"circlet_count":0,"master_deck":["AscendersBane","Defend_G","Defend_G","Defend_G","Defend_G","Defend_G","Strike_G","Strike_G","Strike_G","Strike_G","Survivor","Neutralize","Dodge and Roll","Noxious Fumes+1","Escape Plan","Dash","PiercingWail","Dash","Cloak And Dagger"],"relics":["Ring of the Snake","Question Card","Odd Mushroom"],"potions_floor_usage":[16,16],"damage_taken":[{"damage":9,"enemies":"Jaw Worm","floor":1,"turns":8},{"damage":1,"enemies":"2 Louse","floor":3,"turns":3},{"damage":1,"enemies":"Small Slimes","floor":4,"turns":4},{"damage":22,"enemies":"Exordium Wildlife","floor":5,"turns":7},{"damage":8,"enemies":"3 Louse","floor":7,"turns":6},{"damage":20,"enemies":"The Mushroom Lair","floor":10,"turns":6},{"damage":0,"enemies":"2 Fungi Beasts","floor":12,"turns":4},{"damage":0,"enemies":"Blue Slaver","floor":14,"turns":8},{"damage":51,"enemies":"Slime Boss","floor":16,"turns":8}],"seed_played":"5974897922861105615","potions_obtained":[{"floor":1,"key":"FearPotion"},{"floor":7,"key":"SpeedPotion"}],"is_trial":false,"path_per_floor":["M","?","M","M","M","R","M","R","T","?","?","M","R","M","R","B"],"character_chosen":"THE_SILENT","items_purchased":[],"campfire_rested":3,"item_purchase_floors":[],"current_hp_per_floor":[50,39,38,37,15,34,26,26,26,6,6,6,25,25,44,0],"gold":483,"neow_bonus":"HUNDRED_GOLD","is_prod":false,"is_daily":false,"chose_seed":false,"campfire_upgraded":1,"win_rate":0,"timestamp":1550288696,"path_taken":["M","?","M","M","M","R","M","R","T","?","?","?","R","M","R","BOSS"],"build_version":"2019-02-06","purchased_purges":0,"victory":false,"max_hp_per_floor":[66,66,66,66,66,66,66,66,66,66,66,66,66,66,66,66],"card_choices":[{"not_picked":["Heel Hook","Bane","Prepared"],"picked":"SKIP","floor":1},{"not_picked":["Slice","Deflect"],"picked":"Dodge and Roll","floor":3},{"not_picked":["PiercingWail","Predator"],"picked":"Noxious Fumes","floor":4},{"not_picked":["Blade Dance","Quick Slash"],"picked":"Escape Plan","floor":5},{"not_picked":["Blur","Backflip"],"picked":"Dash","floor":7},{"not_picked":["Storm of Steel","Bane","Dodge and Roll"],"picked":"PiercingWail","floor":10},{"not_picked":["Blade Dance","Acrobatics","Sucker Punch"],"picked":"Dash","floor":12},{"not_picked":["Backflip","Dash","Flying Knee"],"picked":"Cloak And Dagger","floor":14}],"player_experience":1096021,"relics_obtained":[{"floor":9,"key":"Question Card"},{"floor":10,"key":"Odd Mushroom"}],"event_choices":[{"damage_healed":0,"gold_gain":75,"player_choice":"Gather Gold","damage_taken":11,"max_hp_gain":0,"max_hp_loss":0,"event_name":"World of Goop","floor":2,"gold_loss":0},{"damage_healed":0,"gold_gain":0,"player_choice":"Fought Mushrooms","damage_taken":0,"max_hp_gain":0,"max_hp_loss":0,"event_name":"Mushrooms","floor":10,"gold_loss":0},{"cards_removed":["Strike_G"],"damage_healed":0,"gold_gain":0,"player_choice":"Forget","damage_taken":0,"max_hp_gain":0,"max_hp_loss":0,"event_name":"Living Wall","floor":11,"gold_loss":0}],"is_beta":true,"boss_relics":[],"items_purged_floors":[],"is_endless":false,"potions_floor_spawned":[1,7],"killed_by":"Slime Boss","ascension_level":20}