{"gold_per_floor":[116,16,34,53,53,53,69,103,156,38,38,38,38,58,58,135,135,145,165,55,55,55,55,69,69,69,82,82,82,26,26,26,26],"floor_reached":33,"playtime":1458,"items_purged":["Strike_R"],"score":511,"play_id":"c44155f1-d930-4c01-835a-6ae31dddbe9b","local_time":"20190404212919","is_ascension_mode":true,"campfire_choices":[{"data":"True Grit","floor":6,"key":"SMITH"},{"data":"Whirlwind","floor":11,"key":"SMITH"},{"data":"Combust","floor":13,"key":"SMITH"},{"data":"Bash","floor":15,"key":"SMITH"},{"data":"Metallicize","floor":23,"key":"SMITH"},{"data":"Power Through","floor":25,"key":"SMITH"},{"data":"Pommel Strike","floor":28,"key":"SMITH"},{"data":"Feel No Pain","floor":32,"key":"SMITH"}],"neow_cost":"NONE","seed_source_timestamp":298787053485202,"circlet_count":0,"master_deck":["AscendersBane","Strike_R","Strike_R","Strike_R","Strike_R","Defend_R","Defend_R","Defend_R","Defend_R","Bash+1","Combust+1","Metallicize+1","True Grit+1","Power Through+1","Pommel Strike+1","Whirlwind+1","Evolve","Reckless Charge","Feel No Pain+1"],"relics":["Burning Blood","Bottled Flame","Philosopher\u0027s Stone","Pear","Nloth\u0027s Gift"],"potions_floor_usage":[3,7,8,16,18,18,27,33,33],"damage_taken":[{"damage":1,"enemies":"Cultist","floor":1,"turns":3},{"damage":4,"enemies":"Small Slimes","floor":3,"turns":5},{"damage":2,"enemies":"2 Louse","floor":4,"turns":4},{"damage":20,"enemies":"Exordium Thugs","floor":7,"turns":5},{"damage":21,"enemies":"3 Sentries","floor":8,"turns":7},{"damage":0,"enemies":"Gremlin Gang","floor":14,"turns":1},{"damage":38,"enemies":"The Guardian","floor":16,"turns":14},{"damage":24,"enemies":"Chosen","floor":18,"turns":4},{"damage":28,"enemies":"Spheric Guardian","floor":19,"turns":5},{"damage":12,"enemies":"Cultist and Chosen","floor":24,"turns":5},{"damage":6,"enemies":"3 Cultists","floor":27,"turns":4},{"damage":98,"enemies":"Collector","floor":33,"turns":6}],"seed_played":"-8950989880403274472","potions_obtained":[{"floor":0,"key":"EssenceOfSteel"},{"floor":0,"key":"Weak Potion"},{"floor":4,"key":"Dexterity Potion"},{"floor":7,"key":"Dexterity Potion"},{"floor":8,"key":"AttackPotion"},{"floor":16,"key":"SkillPotion"},{"floor":19,"key":"PowerPotion"}],"is_trial":false,"path_per_floor":["M","$","M","M","?","R","M","E","T","$","R","$","R","M","R","B",null,"M","M","$","T","?","R","M","R","T","M","R","?","$","?","R","B"],"character_chosen":"IRONCLAD","items_purchased":["Metallicize","True Grit","Evolve","Fruit Juice","Strength Potion"],"campfire_rested":0,"item_purchase_floors":[2,2,10,20,30],"current_hp_per_floor":[73,73,75,75,71,71,57,42,42,42,42,42,42,48,48,16,60,48,26,26,36,95,95,89,89,89,89,89,89,89,89,89,0],"gold":26,"neow_bonus":"THREE_SMALL_POTIONS","is_prod":false,"is_daily":false,"chose_seed":false,"campfire_upgraded":8,"win_rate":0,"timestamp":1554427759,"path_taken":["M","$","?","M","?","R","?","E","T","?","R","$","R","M","R","BOSS","M","M","$","?","?","R","?","R","T","M","R","?","$","?","R","BOSS"],"build_version":"2019-01-23","purchased_purges":1,"victory":false,"max_hp_per_floor":[75,75,75,75,75,75,75,75,75,75,75,75,75,75,75,75,75,75,75,75,85,95,95,95,95,95,95,95,95,95,95,95,100],"card_choices":[{"not_picked":["Body Slam","Warcry"],"picked":"Combust","floor":1},{"not_picked":["Searing Blow","Anger"],"picked":"Power Through","floor":3},{"not_picked":["Fire Breathing","Iron Wave"],"picked":"Pommel Strike","floor":4},{"not_picked":["Havoc","Body Slam","Flex"],"picked":"SKIP","floor":7},{"not_picked":["Exhume","Metallicize"],"picked":"Whirlwind","floor":8},{"not_picked":["Bloodletting","Clash","Iron Wave"],"picked":"SKIP","floor":14},{"not_picked":["Limit Break","Barricade"],"picked":"Reaper","floor":16},{"not_picked":["Pommel Strike","Clash+1","Warcry"],"picked":"SKIP","floor":18},{"not_picked":["Cleave","Evolve","Armaments"],"picked":"SKIP","floor":19},{"not_picked":["Rupture","Sword Boomerang"],"picked":"Reckless Charge","floor":24},{"not_picked":["Sentinel","Anger+1","Twin Strike"],"picked":"SKIP","floor":27}],"player_experience":1594424,"relics_obtained":[{"floor":8,"key":"Bottled Flame"},{"floor":21,"key":"Pear"},{"floor":26,"key":"Juzu Bracelet"}],"event_choices":[{"damage_healed":0,"gold_gain":0,"player_choice":"Bought 0 Potions","damage_taken":0,"max_hp_gain":0,"max_hp_loss":0,"event_name":"The Woman in Blue","floor":5,"gold_loss":0},{"cards_removed":["Reaper"],"damage_healed":49,"gold_gain":0,"player_choice":"Offered Rare","damage_taken":0,"max_hp_gain":10,"max_hp_loss":0,"event_name":"Bonfire Elementals","floor":22,"gold_loss":0},{"damage_healed":0,"gold_gain":0,"player_choice":"Read","damage_taken":0,"max_hp_gain":0,"max_hp_loss":0,"event_name":"The Library","floor":29,"gold_loss":0,"cards_obtained":["Feel No Pain"]},{"damage_healed":0,"gold_gain":0,"player_choice":"Traded Relic","damage_taken":0,"relics_obtained":["Nloth\u0027s Gift"],"max_hp_gain":0,"max_hp_loss":0,"event_name":"N\u0027loth","floor":31,"relics_lost":["Juzu Bracelet"],"gold_loss":0}],"is_beta":false,"boss_relics":[{"not_picked":["Eternal Feather","Runic Pyramid"],"picked":"Philosopher\u0027s Stone"}],"items_purged_floors":[10],"is_endless":false,"potions_floor_spawned":[1,4,7,8,16,19],"killed_by":"Collector","ascension_level":20}