{"gold_per_floor":[218,237,62,81,81,81,95,95,176,22,38,63,63,88,88,216,216,237,237,252,13,13],"floor_reached":22,"playtime":1113,"items_purged":[],"score":178,"play_id":"4e518c38-52c8-463f-847d-dda6638f2e3f","local_time":"20190417221745","is_ascension_mode":false,"campfire_choices":[{"data":"Loop","floor":6.0,"key":"SMITH"},{"floor":13.0,"key":"REST"},{"floor":15.0,"key":"REST"}],"neow_cost":"NONE","seed_source_timestamp":0,"circlet_count":0,"master_deck":["Strike_B","Strike_B","Strike_B","Defend_B","Defend_B","Defend_B","Defend_B","Zap","Dualcast","Storm","Blizzard","Capacitor","Conserve Battery","Loop+1","Injury","Blizzard","Strike_B","Coolheaded","Blizzard","Redo","Coolheaded","Coolheaded","Electrodynamics","Turbo+1","Redo"],"special_seed":0,"relics":["Cracked Core","Bloody Idol","White Beast Statue","Toxic Egg 2"],"potions_floor_usage":[],"damage_taken":[{"damage":6.0,"enemies":"2 Louse","floor":1.0,"turns":2.0},{"damage":6.0,"enemies":"Cultist","floor":2.0,"turns":4.0},{"damage":13.0,"enemies":"Jaw Worm","floor":4.0,"turns":4.0},{"damage":13.0,"enemies":"2 Fungi Beasts","floor":7.0,"turns":4.0},{"damage":2.0,"enemies":"Large Slime","floor":11.0,"turns":6.0},{"damage":16.0,"enemies":"3 Louse","floor":12.0,"turns":4.0},{"damage":13.0,"enemies":"Red Slaver","floor":14.0,"turns":3.0},{"damage":27.0,"enemies":"Hexaghost","floor":16.0,"turns":12.0},{"damage":15.0,"enemies":"Shell Parasite","floor":18.0,"turns":8.0},{"damage":37.0,"enemies":"2 Thieves","floor":20.0,"turns":4.0},{"damage":37,"enemies":"Shelled Parasite and Fungi","floor":22,"turns":6}],"seed_played":"2261299375269795227","potions_obtained":[{"floor":1.0,"key":"GamblersBrew"},{"floor":7.0,"key":"SteroidPotion"},{"floor":14.0,"key":"FearPotion"},{"floor":16.0,"key":"Swift Potion"},{"floor":18.0,"key":"SpeedPotion"},{"floor":20.0,"key":"SmokeBomb"}],"is_trial":false,"path_per_floor":["M","M","$","M","?","R","M","?","T","$","M","M","R","M","R","B",null,"M","?","M","$","M"],"character_chosen":"DEFECT","items_purchased":["Blizzard","Capacitor","Conserve Battery","Coolheaded","Blizzard","Redo","Toxic Egg 2"],"campfire_rested":2,"item_purchase_floors":[3,3,3,10,10,10,21],"current_hp_per_floor":[69,63,63,50,50,50,37,37,37,37,35,19,41,28,50,23,75,60,60,33,33,0],"gold":13,"neow_bonus":"HUNDRED_GOLD","is_prod":false,"is_daily":false,"chose_seed":false,"campfire_upgraded":1,"win_rate":0,"timestamp":1555553865,"path_taken":["M","M","$","M","?","R","M","?","T","$","?","M","R","M","R","BOSS","M","?","M","$","M"],"build_version":"2019-01-23","purchased_purges":0,"victory":false,"max_hp_per_floor":[75,75,75,75,75,75,75,75,75,75,75,75,75,75,75,75,75,75,75,75,75,75],"card_choices":[{"not_picked":["Heatsinks","Sweeping Beam"],"picked":"Storm","floor":1.0},{"not_picked":["Rebound","Aggregate","Beam Cell"],"picked":"SKIP","floor":2.0},{"not_picked":["Stack","Turbo"],"picked":"Loop","floor":4.0},{"not_picked":["Hologram","Rebound"],"picked":"Blizzard","floor":7.0},{"not_picked":["Barrage","Leap"],"picked":"Coolheaded","floor":11.0},{"not_picked":["Skim","Reprogram"],"picked":"Coolheaded","floor":12.0},{"not_picked":["Beam Cell","Reboot","Gash"],"picked":"SKIP","floor":14.0},{"not_picked":["Rainbow","Fission"],"picked":"Electrodynamics","floor":16.0},{"not_picked":["Go for the Eyes","Gash"],"picked":"Turbo+1","floor":18.0},{"not_picked":["Gash","Rebound+1"],"picked":"Redo","floor":20.0}],"player_experience":828353,"relics_obtained":[],"event_choices":[{"damage_healed":0.0,"max_hp_gain":0.0,"max_hp_loss":0.0,"gold_gain":0.0,"event_name":"Golden Idol","player_choice":"Take Wound","floor":5.0,"gold_loss":0.0,"damage_taken":0.0,"relics_obtained":["Golden Idol"],"cards_obtained":["Injury"]},{"cards_removed":["Strike_B"],"damage_healed":0.0,"max_hp_gain":0.0,"max_hp_loss":0.0,"gold_gain":0.0,"event_name":"NoteForYourself","player_choice":"Took Card","floor":8.0,"gold_loss":0.0,"damage_taken":0.0,"cards_obtained":["Strike_B"]},{"damage_healed":0.0,"max_hp_gain":0.0,"max_hp_loss":0.0,"gold_gain":0.0,"event_name":"Forgotten Altar","player_choice":"Gave Idol","floor":19.0,"relics_lost":["Golden Idol"],"gold_loss":0.0,"damage_taken":0.0,"relics_obtained":["Bloody Idol"]}],"is_beta":false,"boss_relics":[{"not_picked":["Coffee Dripper","Runic Dome"],"picked":"White Beast Statue"}],"items_purged_floors":[],"is_endless":false,"potions_floor_spawned":[1,7,14,16,18,20],"killed_by":"Shelled Parasite and Fungi","ascension_level":0}