{"path_per_floor":["M","T","$","M","?","M","E","R","T","R","?","R","$","?","R","B",null,"M","?","$","M","M","R","M","?","T","R","M","M","E","?","R"],"character_chosen":"IRONCLAD","items_purchased":["Girya","Uppercut","Inflame","Whirlwind","Regal Pillow"],"gold_per_floor":[359,386,40,59,59,71,98,98,125,125,225,225,35,35,35,133,133,151,151,4,17,33,33,52,52,52,52,65,78,107,107,107],"floor_reached":33,"campfire_rested":1,"playtime":1047,"current_hp_per_floor":[67,67,67,69,53,50,46,46,46,46,46,46,46,46,46,52,73,61,90,90,88,62,62,54,54,54,54,56,63,63,45,88],"items_purged":["Clumsy"],"gold":107,"score":479,"play_id":"07851b30-e321-4147-8985-e1010a34357d","local_time":"20180313185644","is_prod":false,"is_daily":false,"is_ascension_mode":true,"campfire_upgraded":2,"timestamp":1520981804,"path_taken":["M","?","$","?","?","M","E","R","T","R","?","R","$","?","R","BOSS","M","?","$","M","M","R","M","?","T","R","M","M","E","?","R","BOSS"],"build_version":"2018-03-09","purchased_purges":1,"victory":false,"master_deck":["Strike_R","Strike_R","Strike_R","Strike_R","Strike_R","Defend_R","Defend_R+1","Defend_R","Defend_R","Bash","Cleave","Uppercut","Thunderclap+1","Perfected Strike+1","Wild Strike","Inflame+1","Whirlwind+1","Seeing Red+1","Wild Strike+1","Flex+1","Heavy Blade+1","Evolve+1"],"max_hp_per_floor":[80,80,80,80,80,80,80,80,80,80,80,80,80,80,80,80,80,80,90,90,90,90,90,90,90,90,90,90,90,90,95,95],"relics":["Burning Blood","Anchor","Girya","Ornamental Fan","Prayer Wheel","White Beast Statue","Regal Pillow","Shovel","Meat on the Bone","Bottled Tornado"],"card_choices":[{"not_picked":["Feel No Pain","Shrug It Off"],"picked":"Cleave"},{"not_picked":["Battle Trance","Infernal Blade"],"picked":"Thunderclap"},{"not_picked":["Wild Strike","Combust"],"picked":"Perfected Strike"},{"not_picked":["Sword Boomerang","Armaments"],"picked":"Wild Strike"},{"not_picked":["Reaper","Demon Form"],"picked":"Bludgeon"},{"not_picked":["Bloodletting","Headbutt"],"picked":"Seeing Red"},{"not_picked":["Clash","Fire Breathing"],"picked":"Wild Strike"},{"not_picked":["Dropkick","Sentinel"],"picked":"Flex"},{"not_picked":["Clash","Metallicize"],"picked":"Heavy Blade"},{"not_picked":["Hemokinesis","Whirlwind"],"picked":"Evolve"}],"player_experience":487877,"potions_floor_usage":[22,24,28,29,30,30,33],"damage_taken":[{"damage":11,"enemies":"Cultist","floor":1,"turns":4},{"damage":4,"enemies":"Small Slimes","floor":4,"turns":3},{"damage":9,"enemies":"Jaw Worm","floor":6,"turns":4},{"damage":10,"enemies":"3 Sentries","floor":7,"turns":7},{"damage":0,"enemies":"Slime Boss","floor":16,"turns":5},{"damage":18,"enemies":"Chosen","floor":18,"turns":4},{"damage":8,"enemies":"Shell Parasite","floor":21,"turns":3},{"damage":32,"enemies":"Chosen and Byrds","floor":22,"turns":5},{"damage":14,"enemies":"Centurion and Healer","floor":24,"turns":3},{"damage":13,"enemies":"3 Cultists","floor":28,"turns":4},{"damage":8,"enemies":"Chosen and Byrds","floor":29,"turns":4},{"damage":18,"enemies":"Slavers","floor":30,"turns":4},{"damage":111,"enemies":"Champ","floor":33,"turns":7}],"event_choices":[{"event_name":"Shining Light","player_choice":"Entered Light","floor":5,"damage_taken":0},{"event_name":"Golden Shrine","player_choice":"Pray","floor":11,"damage_taken":0},{"event_name":"Liars Game","player_choice":"disagreed","floor":14,"damage_taken":0},{"event_name":"Bonfire Elementals","player_choice":"RARE","floor":19,"damage_taken":0},{"event_name":"Upgrade Shrine","player_choice":"Upgraded","floor":25,"damage_taken":0},{"event_name":"Forgotten Altar","player_choice":"Shed Blood","floor":31,"damage_taken":0}],"boss_relics":[{"not_picked":["Pandora\u0027s Box","Orrery"],"picked":"White Beast Statue"}],"potions_floor_spawned":[1,18,21,22,24,28,29,30],"seed_played":"9084076437626438339","killed_by":"Champ","ascension_level":9,"is_trial":false}