{"gold_per_floor":[165,37,37,48,63,93,93,121,201,221,250,268,268,268,268,345,345,363,363,322,341,27,55,55,89,89,89,89,102,128,178,178,252,252,267,267,127,147,127,127,159,172,172,172,184,211,33,49,49,49,49,49,49,15,45,45],"floor_reached":56,"playtime":5325,"items_purged":["Strike_B","Injury"],"score":2366,"play_id":"dfa7f313-f271-43c7-b4f9-2cd27c3fd01a","local_time":"20190508165250","is_ascension_mode":true,"campfire_choices":[{"data":"Static Discharge","floor":7,"key":"SMITH"},{"data":"Buffer","floor":13,"key":"SMITH"},{"data":"Coolheaded","floor":15,"key":"SMITH"},{"data":"Biased Cognition","floor":24,"key":"SMITH"},{"data":"Coolheaded","floor":27,"key":"SMITH"},{"data":"Fusion","floor":32,"key":"SMITH"},{"data":"Coolheaded","floor":40,"key":"SMITH"},{"data":"Biased Cognition","floor":44,"key":"SMITH"},{"floor":49,"key":"RECALL"},{"data":"Coolheaded","floor":53,"key":"SMITH"}],"neow_cost":"NONE","seed_source_timestamp":110141569204252,"circlet_count":0,"master_deck":["AscendersBane","Strike_B","Defend_B","Defend_B","Defend_B+1","Defend_B","Zap","Dualcast+1","Cold Snap","Genetic Algorithm","Static Discharge+1","Ball Lightning","Coolheaded+1","Self Repair","Gash","Buffer+1","Coolheaded+1","Biased Cognition+1","Glacier","Coolheaded+1","Compile Driver","Capacitor","Go for the Eyes","Fusion+1","Recycle","Biased Cognition+1","Coolheaded+1","Finesse","Secret Technique+1","Doom and Gloom","Compile Driver","Storm+1","Injury","Compile Driver+1","Recycle","Glacier","Blizzard"],"relics":["Tiny House","Thread and Needle","PreservedInsect","The Courier","Bottled Lightning","Cursed Key","Runic Capacitor","Gremlin Horn","Strawberry","Ice Cream","Vajra","Coffee Dripper","Frozen Egg 2","Letter Opener","ClockworkSouvenir","War Paint"],"potions_floor_usage":[6,6,16,21,23,30,41,55,56],"damage_taken":[{"damage":1,"enemies":"Small Slimes","floor":1,"turns":6},{"damage":1,"enemies":"Cultist","floor":4,"turns":4},{"damage":4,"enemies":"2 Louse","floor":5,"turns":4},{"damage":19,"enemies":"Gremlin Nob","floor":6,"turns":4},{"damage":7,"enemies":"Lagavulin","floor":8,"turns":6},{"damage":5,"enemies":"Exordium Thugs","floor":10,"turns":5},{"damage":11,"enemies":"3 Sentries","floor":11,"turns":5},{"damage":0,"enemies":"Red Slaver","floor":12,"turns":6},{"damage":24,"enemies":"Hexaghost","floor":16,"turns":11},{"damage":1,"enemies":"3 Byrds","floor":18,"turns":5},{"damage":0,"enemies":"2 Thieves","floor":20,"turns":5},{"damage":5,"enemies":"Snake Plant","floor":21,"turns":4},{"damage":0,"enemies":"Gremlin Leader","floor":23,"turns":6},{"damage":7,"enemies":"Book of Stabbing","floor":25,"turns":6},{"damage":0,"enemies":"Snecko","floor":29,"turns":11},{"damage":0,"enemies":"Gremlin Leader","floor":30,"turns":9},{"damage":0,"enemies":"Champ","floor":33,"turns":18},{"damage":0,"enemies":"3 Darklings","floor":35,"turns":10},{"damage":0,"enemies":"Orb Walker","floor":38,"turns":4},{"damage":0,"enemies":"Nemesis","floor":41,"turns":7},{"damage":0,"enemies":"Sphere and 2 Shapes","floor":42,"turns":5},{"damage":0,"enemies":"Jaw Worm Horde","floor":45,"turns":4},{"damage":0,"enemies":"Giant Head","floor":46,"turns":7},{"damage":0,"enemies":"Writhing Mass","floor":48,"turns":7},{"damage":4,"enemies":"Donu and Deca","floor":50,"turns":9},{"damage":13,"enemies":"Time Eater","floor":51,"turns":32},{"damage":35,"enemies":"Shield and Spear","floor":55,"turns":5},{"damage":58,"enemies":"The Heart","floor":56,"turns":8}],"seed_played":"-2553641054873266017","potions_obtained":[{"floor":0,"key":"FocusPotion"},{"floor":1,"key":"Strength Potion"},{"floor":6,"key":"Block Potion"},{"floor":12,"key":"LiquidBronze"},{"floor":16,"key":"Poison Potion"},{"floor":21,"key":"PowerPotion"},{"floor":23,"key":"Strength Potion"},{"floor":30,"key":"PowerPotion"},{"floor":46,"key":"SpeedPotion"}],"is_trial":false,"path_per_floor":["M","$","?","M","M","E","R","E","T","M","E","M","R","?","R","B",null,"M","?","M","M","$","E","R","E","T","R","T","M","E","?","R","B",null,"M","?","$","M","?","R","E","M","T","R","M","E","$","M","R","B","B",null,"R","$","E","B"],"character_chosen":"DEFECT","items_purchased":["Static Discharge","Ball Lightning","Runic Capacitor","Capacitor","Doom and Gloom","ClockworkSouvenir","Glacier"],"campfire_rested":0,"item_purchase_floors":[2,2,22,22,37,47,54],"current_hp_per_floor":[68,68,68,67,63,51,51,51,51,53,49,56,56,56,56,39,67,73,73,76,76,76,76,76,83,83,83,83,83,83,83,83,83,83,83,73,73,80,80,80,83,83,83,83,83,83,83,83,83,83,77,82,82,82,54,0],"gold":45,"neow_bonus":"BOSS_RELIC","is_prod":false,"is_daily":false,"chose_seed":false,"campfire_upgraded":9,"win_rate":0,"timestamp":1557359570,"path_taken":["M","$","?","?","M","E","R","E","T","M","E","M","R","?","R","BOSS","M","?","M","?","$","E","R","E","T","R","?","?","E","?","R","BOSS","M","?","$","M","?","R","E","M","T","R","?","E","?","M","R","BOSS","BOSS","R","$","E","BOSS"],"build_version":"2019-05-07","purchased_purges":2,"victory":false,"max_hp_per_floor":[76,76,76,76,76,76,76,76,76,76,76,76,76,76,76,76,76,76,76,76,76,76,76,76,83,83,83,83,83,83,83,83,83,83,83,83,83,83,83,83,83,83,83,83,83,83,83,83,83,83,83,83,83,83,83,83],"card_choices":[{"not_picked":["Aggregate","Chaos"],"picked":"Cold Snap","floor":0},{"not_picked":["Capacitor","Compile Driver"],"picked":"Genetic Algorithm","floor":1},{"not_picked":["Turbo","Auto Shields"],"picked":"Coolheaded","floor":4},{"not_picked":["Fusion","Static Discharge"],"picked":"Self Repair","floor":5},{"not_picked":["Ball Lightning","Self Repair","Cold Snap"],"picked":"SKIP","floor":6},{"not_picked":["Ball Lightning","Multi-Cast","Go for the Eyes"],"picked":"SKIP","floor":8},{"not_picked":["Rip and Tear","Barrage"],"picked":"Gash","floor":10},{"not_picked":["Steam","Rebound"],"picked":"Buffer","floor":11},{"not_picked":["Turbo","Barrage"],"picked":"Coolheaded","floor":12},{"not_picked":["All For One","Echo Form"],"picked":"Biased Cognition","floor":16},{"not_picked":["Conserve Battery","Redo","Sweeping Beam"],"picked":"SKIP","floor":18},{"not_picked":["Ball Lightning+1","Reboot"],"picked":"Coolheaded","floor":20},{"not_picked":["Ball Lightning","Leap"],"picked":"Compile Driver","floor":21},{"not_picked":["Steam","Tempest"],"picked":"Go for the Eyes","floor":23},{"not_picked":["Chill","Double Energy"],"picked":"Fusion","floor":25},{"not_picked":["Beam Cell","Chill","Force Field"],"picked":"SKIP","floor":29},{"not_picked":["Skim","Leap"],"picked":"Recycle","floor":30},{"not_picked":["Hyperbeam","Fission"],"picked":"Biased Cognition","floor":33},{"not_picked":["Beam Cell","Self Repair"],"picked":"Coolheaded","floor":35},{"not_picked":["Magnetism","Dramatic Entrance"],"picked":"Finesse","floor":36},{"not_picked":["Swift Strike","Mind Blast"],"picked":"Secret Technique","floor":36},{"not_picked":["Heatsinks+1","Go for the Eyes"],"picked":"Compile Driver","floor":38},{"not_picked":["Chaos","Reinforced Body"],"picked":"Storm","floor":41},{"not_picked":["Steam","Aggregate","Glacier+1"],"picked":"SKIP","floor":42},{"not_picked":["Rebound+1","Redo"],"picked":"Compile Driver+1","floor":45},{"not_picked":["Hologram","Ball Lightning"],"picked":"Recycle","floor":46},{"not_picked":["Darkness","Barrage","Conserve Battery+1"],"picked":"SKIP","floor":48},{"not_picked":["Sweeping Beam","Beam Cell"],"picked":"Blizzard","floor":55}],"player_experience":6274332,"relics_obtained":[{"floor":6,"key":"Thread and Needle"},{"floor":8,"key":"PreservedInsect"},{"floor":9,"key":"The Courier"},{"floor":11,"key":"Bottled Lightning"},{"floor":23,"key":"Gremlin Horn"},{"floor":25,"key":"Strawberry"},{"floor":26,"key":"Ice Cream"},{"floor":30,"key":"Vajra"},{"floor":41,"key":"Frozen Egg 2"},{"floor":46,"key":"Letter Opener"},{"floor":55,"key":"War Paint"}],"event_choices":[{"cards_removed":["Strike_B"],"damage_healed":0,"gold_gain":0,"player_choice":"Card Removal","damage_taken":0,"max_hp_gain":0,"max_hp_loss":0,"event_name":"Wheel of Change","floor":3,"gold_loss":0},{"cards_removed":["Strike_B"],"damage_healed":0,"gold_gain":0,"player_choice":"Purged","damage_taken":0,"max_hp_gain":0,"max_hp_loss":0,"event_name":"Purifier","floor":14,"gold_loss":0},{"damage_healed":0,"gold_gain":0,"player_choice":"1 cards matched","damage_taken":0,"max_hp_gain":0,"max_hp_loss":0,"event_name":"Match and Keep!","floor":19,"gold_loss":0,"cards_obtained":["Glacier"]},{"damage_healed":0,"gold_gain":50,"player_choice":"Stole From Cult","damage_taken":0,"max_hp_gain":0,"max_hp_loss":0,"event_name":"Nest","floor":31,"gold_loss":0},{"damage_healed":0,"gold_gain":0,"player_choice":"Memory 3","damage_taken":10,"max_hp_gain":0,"max_hp_loss":0,"event_name":"SensoryStone","floor":36,"gold_loss":0},{"damage_healed":0,"gold_gain":0,"player_choice":"Bought 1 Potion","damage_taken":0,"max_hp_gain":0,"max_hp_loss":0,"event_name":"The Woman in Blue","floor":39,"gold_loss":0}],"is_beta":true,"boss_relics":[{"not_picked":["Pandora\u0027s Box","Orrery"],"picked":"Cursed Key"},{"not_picked":["Fusion Hammer","Eternal Feather"],"picked":"Coffee Dripper"}],"items_purged_floors":[22,37],"is_endless":false,"potions_floor_spawned":[1,6,12,16,21,23,30,33,35,46],"killed_by":"The Heart","ascension_level":20}