{"gold_per_floor":[111,56,69,86,86,114,114,141,214,231,246,261,261,291,291,364,414,431,27,127,127,140,140,165,176,176,205,205,215,215,1,1,1],"floor_reached":33,"playtime":1784,"items_purged":["Strike_B"],"score":610,"play_id":"cbee8a51-e701-4913-9b1d-e6386c8c9853","local_time":"20190403022012","is_ascension_mode":true,"campfire_choices":[{"data":"Zap","floor":7,"key":"SMITH"},{"data":"Defragment","floor":13,"key":"SMITH"},{"data":"Thunder Strike","floor":15,"key":"SMITH"},{"data":"Hologram","floor":23,"key":"SMITH"},{"data":"Ball Lightning","floor":32,"key":"SMITH"}],"neow_cost":"TEN_PERCENT_HP_LOSS","seed_source_timestamp":143106632666809,"circlet_count":0,"master_deck":["AscendersBane","Strike_B","Strike_B+1","Strike_B+1","Defend_B","Defend_B","Defend_B","Defend_B","Zap+1","Dualcast+1","Ball Lightning+1","Compile Driver","Hologram+1","Undo","Defragment+1","Reinforced Body","Cold Snap","Thunder Strike+1","Electrodynamics","Conserve Battery","Self Repair","Chill","Coolheaded+1","Leap+1"],"relics":["Cracked Core","Torii","Emotion Chip","Happy Flower","Meat on the Bone","Du-Vu Doll","Tiny House","Mummified Hand","StoneCalendar","Pear","Bottled Flame","Toxic Egg 2","Centennial Puzzle","Bag of Preparation"],"potions_floor_usage":[6,6,10,14,16,18,24,25,27,33],"damage_taken":[{"damage":2,"enemies":"2 Louse","floor":1,"turns":3},{"damage":1,"enemies":"Small Slimes","floor":3,"turns":2},{"damage":0,"enemies":"Cultist","floor":4,"turns":3},{"damage":9,"enemies":"Gremlin Nob","floor":6,"turns":3},{"damage":22,"enemies":"Lagavulin","floor":8,"turns":5},{"damage":1,"enemies":"Exordium Wildlife","floor":10,"turns":6},{"damage":6,"enemies":"Looter","floor":11,"turns":2},{"damage":0,"enemies":"Blue Slaver","floor":12,"turns":3},{"damage":7,"enemies":"3 Sentries","floor":14,"turns":4},{"damage":2,"enemies":"Hexaghost","floor":16,"turns":9},{"damage":13,"enemies":"3 Byrds","floor":18,"turns":3},{"damage":20,"enemies":"Colosseum Slavers","floor":20,"turns":2},{"damage":14,"enemies":"Colosseum Nobs","floor":20,"turns":3},{"damage":1,"enemies":"2 Thieves","floor":22,"turns":2},{"damage":9,"enemies":"Gremlin Leader","floor":24,"turns":5},{"damage":32,"enemies":"Shelled Parasite and Fungi","floor":25,"turns":4},{"damage":15,"enemies":"Book of Stabbing","floor":27,"turns":4},{"damage":1,"enemies":"Cultist and Chosen","floor":29,"turns":5},{"damage":47,"enemies":"Automaton","floor":33,"turns":8}],"seed_played":"-3603614323743913304","potions_obtained":[{"floor":4,"key":"SteroidPotion"},{"floor":8,"key":"Dexterity Potion"},{"floor":12,"key":"AttackPotion"},{"floor":14,"key":"Weak Potion"},{"floor":17,"key":"SkillPotion"},{"floor":22,"key":"SpeedPotion"},{"floor":24,"key":"AttackPotion"},{"floor":25,"key":"Strength Potion"}],"is_trial":false,"path_per_floor":["M","$","M","M","?","E","R","E","T","M","M","M","R","E","R","B",null,"M","$","?","?","M","R","E","M","T","E","?","M","?","$","R","B"],"character_chosen":"DEFECT","items_purchased":["Fire Potion","Mummified Hand","Self Repair","Bag of Preparation","Fire Potion"],"campfire_rested":0,"item_purchase_floors":[2,19,19,31,31],"current_hp_per_floor":[62,62,61,61,42,33,33,11,11,22,28,40,40,33,33,43,64,51,51,53,69,75,75,73,48,48,52,29,47,47,47,47,0],"gold":1,"neow_bonus":"ONE_RARE_RELIC","is_prod":false,"is_daily":false,"chose_seed":false,"campfire_upgraded":5,"win_rate":0,"timestamp":1554272412,"path_taken":["M","$","M","M","?","E","R","E","T","M","M","M","R","E","R","BOSS","M","$","?","?","M","R","E","M","T","E","?","M","?","?","R","BOSS"],"build_version":"2019-01-23","purchased_purges":1,"victory":false,"max_hp_per_floor":[64,64,64,64,64,64,64,64,64,64,64,64,64,64,64,64,69,69,69,79,79,79,79,79,79,79,79,84,84,84,84,84,84],"card_choices":[{"not_picked":["Redo","Hologram"],"picked":"Ball Lightning","floor":1},{"not_picked":["Self Repair","Double Energy"],"picked":"Compile Driver","floor":3},{"not_picked":["Beam Cell","Gash"],"picked":"Hologram","floor":4},{"not_picked":["Beam Cell","Leap"],"picked":"Undo","floor":6},{"not_picked":["Steam","Streamline"],"picked":"Defragment","floor":8},{"not_picked":["Rip and Tear","Scrape"],"picked":"Reinforced Body","floor":10},{"not_picked":["Conserve Battery","Stack"],"picked":"Cold Snap","floor":11},{"not_picked":["Turbo","Stack","Hologram"],"picked":"SKIP","floor":12},{"not_picked":["Reinforced Body","White Noise"],"picked":"Thunder Strike","floor":14},{"not_picked":["Fission","Hyperbeam"],"picked":"Electrodynamics","floor":16},{"not_picked":["Beam Cell","Heatsinks"],"picked":"Conserve Battery","floor":17},{"not_picked":["Leap","Skim","Streamline"],"picked":"SKIP","floor":18},{"not_picked":["Multi-Cast","Streamline"],"picked":"Chill","floor":22},{"not_picked":["Streamline","Hello World","Steam Power"],"picked":"SKIP","floor":24},{"not_picked":["Streamline","Go for the Eyes","Cold Snap"],"picked":"SKIP","floor":25},{"not_picked":["Rip and Tear","Conserve Battery+1"],"picked":"Coolheaded+1","floor":27},{"not_picked":["Compile Driver","Beam Cell"],"picked":"Leap+1","floor":29}],"player_experience":1549420,"relics_obtained":[{"floor":6,"key":"Emotion Chip"},{"floor":8,"key":"Happy Flower"},{"floor":9,"key":"Meat on the Bone"},{"floor":14,"key":"Du-Vu Doll"},{"floor":20,"key":"StoneCalendar"},{"floor":20,"key":"Pear"},{"floor":24,"key":"Bottled Flame"},{"floor":26,"key":"Toxic Egg 2"},{"floor":27,"key":"Centennial Puzzle"}],"event_choices":[{"damage_healed":0,"gold_gain":0,"player_choice":"Entered Light","damage_taken":19,"max_hp_gain":0,"max_hp_loss":0,"event_name":"Shining Light","floor":5,"gold_loss":0,"cards_upgraded":["Strike_B","Dualcast"]},{"damage_healed":0,"gold_gain":0,"player_choice":"Fight","damage_taken":0,"max_hp_gain":0,"max_hp_loss":0,"event_name":"Colosseum","floor":20,"gold_loss":0},{"damage_healed":0,"gold_gain":0,"player_choice":"Fought Nobs","damage_taken":0,"max_hp_gain":0,"max_hp_loss":0,"event_name":"Colosseum","floor":20,"gold_loss":0},{"damage_healed":16,"gold_gain":0,"player_choice":"Heal","damage_taken":0,"max_hp_gain":0,"max_hp_loss":0,"event_name":"The Library","floor":21,"gold_loss":0},{"damage_healed":0,"gold_gain":0,"player_choice":"Shed Blood","damage_taken":28,"max_hp_gain":5,"max_hp_loss":0,"event_name":"Forgotten Altar","floor":28,"gold_loss":0},{"damage_healed":0,"gold_gain":0,"player_choice":"Ignored","damage_taken":0,"max_hp_gain":0,"max_hp_loss":0,"event_name":"Ghosts","floor":30,"gold_loss":0}],"is_beta":false,"boss_relics":[{"not_picked":["Lizard Tail","Pandora\u0027s Box"],"picked":"Tiny House"}],"items_purged_floors":[19],"is_endless":false,"potions_floor_spawned":[4,8,12,14,22,24,25],"killed_by":"Automaton","ascension_level":20}