{"gold_per_floor":[113,124,124,67,142,142,153,214,267,278,310,310,310,354,354,447,447,466,482,482,482,482,482,532,532,559,559,580,619,219,287,287,287],"floor_reached":33,"playtime":2653,"items_purged":["Writhe"],"score":578,"play_id":"c66ecc84-38bc-4b1c-bb70-607b7158a605","local_time":"20190403180710","is_ascension_mode":true,"campfire_choices":[{"data":"Zap","floor":6,"key":"SMITH"},{"floor":13,"key":"REST"},{"data":"Dualcast","floor":15,"key":"SMITH"},{"data":"Hologram","floor":23,"key":"SMITH"},{"data":"Biased Cognition","floor":25,"key":"SMITH"},{"data":"Undo","floor":27,"key":"SMITH"},{"data":"Echo Form","floor":32,"key":"SMITH"}],"neow_cost":"NONE","seed_source_timestamp":199047920962998,"circlet_count":0,"master_deck":["AscendersBane","Strike_B+1","Strike_B+1","Strike_B+1","Defend_B+1","Defend_B+1","Defend_B+1","Defend_B+1","Zap+1","Dualcast+1","Coolheaded+1","Self Repair","Ball Lightning","Cold Snap","Biased Cognition+1","Undo+1","Hologram+1","Echo Form+1"],"relics":["Cracked Core","Vajra","Anchor","War Paint","Dead Branch","Golden Idol","Symbiotic Virus","Velvet Choker","Torii","Bronze Scales","DataDisk","Strawberry","Happy Flower","Tiny Chest"],"potions_floor_usage":[11,11,14,29,31,31],"damage_taken":[{"damage":4,"enemies":"Jaw Worm","floor":1,"turns":5},{"damage":8,"enemies":"Small Slimes","floor":2,"turns":3},{"damage":5,"enemies":"2 Louse","floor":7,"turns":3},{"damage":17,"enemies":"3 Sentries","floor":8,"turns":7},{"damage":0,"enemies":"Looter","floor":10,"turns":2},{"damage":20,"enemies":"Lagavulin","floor":11,"turns":7},{"damage":9,"enemies":"Gremlin Nob","floor":14,"turns":3},{"damage":17,"enemies":"Slime Boss","floor":16,"turns":8},{"damage":3,"enemies":"3 Byrds","floor":18,"turns":5},{"damage":0,"enemies":"Spheric Guardian","floor":19,"turns":3},{"damage":0,"enemies":"Chosen and Byrds","floor":28,"turns":5},{"damage":38,"enemies":"Slavers","floor":29,"turns":6},{"damage":1,"enemies":"Book of Stabbing","floor":31,"turns":4},{"damage":45,"enemies":"Champ","floor":33,"turns":10}],"seed_played":"2508994454325046384","potions_obtained":[{"floor":2,"key":"Swift Potion"},{"floor":11,"key":"AttackPotion"},{"floor":14,"key":"Block Potion"},{"floor":16,"key":"Dexterity Potion"},{"floor":29,"key":"Energy Potion"}],"is_trial":false,"path_per_floor":["M","M","?","$","?","R","M","?","T","M","E","?","R","E","R","B",null,"M","M","?","?","?","R","?","R","T","R","M","E","$","E","R","B"],"character_chosen":"DEFECT","items_purchased":["FearPotion","Strawberry","Happy Flower"],"campfire_rested":1,"item_purchase_floors":[4,30,30],"current_hp_per_floor":[60,52,45,45,34,34,36,26,26,33,20,20,39,37,37,27,55,59,64,64,64,64,64,64,64,64,64,64,33,40,39,39,0],"gold":287,"neow_bonus":"RANDOM_COMMON_RELIC","is_prod":false,"is_daily":false,"chose_seed":false,"campfire_upgraded":6,"win_rate":0,"timestamp":1554329230,"path_taken":["M","M","?","$","?","R","M","?","T","M","E","?","R","E","R","BOSS","M","M","?","?","?","R","?","R","T","R","M","E","$","E","R","BOSS"],"build_version":"2019-01-23","purchased_purges":1,"victory":false,"max_hp_per_floor":[71,71,71,71,71,71,71,71,71,71,71,64,64,64,64,64,64,64,64,64,64,64,64,64,64,64,64,64,64,71,71,71,71],"card_choices":[{"not_picked":["Compile Driver","Recycle"],"picked":"Coolheaded","floor":1},{"not_picked":["Skim","Conserve Battery"],"picked":"Self Repair","floor":2},{"not_picked":["Turbo","Barrage"],"picked":"Ball Lightning","floor":7},{"not_picked":["Rip and Tear","Barrage","Streamline"],"picked":"SKIP","floor":10},{"not_picked":["Creative AI","Redo"],"picked":"Cold Snap","floor":11},{"not_picked":["Leap","Fusion","Compile Driver"],"picked":"SKIP","floor":14},{"not_picked":["Seek","Meteor Strike"],"picked":"Biased Cognition","floor":16},{"not_picked":["Conserve Battery","BootSequence"],"picked":"Undo","floor":18},{"not_picked":["Redo+1","Compile Driver"],"picked":"Hologram","floor":19},{"not_picked":["Sweeping Beam","Streamline","Redo+1"],"picked":"SKIP","floor":28},{"not_picked":["Hologram","Fusion"],"picked":"Echo Form","floor":29},{"not_picked":["Steam","Static Discharge","Genetic Algorithm"],"picked":"SKIP","floor":31}],"player_experience":1569788,"relics_obtained":[{"floor":8,"key":"Anchor"},{"floor":9,"key":"War Paint"},{"floor":11,"key":"Dead Branch"},{"floor":14,"key":"Symbiotic Virus"},{"floor":26,"key":"Bronze Scales"},{"floor":29,"key":"DataDisk"},{"floor":31,"key":"Tiny Chest"}],"event_choices":[{"cards_removed":["Strike_B"],"damage_healed":0,"gold_gain":0,"player_choice":"Card Removal","damage_taken":7,"max_hp_gain":0,"max_hp_loss":0,"event_name":"Golden Wing","floor":3,"gold_loss":0},{"damage_healed":0,"gold_gain":75,"player_choice":"Gather Gold","damage_taken":11,"max_hp_gain":0,"max_hp_loss":0,"event_name":"World of Goop","floor":5,"gold_loss":0},{"damage_healed":0,"gold_gain":0,"player_choice":"Searched \u00271\u0027 times","damage_taken":0,"max_hp_gain":0,"max_hp_loss":0,"event_name":"Dead Adventurer","floor":8,"gold_loss":0},{"damage_healed":0,"gold_gain":0,"player_choice":"Lose Max HP","damage_taken":0,"relics_obtained":["Golden Idol"],"max_hp_gain":0,"max_hp_loss":7,"event_name":"Golden Idol","floor":12,"gold_loss":0},{"damage_healed":0,"gold_gain":0,"player_choice":"Ignored","damage_taken":0,"max_hp_gain":0,"max_hp_loss":0,"event_name":"Vampires","floor":20,"gold_loss":0},{"damage_healed":0,"gold_gain":0,"player_choice":"Simplicity","damage_taken":0,"max_hp_gain":0,"max_hp_loss":0,"event_name":"Back to Basics","floor":21,"gold_loss":0,"cards_upgraded":["Strike_B","Strike_B","Strike_B","Defend_B","Defend_B","Defend_B"]},{"damage_healed":0,"gold_gain":0,"player_choice":"Opened","damage_taken":0,"relics_obtained":["Torii"],"max_hp_gain":0,"max_hp_loss":0,"event_name":"The Mausoleum","floor":22,"gold_loss":0,"cards_obtained":["Writhe"]},{"damage_healed":0,"gold_gain":50,"player_choice":"Stole From Cult","damage_taken":0,"max_hp_gain":0,"max_hp_loss":0,"event_name":"Nest","floor":24,"gold_loss":0}],"is_beta":false,"boss_relics":[{"not_picked":["Eternal Feather","Astrolabe"],"picked":"Velvet Choker"}],"items_purged_floors":[30],"is_endless":false,"potions_floor_spawned":[2,8,11,14,16,19,29],"killed_by":"Champ","ascension_level":20}