{"gold_per_floor":[117,136,136,19,34,68,85,85,85,85,102,102,128,142,142,218,218,228,81,131,131,148,148,176,188,255,287,299,322,334,374,386,471,483,511,226,1225,534,547,547,574,574,574,587,212,212,228,260,260,260,260,260,64,99,99],"floor_reached":56,"playtime":2272,"items_purged":["Strike_G","Strike_G+1","Normality","Strike_G+1"],"score":1993,"play_id":"44ce084f-3bd7-40a2-a33c-0bf2ff6a97f0","local_time":"20190315223500","is_ascension_mode":true,"campfire_choices":[{"floor":8.0,"key":"REST"},{"data":"Crippling Poison","floor":10.0,"key":"SMITH"},{"data":"Neutralize","floor":12.0,"key":"SMITH"},{"data":"Cloak And Dagger","floor":15.0,"key":"SMITH"},{"data":"Corpse Explosion","floor":23.0,"key":"SMITH"},{"data":"Envenom","floor":25.0,"key":"SMITH"},{"floor":30.0,"key":"REST"},{"floor":32.0,"key":"REST"},{"data":"Normality","floor":40.0,"key":"PURGE"},{"floor":42,"key":"RECALL"},{"data":"Defend_G+1","floor":49,"key":"PURGE"},{"data":"Strike_G+1","floor":52,"key":"PURGE"}],"neow_cost":"NONE","seed_source_timestamp":211925254905625,"circlet_count":0,"master_deck":["AscendersBane","Defend_G+1","Defend_G+1","Defend_G+1","Defend_G+1","Strike_G+1","Survivor+1","Neutralize+1","Dagger Throw","Crippling Poison+1","Backstab","Predator","Cloak And Dagger+1","Blur","Envenom+1","Cloak And Dagger","Corpse Explosion+1","Leg Sweep","Catalyst","Tools of the Trade","Dodge and Roll","Backflip+1","Catalyst","Footwork","PiercingWail"],"special_seed":0,"relics":["Ring of the Snake","Snake Skull","Ninja Scroll","Kunai","Mummified Hand","Runic Pyramid","MawBank","Happy Flower","Anchor","Fusion Hammer","OrangePellets","Peace Pipe","DollysMirror","Darkstone Periapt","War Paint","Blood Vial","ClockworkSouvenir","Pantograph"],"potions_floor_usage":[55],"damage_taken":[{"damage":5.0,"enemies":"Cultist","floor":1.0,"turns":5.0},{"damage":7.0,"enemies":"Jaw Worm","floor":2.0,"turns":6.0},{"damage":0.0,"enemies":"Small Slimes","floor":5.0,"turns":4.0},{"damage":34.0,"enemies":"3 Sentries","floor":6.0,"turns":12.0},{"damage":1.0,"enemies":"3 Louse","floor":7.0,"turns":2.0},{"damage":0.0,"enemies":"Looter","floor":11.0,"turns":2.0},{"damage":12.0,"enemies":"Gremlin Nob","floor":13.0,"turns":3.0},{"damage":0.0,"enemies":"Exordium Thugs","floor":14.0,"turns":3.0},{"damage":4.0,"enemies":"Slime Boss","floor":16.0,"turns":9.0},{"damage":0.0,"enemies":"3 Byrds","floor":18.0,"turns":4.0},{"damage":0.0,"enemies":"Spheric Guardian","floor":22.0,"turns":8.0},{"damage":17.0,"enemies":"Book of Stabbing","floor":24.0,"turns":5.0},{"damage":7.0,"enemies":"Centurion and Healer","floor":27.0,"turns":4.0},{"damage":6.0,"enemies":"Snake Plant","floor":29.0,"turns":3.0},{"damage":15.0,"enemies":"Slavers","floor":31.0,"turns":2.0},{"damage":3.0,"enemies":"Collector","floor":33.0,"turns":10.0},{"damage":0.0,"enemies":"3 Darklings","floor":35.0,"turns":2.0},{"damage":0.0,"enemies":"Orb Walker","floor":39.0,"turns":3.0},{"damage":1,"enemies":"Reptomancer","floor":41,"turns":9},{"damage":0,"enemies":"Transient","floor":44,"turns":5},{"damage":0,"enemies":"3 Darklings","floor":47,"turns":3},{"damage":1,"enemies":"Giant Head","floor":48,"turns":8},{"damage":8,"enemies":"Awakened One","floor":50,"turns":15},{"damage":28,"enemies":"Shield and Spear","floor":54,"turns":6},{"damage":4,"enemies":"The Heart","floor":55,"turns":11}],"seed_played":"1288353522497652430","potions_obtained":[{"floor":6.0,"key":"Fire Potion"},{"floor":11.0,"key":"SpeedPotion"},{"floor":18.0,"key":"Fire Potion"},{"floor":24.0,"key":"SkillPotion"},{"floor":33.0,"key":"Dexterity Potion"}],"is_trial":false,"path_per_floor":["M","M","?","$","M","E","M","R","T","R","M","R","E","M","R","B",null,"M","$","?","?","M","R","E","R","T","M","?","M","R","E","R","B",null,"M","$","?","$","M","R","E","R","T","M","$","?","M","E","R","B",null,"R","$","E","B",null],"character_chosen":"THE_SILENT","items_purchased":["Crippling Poison","Backstab","Corpse Explosion","OrangePellets","Peace Pipe","Dodge and Roll","Backflip","DollysMirror","Footwork","War Paint","ClockworkSouvenir"],"campfire_rested":3,"item_purchase_floors":[4,4,19,36,38,38,38,38,45,45,53],"current_hp_per_floor":[54,47,47,47,47,13,12,31,31,31,31,31,19,19,19,15,53,53,53,53,53,53,53,36,36,36,29,29,23,42,27,46,43,60,60,60,60,60,60,60,59,59,59,59,59,59,59,58,58,52,63,63,63,37,60],"gold":99,"neow_bonus":"RANDOM_COMMON_RELIC","is_prod":false,"is_daily":false,"chose_seed":false,"campfire_upgraded":5,"win_rate":0,"timestamp":1552703700,"path_taken":["M","M","?","$","M","E","M","R","T","R","M","R","E","M","R","BOSS","M","$","?","?","M","R","E","R","T","M","?","M","R","E","R","BOSS","M","$","?","$","M","R","E","R","T","M","?","?","M","E","R","BOSS","R","$","E","BOSS"],"build_version":"2019-02-06","purchased_purges":4,"victory":true,"max_hp_per_floor":[66,66,66,66,66,66,66,66,66,66,66,66,66,66,66,66,66,66,66,66,66,66,66,66,66,66,66,66,66,66,66,66,66,66,66,66,66,66,66,66,66,66,66,66,66,66,66,66,66,66,66,66,66,66,66],"card_choices":[{"not_picked":["Outmaneuver","Deflect","Sucker Punch"],"picked":"SKIP","floor":1.0},{"not_picked":["Dodge and Roll","Slice"],"picked":"Dagger Throw","floor":2.0},{"not_picked":["Outmaneuver","Flechettes","Deflect"],"picked":"SKIP","floor":5.0},{"not_picked":["Unload","Flechettes"],"picked":"Predator","floor":6.0},{"not_picked":["Acrobatics","Accuracy"],"picked":"Dash","floor":7.0},{"not_picked":["Blade Dance","Terror","Sucker Punch"],"picked":"SKIP","floor":11.0},{"not_picked":["Dagger Spray","Finisher"],"picked":"Cloak And Dagger","floor":13.0},{"not_picked":["Outmaneuver","Underhanded Strike"],"picked":"Blur","floor":14.0},{"not_picked":["Storm of Steel","Unload"],"picked":"Envenom","floor":16.0},{"not_picked":["Deflect","Infinite Blades"],"picked":"Cloak And Dagger","floor":18.0},{"not_picked":["Flechettes","Underhanded Strike","Outmaneuver"],"picked":"SKIP","floor":22.0},{"not_picked":["Slice","Acrobatics","Deadly Poison"],"picked":"SKIP","floor":24.0},{"not_picked":["Sucker Punch","Setup"],"picked":"Leg Sweep","floor":27.0},{"not_picked":["Sucker Punch","Terror+1"],"picked":"Catalyst","floor":29.0},{"not_picked":["Bouncing Flask+1","Deflect","Unload"],"picked":"SKIP","floor":31.0},{"not_picked":["Doppelganger","Glass Knife"],"picked":"Tools of the Trade","floor":33.0},{"not_picked":["Deadly Poison","Bane","Dagger Throw"],"picked":"SKIP","floor":35.0},{"not_picked":["Backstab","Underhanded Strike","Escape Plan"],"picked":"SKIP","floor":39.0},{"not_picked":["Choke","Backstab","Caltrops"],"picked":"SKIP","floor":41},{"not_picked":["Deflect","Choke","Concentrate"],"picked":"SKIP","floor":44},{"not_picked":["Caltrops","Infinite Blades","Predator+1"],"picked":"SKIP","floor":47},{"not_picked":["Finisher","Masterful Stab","Flying Knee+1"],"picked":"SKIP","floor":48},{"not_picked":["Predator","Quick Slash+1"],"picked":"PiercingWail","floor":54}],"player_experience":2189771,"relics_obtained":[{"floor":6.0,"key":"Ninja Scroll"},{"floor":9.0,"key":"Kunai"},{"floor":13.0,"key":"Mummified Hand"},{"floor":24.0,"key":"MawBank"},{"floor":26.0,"key":"Happy Flower"},{"floor":31.0,"key":"Anchor"},{"floor":41,"key":"Darkstone Periapt"},{"floor":48,"key":"Blood Vial"},{"floor":54,"key":"Pantograph"}],"event_choices":[{"damage_healed":0.0,"max_hp_gain":0.0,"max_hp_loss":0.0,"gold_gain":0.0,"event_name":"Liars Game","player_choice":"Ignored","floor":3.0,"gold_loss":0.0,"damage_taken":0.0},{"damage_healed":0.0,"max_hp_gain":0.0,"max_hp_loss":0.0,"gold_gain":50.0,"event_name":"Nest","player_choice":"Stole From Cult","floor":20.0,"gold_loss":0.0,"damage_taken":0.0},{"damage_healed":0.0,"max_hp_gain":0.0,"max_hp_loss":0.0,"gold_gain":0.0,"event_name":"Back to Basics","player_choice":"Simplicity","floor":21.0,"gold_loss":0.0,"damage_taken":0.0,"cards_upgraded":["Defend_G","Defend_G","Defend_G","Defend_G","Defend_G","Strike_G","Strike_G","Strike_G","Strike_G"]},{"damage_healed":0.0,"max_hp_gain":0.0,"max_hp_loss":0.0,"gold_gain":0.0,"event_name":"The Mausoleum","player_choice":"Ignored","floor":28.0,"gold_loss":0.0,"damage_taken":0.0},{"damage_healed":0.0,"max_hp_gain":0.0,"max_hp_loss":0.0,"gold_gain":999.0,"event_name":"MindBloom","player_choice":"Gold","floor":37.0,"gold_loss":0.0,"damage_taken":0.0,"cards_obtained":["Normality","Normality"]},{"cards_removed":["Dash"],"damage_healed":0,"gold_gain":0,"player_choice":"Removed Attack","damage_taken":0,"max_hp_gain":0,"max_hp_loss":0,"event_name":"Falling","floor":46,"gold_loss":0}],"is_beta":true,"boss_relics":[{"not_picked":["Pandora\u0027s Box","Tiny House"],"picked":"Runic Pyramid"},{"not_picked":["Astrolabe","Lizard Tail"],"picked":"Fusion Hammer"}],"items_purged_floors":[19,36,38,45],"is_endless":false,"potions_floor_spawned":[6,11,14,18,24,27,33,39,41,48],"ascension_level":15}