{"gold_per_floor":[113,129,148,163,175,175,200,200,223,223,238,255,255],"floor_reached":13,"playtime":407,"items_purged":[],"score":156,"play_id":"c2c45ed0-4798-414a-a027-8b76f42d8d0e","local_time":"20180802221709","is_ascension_mode":true,"campfire_choices":[{"data":"Dualcast","floor":6,"key":"SMITH"},{"floor":8,"key":"REST"},{"data":"Hologram","floor":10,"key":"SMITH"}],"neow_cost":"NONE","seed_source_timestamp":47643639246557,"circlet_count":0,"master_deck":["Strike_B","Strike_B","Strike_B","Strike_B","Defend_B","Defend_B","Defend_B","Defend_B","Zap+1","Dualcast+1","AscendersBane","Go for the Eyes","Hologram+1","Sweeping Beam","Coolheaded+1","Leap+1"],"relics":["Cracked Core","Toxic Egg 2","Dream Catcher"],"potions_floor_usage":[7,11],"damage_taken":[{"damage":1,"enemies":"Cultist","floor":1,"turns":3},{"damage":3,"enemies":"Small Slimes","floor":2,"turns":3},{"damage":3,"enemies":"2 Louse","floor":3,"turns":3},{"damage":6,"enemies":"2 Fungi Beasts","floor":4,"turns":3},{"damage":8,"enemies":"Exordium Wildlife","floor":5,"turns":4},{"damage":29,"enemies":"3 Sentries","floor":7,"turns":8},{"damage":3,"enemies":"Lots of Slimes","floor":11,"turns":2},{"damage":0,"enemies":"3 Louse","floor":12,"turns":3},{"damage":71,"enemies":"Gremlin Nob","floor":13,"turns":5}],"seed_played":"54299113516069083","potions_obtained":[{"floor":2,"key":"PowerPotion"},{"floor":4,"key":"Block Potion"}],"is_trial":false,"path_per_floor":["M","M","M","M","M","R","E","R","T","R","M","M"],"character_chosen":"DEFECT","items_purchased":[],"campfire_rested":1,"item_purchase_floors":[],"current_hp_per_floor":[63,60,57,51,43,43,14,35,35,35,32,32,0],"gold":255,"neow_bonus":"UPGRADE_CARD","is_prod":false,"is_daily":false,"chose_seed":false,"campfire_upgraded":2,"win_rate":0,"timestamp":1533273429,"path_taken":["M","M","M","?","?","R","E","R","T","R","?","M","E"],"build_version":"2018-08-01","purchased_purges":0,"victory":false,"max_hp_per_floor":[71,71,71,71,71,71,71,71,71,71,71,71,71],"card_choices":[{"not_picked":["Turbo","Compile Driver"],"picked":"Go for the Eyes","floor":1},{"not_picked":["Sweeping Beam","Stack"],"picked":"Hologram","floor":2},{"not_picked":["Sweeping Beam","Barrage","Beam Cell"],"picked":"SKIP","floor":3},{"not_picked":["Turbo","Capacitor"],"picked":"Sweeping Beam","floor":4},{"not_picked":["Turbo","Amplify","Heatsinks"],"picked":"SKIP","floor":5},{"not_picked":["Compile Driver","Barrage"],"picked":"Coolheaded","floor":7},{"not_picked":["Aggregate+1","Turbo+1"],"picked":"Leap+1","floor":11},{"not_picked":["Compile Driver","Turbo+1","Barrage"],"picked":"SKIP","floor":12}],"player_experience":824319,"relics_obtained":[{"floor":7,"key":"Toxic Egg 2"},{"floor":9,"key":"Dream Catcher"}],"event_choices":[],"is_beta":true,"boss_relics":[],"items_purged_floors":[],"is_endless":false,"potions_floor_spawned":[2,4],"killed_by":"Gremlin Nob","ascension_level":15}