{"gold_per_floor":[119,64,77,152,152,184,195,227,227,254,254,18,37,65,65,139,139,157,167,167,180,100,100,117,117],"floor_reached":25,"playtime":903,"items_purged":["Strike_B+1"],"score":492,"play_id":"f24f7a4d-49e3-4572-83d2-63df53bb81e3","local_time":"20190507201331","is_ascension_mode":true,"campfire_choices":[{"data":"Barrage","floor":11,"key":"SMITH"},{"data":"Static Discharge","floor":15,"key":"SMITH"}],"neow_cost":"NONE","seed_source_timestamp":34930282902930,"circlet_count":0,"master_deck":["AscendersBane","Strike_B+1","Strike_B+1","Strike_B+1","Defend_B+1","Defend_B+1","Defend_B+1","Defend_B+1","Zap","Dualcast","Auto Shields","Cold Snap","Sweeping Beam","Cold Snap","Barrage+1","Rebound","Sweeping Beam","Ball Lightning","Leap","Static Discharge+1","Echo Form","Chill","Leap","Capacitor","Coolheaded"],"relics":["Cracked Core","NeowsBlessing","Bag of Marbles","Meat on the Bone","Juzu Bracelet","Odd Mushroom","Membership Card","Dodecahedron","Inserter"],"potions_floor_usage":[8,16,21],"damage_taken":[{"damage":0,"enemies":"Small Slimes","floor":1,"turns":1},{"damage":0,"enemies":"2 Louse","floor":3,"turns":1},{"damage":0,"enemies":"3 Sentries","floor":6,"turns":1},{"damage":5,"enemies":"Jaw Worm","floor":7,"turns":3},{"damage":4,"enemies":"Gremlin Nob","floor":8,"turns":3},{"damage":19,"enemies":"The Mushroom Lair","floor":10,"turns":4},{"damage":4,"enemies":"Blue Slaver","floor":13,"turns":3},{"damage":21,"enemies":"Lagavulin","floor":14,"turns":7},{"damage":19,"enemies":"Hexaghost","floor":16,"turns":8},{"damage":13,"enemies":"3 Byrds","floor":18,"turns":3},{"damage":24,"enemies":"Shell Parasite","floor":19,"turns":4},{"damage":17,"enemies":"Cultist and Chosen","floor":21,"turns":7},{"damage":13,"enemies":"Snake Plant","floor":24,"turns":3},{"damage":50,"enemies":"Book of Stabbing","floor":25,"turns":4}],"seed_played":"-9156243322979258295","potions_obtained":[{"floor":1,"key":"SteroidPotion"},{"floor":10,"key":"Regen Potion"},{"floor":14,"key":"Strength Potion"},{"floor":16,"key":"EssenceOfSteel"},{"floor":24,"key":"SpeedPotion"}],"is_trial":false,"path_per_floor":["M","$","M","?","?","E","M","E","T","?","R","$","M","E","R","B",null,"M","M","?","M","$","?","M","E"],"character_chosen":"DEFECT","items_purchased":["Cold Snap","Membership Card","Ball Lightning","Capacitor"],"campfire_rested":0,"item_purchase_floors":[2,12,12,22],"current_hp_per_floor":[64,64,64,53,58,58,53,49,49,42,42,42,50,41,41,34,66,53,41,41,50,50,50,49,0],"gold":117,"neow_bonus":"THREE_ENEMY_KILL","is_prod":false,"is_daily":false,"chose_seed":false,"campfire_upgraded":2,"win_rate":0,"timestamp":1557252811,"path_taken":["M","$","M","?","?","E","M","E","T","?","R","?","M","E","R","BOSS","M","M","?","M","$","?","M","E"],"build_version":"2019-01-23","purchased_purges":1,"victory":false,"max_hp_per_floor":[71,71,71,71,76,76,76,76,76,76,76,76,76,76,76,76,76,76,76,76,76,76,76,76,76],"card_choices":[{"not_picked":["BootSequence","Turbo"],"picked":"Auto Shields","floor":1},{"not_picked":["Consume","Hello World"],"picked":"Sweeping Beam","floor":3},{"not_picked":["Stack","Hologram"],"picked":"Cold Snap","floor":6},{"not_picked":["FTL","Lockon"],"picked":"Barrage","floor":7},{"not_picked":["Hologram","Lockon"],"picked":"Rebound","floor":8},{"not_picked":["Chill","Compile Driver"],"picked":"Sweeping Beam","floor":10},{"not_picked":["Sunder","Barrage"],"picked":"Leap","floor":13},{"not_picked":["All For One","Leap"],"picked":"Static Discharge","floor":14},{"not_picked":["Buffer","Creative AI"],"picked":"Echo Form","floor":16},{"not_picked":["Redo","Steam Power"],"picked":"Chill","floor":18},{"not_picked":["Hello World","Scrape","Sweeping Beam"],"picked":"SKIP","floor":19},{"not_picked":["Skim","Turbo"],"picked":"Leap","floor":21},{"not_picked":["Turbo","FTL"],"picked":"Coolheaded","floor":24}],"player_experience":337101,"relics_obtained":[{"floor":6,"key":"Bag of Marbles"},{"floor":8,"key":"Meat on the Bone"},{"floor":9,"key":"Juzu Bracelet"},{"floor":10,"key":"Odd Mushroom"},{"floor":14,"key":"Dodecahedron"}],"event_choices":[{"damage_healed":0,"gold_gain":75,"player_choice":"Gather Gold","damage_taken":11,"max_hp_gain":0,"max_hp_loss":0,"event_name":"World of Goop","floor":4,"gold_loss":0},{"damage_healed":0,"gold_gain":0,"player_choice":"Donut","damage_taken":0,"max_hp_gain":5,"max_hp_loss":0,"event_name":"Big Fish","floor":5,"gold_loss":0},{"damage_healed":0,"gold_gain":0,"player_choice":"Fought Mushrooms","damage_taken":0,"max_hp_gain":0,"max_hp_loss":0,"event_name":"Mushrooms","floor":10,"gold_loss":0},{"damage_healed":0,"gold_gain":0,"player_choice":"Simplicity","damage_taken":0,"max_hp_gain":0,"max_hp_loss":0,"event_name":"Back to Basics","floor":20,"gold_loss":0,"cards_upgraded":["Strike_B","Strike_B","Strike_B","Strike_B","Defend_B","Defend_B","Defend_B","Defend_B"]},{"damage_healed":0,"gold_gain":0,"player_choice":"Ignored","damage_taken":0,"max_hp_gain":0,"max_hp_loss":0,"event_name":"Vampires","floor":23,"gold_loss":0}],"is_beta":false,"boss_relics":[{"not_picked":["Ectoplasm","Philosopher\u0027s Stone"],"picked":"Inserter"}],"items_purged_floors":[22],"is_endless":false,"potions_floor_spawned":[1,10,14,16,19,24],"killed_by":"Book of Stabbing","ascension_level":20}