{"gold_per_floor":[113,113,132,150,14,48,48,75,75,106,118,149,159,191,191,266,266,285,299,224,139,156,156,167,194,194,194],"floor_reached":27,"playtime":2193,"items_purged":[],"score":546,"play_id":"60b10178-a8c4-45b0-8c59-96c923f2e1d8","local_time":"20190407044503","is_ascension_mode":true,"campfire_choices":[{"data":"Clothesline","floor":7,"key":"SMITH"},{"data":"Demon Form","floor":15,"key":"SMITH"},{"floor":23,"key":"REST"}],"neow_cost":"TEN_PERCENT_HP_LOSS","seed_source_timestamp":497043873818480,"circlet_count":0,"master_deck":["AscendersBane","Strike_R+1","Strike_R+1","Strike_R","Strike_R","Defend_R","Defend_R","Defend_R","Defend_R","Bash","Disarm+1","Battle Trance","Shrug It Off","True Grit","Clothesline+1","Ghostly Armor","Feel No Pain","Wild Strike","Demon Form+1","Shockwave","Demon Form","Offering","Shrug It Off","Uppercut+1","Corruption","Havoc","Dark Embrace"],"relics":["Burning Blood","Prayer Wheel","Whetstone","Bird Faced Urn","Gremlin Horn","Bottled Lightning","Bag of Marbles","Centennial Puzzle","Black Star","Self Forming Clay","Anchor","Turnip","Paper Frog"],"potions_floor_usage":[10,10,12,13,19,25,27],"damage_taken":[{"damage":4,"enemies":"Small Slimes","floor":1,"turns":4},{"damage":14,"enemies":"Cultist","floor":3,"turns":5},{"damage":0,"enemies":"2 Louse","floor":4,"turns":4},{"damage":19,"enemies":"3 Sentries","floor":6,"turns":18},{"damage":4,"enemies":"Lagavulin","floor":8,"turns":7},{"damage":25,"enemies":"3 Sentries","floor":10,"turns":9},{"damage":0,"enemies":"Exordium Wildlife","floor":11,"turns":6},{"damage":17,"enemies":"Lagavulin","floor":12,"turns":8},{"damage":3,"enemies":"Exordium Thugs","floor":13,"turns":6},{"damage":9,"enemies":"3 Sentries","floor":14,"turns":16},{"damage":40,"enemies":"The Guardian","floor":16,"turns":10},{"damage":24,"enemies":"Shell Parasite","floor":18,"turns":8},{"damage":15,"enemies":"Spheric Guardian","floor":19,"turns":8},{"damage":16,"enemies":"Centurion and Healer","floor":22,"turns":7},{"damage":20,"enemies":"Shelled Parasite and Fungi","floor":24,"turns":8},{"damage":14,"enemies":"Book of Stabbing","floor":25,"turns":7},{"damage":65,"enemies":"Slavers","floor":27,"turns":4}],"seed_played":"-7008991185807558327","potions_obtained":[{"floor":3,"key":"SkillPotion"},{"floor":8,"key":"Swift Potion"},{"floor":10,"key":"GamblersBrew"},{"floor":11,"key":"BloodPotion"},{"floor":12,"key":"BloodPotion"},{"floor":16,"key":"Weak Potion"},{"floor":18,"key":"Dexterity Potion"},{"floor":22,"key":"Block Potion"},{"floor":25,"key":"SpeedPotion"}],"is_trial":false,"path_per_floor":["M","?","M","M","$","E","R","E","T","E","M","E","M","E","R","B",null,"M","M","?","?","M","R","M","E","T","E"],"character_chosen":"IRONCLAD","items_purchased":["Feel No Pain","Wild Strike"],"campfire_rested":1,"item_purchase_floors":[5,5],"current_hp_per_floor":[68,68,60,66,66,53,53,55,55,40,46,39,50,49,49,21,56,40,41,41,41,35,55,49,49,49,0],"gold":194,"neow_bonus":"ONE_RARE_RELIC","is_prod":false,"is_daily":false,"chose_seed":false,"campfire_upgraded":2,"win_rate":0,"timestamp":1554626703,"path_taken":["M","?","?","M","$","E","R","E","T","E","M","E","M","E","R","BOSS","M","M","?","?","M","R","?","E","T","E"],"build_version":"2019-01-23","purchased_purges":0,"victory":false,"max_hp_per_floor":[68,68,68,68,68,68,68,68,68,68,68,68,68,68,68,68,68,68,68,68,68,68,68,68,68,68,68],"card_choices":[{"not_picked":["Cleave","Clothesline"],"picked":"Disarm","floor":1},{"not_picked":["Sever Soul","True Grit"],"picked":"Battle Trance","floor":1},{"not_picked":["Body Slam","Pommel Strike"],"picked":"Shrug It Off","floor":3},{"not_picked":["Twin Strike","Infernal Blade"],"picked":"True Grit","floor":3},{"not_picked":["Cleave","Sword Boomerang"],"picked":"Clothesline","floor":4},{"not_picked":["Thunderclap","Warcry"],"picked":"Ghostly Armor","floor":4},{"not_picked":["Second Wind","Twin Strike"],"picked":"Demon Form","floor":6},{"not_picked":["Battle Trance","Rupture","Entrench"],"picked":"SKIP","floor":8},{"not_picked":["Thunderclap","Sword Boomerang","Wild Strike"],"picked":"SKIP","floor":10},{"not_picked":["Entrench","Warcry","Twin Strike"],"picked":"SKIP","floor":11},{"not_picked":["Rupture","Cleave","Clash"],"picked":"SKIP","floor":11},{"not_picked":["Havoc","Flex","Twin Strike"],"picked":"SKIP","floor":12},{"not_picked":["Wild Strike","Sentinel"],"picked":"Shockwave","floor":13},{"not_picked":["Hemokinesis","Rampage","Perfected Strike"],"picked":"SKIP","floor":13},{"not_picked":["Wild Strike","Hemokinesis"],"picked":"Demon Form","floor":14},{"not_picked":["Barricade","Impervious"],"picked":"Offering","floor":16},{"not_picked":["Thunderclap","Flex"],"picked":"Shrug It Off","floor":18},{"not_picked":["Cleave","Body Slam","Pommel Strike"],"picked":"SKIP","floor":18},{"not_picked":["Cleave","Body Slam","Pommel Strike"],"picked":"SKIP","floor":18},{"not_picked":["Wild Strike","Searing Blow"],"picked":"Uppercut+1","floor":19},{"not_picked":["Wild Strike","Heavy Blade","Havoc"],"picked":"SKIP","floor":19},{"not_picked":["Shrug It Off","Havoc"],"picked":"Corruption","floor":22},{"not_picked":["Heavy Blade","Intimidate","Cleave"],"picked":"SKIP","floor":22},{"not_picked":["Thunderclap","Flex"],"picked":"Havoc","floor":24},{"not_picked":["Armaments","Demon Form","Anger"],"picked":"SKIP","floor":24},{"not_picked":["Armaments","Demon Form","Anger"],"picked":"SKIP","floor":24},{"not_picked":["Armaments+1","Second Wind"],"picked":"Dark Embrace","floor":25}],"player_experience":1687245,"relics_obtained":[{"floor":6,"key":"Whetstone"},{"floor":8,"key":"Bird Faced Urn"},{"floor":9,"key":"Gremlin Horn"},{"floor":10,"key":"Bottled Lightning"},{"floor":12,"key":"Bag of Marbles"},{"floor":14,"key":"Centennial Puzzle"},{"floor":25,"key":"Anchor"},{"floor":25,"key":"Turnip"},{"floor":26,"key":"Paper Frog"}],"event_choices":[{"damage_healed":0,"gold_gain":0,"player_choice":"Upgraded","damage_taken":0,"max_hp_gain":0,"max_hp_loss":0,"event_name":"Upgrade Shrine","floor":2,"gold_loss":0,"cards_upgraded":["Disarm"]},{"cards_removed":["Strike_R"],"damage_healed":0,"gold_gain":0,"player_choice":"Gave Gold","damage_taken":0,"max_hp_gain":0,"max_hp_loss":0,"event_name":"Beggar","floor":20,"gold_loss":75},{"damage_healed":0,"gold_gain":0,"player_choice":"Obtained Relic","damage_taken":0,"relics_obtained":["Self Forming Clay"],"max_hp_gain":0,"max_hp_loss":0,"event_name":"Addict","floor":21,"gold_loss":85}],"is_beta":false,"boss_relics":[{"not_picked":["Pandora\u0027s Box","Tiny House"],"picked":"Black Star"}],"items_purged_floors":[],"is_endless":false,"potions_floor_spawned":[3,8,10,11,12,16,18,22,25],"killed_by":"Slavers","ascension_level":20}