{"gold_per_floor":[117,133,308,258,333,333,333,344,344,344,354,354,366,48,48,147,147,163,183,194,214,214,214,231,231,255,288,288,288,307,323,323,323],"floor_reached":33,"playtime":1072,"items_purged":["Defend_B"],"score":259,"play_id":"b1e11147-ee69-4e05-91a3-a0f948cb1297","local_time":"20190410165526","is_ascension_mode":false,"campfire_choices":[{"data":"White Noise","floor":6,"key":"SMITH"},{"data":"Consume","floor":10,"key":"SMITH"},{"floor":12,"key":"REST"},{"floor":15,"key":"REST"},{"floor":23,"key":"REST"},{"floor":25,"key":"REST"},{"floor":32,"key":"REST"}],"neow_cost":"NONE","seed_source_timestamp":2008847657853,"circlet_count":0,"master_deck":["Strike_B","Strike_B","Strike_B","Strike_B","Defend_B","Defend_B","Zap","Dualcast","Redo","Conserve Battery","Go for the Eyes","Consume+1","Storm","Streamline","Storm","Conserve Battery","Electrodynamics","Gash+1","Tempest","Heatsinks","Doom and Gloom","Defragment+1","Biased Cognition","Static Discharge"],"relics":["Cracked Core","Matryoshka","Regal Pillow","Sozu","Anchor","The Courier","Omamori"],"potions_floor_usage":[11],"damage_taken":[{"damage":6,"enemies":"Jaw Worm","floor":1,"turns":2},{"damage":2,"enemies":"2 Louse","floor":2,"turns":2},{"damage":2,"enemies":"Small Slimes","floor":8,"turns":3},{"damage":31,"enemies":"Gremlin Gang","floor":11,"turns":4},{"damage":11,"enemies":"3 Louse","floor":13,"turns":3},{"damage":22,"enemies":"The Guardian","floor":16,"turns":10},{"damage":30,"enemies":"Spheric Guardian","floor":18,"turns":4},{"damage":6,"enemies":"Chosen","floor":19,"turns":4},{"damage":15,"enemies":"Sentry and Sphere","floor":20,"turns":4},{"damage":18,"enemies":"Snecko","floor":21,"turns":4},{"damage":16,"enemies":"Centurion and Healer","floor":24,"turns":3},{"damage":28,"enemies":"Book of Stabbing","floor":27,"turns":4},{"damage":9,"enemies":"3 Cultists","floor":30,"turns":3},{"damage":16,"enemies":"Snake Plant","floor":31,"turns":3},{"damage":81,"enemies":"Automaton","floor":33,"turns":6}],"seed_played":"-5058305911254498219","potions_obtained":[{"floor":8,"key":"FocusPotion"},{"floor":11,"key":"Strength Potion"}],"is_trial":false,"path_per_floor":["M","M","?","?","?","R","?","M","T","R","M","R","M","$","R","B",null,"M","M","M","M","?","R","M","R","T","E","?","?","M","M","R","B"],"character_chosen":"DEFECT","items_purchased":["Storm","Regal Pillow","Conserve Battery"],"campfire_rested":5,"item_purchase_floors":[14,14,14],"current_hp_per_floor":[69,67,67,67,56,56,56,54,54,54,23,45,34,34,71,49,75,45,39,24,6,6,43,27,64,64,36,36,36,27,11,48,0],"gold":323,"neow_bonus":"TRANSFORM_CARD","is_prod":false,"is_daily":false,"chose_seed":false,"campfire_upgraded":2,"win_rate":0,"timestamp":1554929726,"path_taken":["M","M","?","?","?","R","?","M","T","R","M","R","M","$","R","BOSS","M","M","?","M","?","R","M","R","T","E","?","?","M","?","R","BOSS"],"build_version":"2019-01-23","purchased_purges":1,"victory":false,"max_hp_per_floor":[75,75,75,75,75,75,75,75,75,75,75,75,75,75,75,75,75,75,75,75,75,75,75,75,75,75,75,75,75,75,75,75,75],"card_choices":[{"not_picked":["Sweeping Beam","Rebound"],"picked":"Redo","floor":1},{"not_picked":["Steam Power","BootSequence"],"picked":"Conserve Battery","floor":2},{"not_picked":["Aggregate","Sweeping Beam"],"picked":"Consume","floor":8},{"not_picked":["Barrage","Force Field"],"picked":"Storm","floor":11},{"not_picked":["Rebound","Go for the Eyes"],"picked":"Streamline","floor":13},{"not_picked":["Seek","Amplify"],"picked":"Electrodynamics","floor":16},{"not_picked":["Sweeping Beam","Cold Snap"],"picked":"Gash+1","floor":18},{"not_picked":["Undo","Barrage"],"picked":"Tempest","floor":19},{"not_picked":["Streamline","Beam Cell"],"picked":"Heatsinks","floor":20},{"not_picked":["Streamline","Core Surge"],"picked":"Doom and Gloom","floor":21},{"not_picked":["Reprogram","Barrage"],"picked":"Defragment+1","floor":24},{"not_picked":["Barrage","Stack"],"picked":"Biased Cognition","floor":27},{"not_picked":["Auto Shields","Rebound","Stack+1"],"picked":"SKIP","floor":30},{"not_picked":["Recycle+1","Steam"],"picked":"Static Discharge","floor":31}],"player_experience":782401,"relics_obtained":[{"floor":9,"key":"Matryoshka"},{"floor":26,"key":"The Courier"},{"floor":27,"key":"Omamori"}],"event_choices":[{"damage_healed":0,"gold_gain":175,"player_choice":"AGREE","damage_taken":0,"max_hp_gain":0,"max_hp_loss":0,"event_name":"Liars Game","floor":3,"gold_loss":0,"cards_obtained":["Doubt"]},{"cards_removed":["Doubt"],"damage_healed":0,"gold_gain":0,"player_choice":"Card Removal","damage_taken":0,"max_hp_gain":0,"max_hp_loss":0,"event_name":"The Cleric","floor":4,"gold_loss":50},{"damage_healed":0,"gold_gain":75,"player_choice":"Gather Gold","damage_taken":11,"max_hp_gain":0,"max_hp_loss":0,"event_name":"World of Goop","floor":5,"gold_loss":0},{"cards_removed":["White Noise"],"damage_healed":0,"gold_gain":0,"player_choice":"Took Card","damage_taken":0,"max_hp_gain":0,"max_hp_loss":0,"event_name":"NoteForYourself","floor":7,"gold_loss":0,"cards_obtained":["Go for the Eyes"]},{"damage_healed":0,"gold_gain":0,"player_choice":"Stole Relic","damage_taken":0,"relics_obtained":["Anchor"],"max_hp_gain":0,"max_hp_loss":0,"event_name":"Addict","floor":22,"gold_loss":0,"cards_obtained":["Shame"]},{"cards_removed":["Shame"],"damage_healed":0,"gold_gain":0,"player_choice":"Elegance","damage_taken":0,"max_hp_gain":0,"max_hp_loss":0,"event_name":"Back to Basics","floor":28,"gold_loss":0},{"damage_healed":0,"gold_gain":0,"player_choice":"Got Potions","damage_taken":0,"max_hp_gain":0,"max_hp_loss":0,"event_name":"Lab","floor":29,"gold_loss":0}],"is_beta":false,"boss_relics":[{"not_picked":["Calling Bell","Ectoplasm"],"picked":"Sozu"}],"items_purged_floors":[14],"is_endless":false,"potions_floor_spawned":[8,11,18,21,24,27,31],"killed_by":"Automaton","ascension_level":0}