{"path_per_floor":["M","?","$","M","$","E","M","R","T","M","M","E","R","M","R","B",null,"M","M","?"],"character_chosen":"IRONCLAD","items_purchased":["Shrug It Off","Shockwave"],"gold_per_floor":[117,117,93,107,30,62,73,73,124,139,158,186,186,198,198,273,273,289,303,228,228],"floor_reached":21,"campfire_rested":0,"playtime":528,"current_hp_per_floor":[74,74,74,75,75,75,75,75,75,75,75,59,59,64,64,38,67,64,57,57,0],"items_purged":[],"gold":228,"score":378,"play_id":"1fbe182d-32b6-4302-b3df-93b622c60a7b","local_time":"20180413163453","is_prod":false,"is_daily":false,"chose_seed":false,"is_ascension_mode":true,"campfire_upgraded":3,"timestamp":1523662493,"path_taken":["M","?","$","M","$","E","?","R","T","?","M","E","R","M","R","BOSS","M","M","?","M"],"build_version":"2018-04-12","seed_source_timestamp":156450469705464,"purchased_purges":0,"victory":false,"master_deck":["Strike_R","Strike_R","Strike_R","Strike_R","Defend_R","Defend_R","Defend_R","Defend_R","Bash","AscendersBane","Iron Wave","Shrug It Off","True Grit","Shockwave","Searing Blow+3","Armaments","Pommel Strike","Seeing Red","Battle Trance","Impervious","Flex","Warcry"],"max_hp_per_floor":[75,75,75,75,75,75,75,75,75,75,75,75,75,77,77,77,77,77,77,77,77],"relics":["Burning Blood","NeowsBlessing","Calipers","Singing Bowl","Orichalcum","Mark of Pain"],"card_choices":[{"not_picked":["Reckless Charge","Havoc"],"picked":"Iron Wave","floor":1},{"not_picked":["Reckless Charge","Sentinel"],"picked":"True Grit","floor":4},{"not_picked":["Dark Embrace","Wild Strike"],"picked":"Searing Blow","floor":6},{"not_picked":["Body Slam","Rupture"],"picked":"Armaments","floor":7},{"not_picked":["Sword Boomerang","Heavy Blade"],"picked":"Pommel Strike","floor":10},{"not_picked":["Blood for Blood","Sword Boomerang"],"picked":"Seeing Red","floor":11},{"not_picked":["Sentinel","Dual Wield"],"picked":"Battle Trance","floor":12},{"not_picked":["Brutality","Barricade"],"picked":"Impervious","floor":16},{"not_picked":["Seeing Red","Heavy Blade"],"picked":"Flex","floor":18},{"not_picked":["Disarm","Clash"],"picked":"Warcry","floor":19}],"player_experience":452412,"potions_floor_usage":[12,16,16],"damage_taken":[{"damage":0,"enemies":"Jaw Worm","floor":1,"turns":1},{"damage":0,"enemies":"Cultist","floor":4,"turns":1},{"damage":0,"enemies":"Gremlin Nob","floor":6,"turns":1},{"damage":1,"enemies":"2 Louse","floor":7,"turns":4},{"damage":2,"enemies":"Exordium Wildlife","floor":10,"turns":3},{"damage":1,"enemies":"Blue Slaver","floor":11,"turns":4},{"damage":22,"enemies":"3 Sentries","floor":12,"turns":7},{"damage":3,"enemies":"2 Fungi Beasts","floor":14,"turns":3},{"damage":32,"enemies":"The Guardian","floor":16,"turns":9},{"damage":9,"enemies":"Shell Parasite","floor":18,"turns":6},{"damage":13,"enemies":"3 Byrds","floor":19,"turns":7},{"damage":64,"enemies":"3 Cultists","floor":21,"turns":5}],"event_choices":[{"event_name":"The Lab","player_choice":"Got Potions","floor":2,"damage_taken":0},{"event_name":"Beggar","player_choice":"Gave Gold","floor":20,"damage_taken":0}],"boss_relics":[{"not_picked":["Black Star","Philosopher\u0027s Stone"],"picked":"Mark of Pain"}],"potions_floor_spawned":[4,11],"seed_played":"4460813796531657689","killed_by":"3 Cultists","ascension_level":15,"is_trial":false}