{"path_per_floor":["M","$","M","M","?","R","E","R","T","M","M","?","R","E","R","B",null,"M","?","M","?","M"],"character_chosen":"IRONCLAD","items_purchased":["Hemokinesis","Swift Strike"],"gold_per_floor":[215,85,99,109,109,109,142,142,142,160,176,176,176,202,202,273,273,284,284,300,225,236,236],"floor_reached":23,"campfire_rested":0,"playtime":902,"current_hp_per_floor":[64,64,55,58,53,53,31,31,31,35,31,31,31,15,15,17,61,65,65,40,40,18,0],"items_purged":[],"gold":236,"score":352,"play_id":"66c4c989-69fb-4fe8-a404-bd64bd3542cc","local_time":"20180413112405","is_prod":false,"is_daily":false,"chose_seed":false,"is_ascension_mode":true,"campfire_upgraded":4,"timestamp":1523633045,"path_taken":["M","$","M","M","?","R","E","R","T","M","?","?","R","E","R","BOSS","M","?","?","?","M","E"],"build_version":"2018-04-12","seed_source_timestamp":49299176060679,"purchased_purges":1,"victory":false,"master_deck":["Strike_R","Strike_R","Strike_R","Strike_R","Strike_R","Defend_R","Defend_R","Defend_R","Defend_R","Bash","AscendersBane","Pommel Strike","Hemokinesis+1","Swift Strike","Anger","True Grit+1","Infernal Blade","Corruption+1","Inflame","Berserk","Dual Wield+1","Limit Break","Clothesline","Feel No Pain"],"max_hp_per_floor":[75,75,75,75,75,75,75,75,75,75,75,75,75,75,75,75,75,75,75,75,75,75,75],"relics":["Burning Blood","Charon\u0027s Ashes","Shuriken","Magic Flower","Toolbox","Runic Dome"],"card_choices":[{"not_picked":["Heavy Blade","Warcry"],"picked":"Pommel Strike","floor":1},{"not_picked":["Evolve","Pummel"],"picked":"Anger","floor":3},{"not_picked":["Combust","Armaments"],"picked":"True Grit","floor":4},{"not_picked":["Berserk","Flex"],"picked":"Infernal Blade","floor":7},{"not_picked":["Headbutt","Dropkick"],"picked":"Corruption","floor":10},{"not_picked":["Warcry","Clothesline"],"picked":"Inflame","floor":11},{"not_picked":["Clash","Uppercut"],"picked":"Dual Wield","floor":14},{"not_picked":["Immolate","Brutality"],"picked":"Limit Break","floor":16},{"not_picked":["Flex","Carnage"],"picked":"Clothesline","floor":20},{"not_picked":["Body Slam","Sentinel"],"picked":"Feel No Pain","floor":22}],"player_experience":853607,"potions_floor_usage":[7,14,16,23],"damage_taken":[{"damage":10,"enemies":"2 Louse","floor":1,"turns":3},{"damage":15,"enemies":"Jaw Worm","floor":3,"turns":2},{"damage":3,"enemies":"Cultist","floor":4,"turns":2},{"damage":28,"enemies":"Gremlin Nob","floor":7,"turns":4},{"damage":5,"enemies":"Exordium Wildlife","floor":10,"turns":3},{"damage":13,"enemies":"Exordium Thugs","floor":11,"turns":3},{"damage":25,"enemies":"Lagavulin","floor":14,"turns":6},{"damage":7,"enemies":"Slime Boss","floor":16,"turns":6},{"damage":14,"enemies":"Shell Parasite","floor":18,"turns":3},{"damage":34,"enemies":"Spheric Guardian","floor":20,"turns":4},{"damage":31,"enemies":"Centurion and Healer","floor":22,"turns":4},{"damage":20,"enemies":"Gremlin Leader","floor":23,"turns":2}],"event_choices":[{"event_name":"Scrap Ooze","player_choice":"success","floor":5,"damage_taken":5},{"event_name":"Match and Keep!","player_choice":"2 cards matched","floor":12,"damage_taken":0},{"event_name":"Ghosts","player_choice":"Ignored","floor":19,"damage_taken":0},{"event_name":"Beggar","player_choice":"Gave Gold","floor":21,"damage_taken":0}],"boss_relics":[{"not_picked":["Astrolabe","Velvet Choker"],"picked":"Runic Dome"}],"potions_floor_spawned":[3,10,11,22],"seed_played":"-8909550841159371837","killed_by":"Gremlin Leader","ascension_level":15,"is_trial":false}