{"gold_per_floor":[109,109,109,128,204,204,240,258,282,294,342,354,366,398,410,515,527,554,582,594,606,279,279,14,38,38,77,93,107,107,122,122,220,220,235,235,260,36,36,36,80,101,101,139,23,47,47,71,71,71,71,71,71,42,42],"floor_reached":55,"playtime":3045,"items_purged":["Pain","Strike_R","Strike_R"],"score":1810,"play_id":"8e05d220-661e-4eed-b278-df9b28a2281a","local_time":"20190417164149","is_ascension_mode":true,"campfire_choices":[{"data":"Perfected Strike","floor":6.0,"key":"SMITH"},{"data":"Immolate","floor":10.0,"key":"SMITH"},{"floor":13.0,"key":"REST"},{"data":"Wild Strike","floor":15.0,"key":"SMITH"},{"floor":23.0,"key":"REST"},{"data":"1","floor":30.0,"key":"LIFT"},{"data":"Uppercut","floor":32.0,"key":"SMITH"},{"floor":40.0,"key":"RECALL"},{"data":"2","floor":47.0,"key":"LIFT"},{"data":"3","floor":49.0,"key":"LIFT"},{"floor":53.0,"key":"REST"}],"neow_cost":"NONE","seed_source_timestamp":267297175625828,"circlet_count":0,"master_deck":["AscendersBane","Strike_R+1","Defend_R","Defend_R+1","Defend_R","Defend_R","Bash+1","Perfected Strike+1","Wild Strike+1","Immolate+1","Ghostly Armor","Battle Trance","Necronomicurse","Shrug It Off+1","Blind+1","Shrug It Off+1","Ghostly Armor+1","Corruption","True Grit+1","Uppercut+1","Reaper","Dark Shackles+1","Finesse+1","Havoc+1","Disarm+1","True Grit+1","Clothesline+1","Havoc+1","Injury","Feel No Pain","Burning Pact+1","True Grit+1","Evolve","Shrug It Off+1"],"special_seed":0,"relics":["Burning Blood","Golden Idol","Lantern","MawBank","Dodecahedron","Singing Bowl","Cursed Key","Necronomicon","WarpedTongs","Toxic Egg 2","Girya","Empty Cage","Molten Egg 2","Regal Pillow"],"potions_floor_usage":[],"damage_taken":[{"damage":4.0,"enemies":"Small Slimes","floor":1.0,"turns":3.0},{"damage":5.0,"enemies":"2 Louse","floor":4.0,"turns":2.0},{"damage":32.0,"enemies":"3 Sentries","floor":7.0,"turns":10.0},{"damage":0.0,"enemies":"Jaw Worm","floor":8.0,"turns":1.0},{"damage":10.0,"enemies":"Gremlin Nob","floor":11.0,"turns":3.0},{"damage":0.0,"enemies":"Exordium Thugs","floor":14.0,"turns":3.0},{"damage":49.0,"enemies":"Hexaghost","floor":16.0,"turns":8.0},{"damage":28.0,"enemies":"3 Byrds","floor":18.0,"turns":4.0},{"damage":1.0,"enemies":"Spheric Guardian","floor":19.0,"turns":3.0},{"damage":0.0,"enemies":"Snecko","floor":25.0,"turns":2.0},{"damage":18.0,"enemies":"Gremlin Leader","floor":27.0,"turns":4.0},{"damage":0.0,"enemies":"Centurion and Healer","floor":28.0,"turns":3.0},{"damage":0.0,"enemies":"Snake Plant","floor":29.0,"turns":2.0},{"damage":0.0,"enemies":"Sentry and Sphere","floor":31.0,"turns":3.0},{"damage":15.0,"enemies":"Collector","floor":33.0,"turns":5.0},{"damage":0.0,"enemies":"3 Shapes","floor":35.0,"turns":9.0},{"damage":0.0,"enemies":"Orb Walker","floor":37.0,"turns":3.0},{"damage":18.0,"enemies":"Nemesis","floor":41.0,"turns":7.0},{"damage":20.0,"enemies":"3 Darklings","floor":42.0,"turns":5.0},{"damage":47.0,"enemies":"Reptomancer","floor":44.0,"turns":8.0},{"damage":0.0,"enemies":"Writhing Mass","floor":46.0,"turns":6.0},{"damage":4.0,"enemies":"4 Shapes","floor":48.0,"turns":5.0},{"damage":44.0,"enemies":"Donu and Deca","floor":50.0,"turns":11.0},{"damage":58.0,"enemies":"Time Eater","floor":51.0,"turns":14.0},{"damage":114,"enemies":"Shield and Spear","floor":55,"turns":6}],"seed_played":"-203905223234585105","potions_obtained":[{"floor":1.0,"key":"SteroidPotion"},{"floor":16.0,"key":"AttackPotion"},{"floor":28.0,"key":"Block Potion"},{"floor":31.0,"key":"SpeedPotion"},{"floor":33.0,"key":"Block Potion"},{"floor":41.0,"key":"Weak Potion"},{"floor":48.0,"key":"Dexterity Potion"}],"is_trial":false,"path_per_floor":["M","?","?","M","?","R","E","M","T","R","E","T","R","M","R","B",null,"M","M","?","?","$","R","$","M","T","E","M","M","R","M","R","B",null,"M","?","M","$","?","R","E","M","T","E","$","M","R","M","R","B","B",null,"R","$","E"],"character_chosen":"IRONCLAD","items_purchased":["Toxic Egg 2","Shrug It Off+1","Blind+1","Disarm+1","True Grit+1","Burning Pact+1","True Grit+1","Shrug It Off+1"],"campfire_rested":3,"item_purchase_floors":[22,24,24,38,38,45,45,54],"current_hp_per_floor":[70,47,47,48,48,48,22,28,28,28,24,24,44,52,52,9,55,35,40,19,19,19,40,40,46,46,34,40,46,46,52,52,43,65,74,66,76,76,76,76,64,76,76,59,59,76,76,78,78,64,36,68,78,78,0],"gold":42,"neow_bonus":"UPGRADE_CARD","is_prod":false,"is_daily":false,"chose_seed":false,"campfire_upgraded":4,"win_rate":0,"timestamp":1555544509,"path_taken":["M","?","?","M","?","R","E","M","T","R","E","?","R","M","R","BOSS","M","M","?","?","$","R","$","M","T","E","?","M","R","M","R","BOSS","M","?","M","$","?","R","E","M","T","E","$","M","R","M","R","BOSS","BOSS","R","$","E"],"build_version":"2019-04-04","purchased_purges":3,"victory":false,"max_hp_per_floor":[75,75,68,68,68,68,68,68,68,68,68,68,68,70,70,70,70,72,72,72,72,72,72,72,72,72,72,72,72,72,72,72,72,72,74,76,76,76,76,76,76,76,76,76,76,78,78,78,78,78,78,78,78,78,78],"card_choices":[{"not_picked":["Rage","Power Through"],"picked":"Perfected Strike","floor":1.0},{"not_picked":["Flex","Sentinel"],"picked":"Wild Strike","floor":4.0},{"not_picked":["Sentinel","Iron Wave"],"picked":"Immolate","floor":7.0},{"not_picked":["Thunderclap","Sword Boomerang"],"picked":"Ghostly Armor","floor":8.0},{"not_picked":["Thunderclap","Hemokinesis","Sword Boomerang"],"picked":"SKIP","floor":11.0},{"not_picked":["Exhume","Armaments","Warcry"],"picked":"Singing Bowl","floor":14.0},{"not_picked":["Bludgeon","Limit Break"],"picked":"Immolate","floor":16.0},{"not_picked":["Ghostly Armor","Whirlwind","Wild Strike"],"picked":"Singing Bowl","floor":18.0},{"not_picked":["Sentinel","Rage"],"picked":"Battle Trance","floor":19.0},{"not_picked":["Pummel","Seeing Red+1"],"picked":"Shrug It Off+1","floor":25.0},{"not_picked":["Armaments+1","Perfected Strike"],"picked":"Ghostly Armor+1","floor":27.0},{"not_picked":["Whirlwind","Thunderclap"],"picked":"Corruption","floor":28.0},{"not_picked":["Fire Breathing","Rage+1"],"picked":"True Grit+1","floor":29.0},{"not_picked":["Corruption","Whirlwind"],"picked":"Uppercut","floor":31.0},{"not_picked":["Impervious+1","Demon Form"],"picked":"Reaper","floor":33.0},{"not_picked":["Corruption","Iron Wave","Heavy Blade"],"picked":"Singing Bowl","floor":35.0},{"not_picked":["Jack Of All Trades+1","The Bomb+1"],"picked":"Dark Shackles+1","floor":36.0},{"not_picked":["Mind Blast","Madness+1"],"picked":"Finesse+1","floor":36.0},{"not_picked":["Purity+1","Deep Breath+1","Mind Blast"],"picked":"Singing Bowl","floor":36.0},{"not_picked":["Cleave","Corruption"],"picked":"Havoc+1","floor":37.0},{"not_picked":["Sword Boomerang+1","Seeing Red+1"],"picked":"Clothesline+1","floor":41.0},{"not_picked":["Reckless Charge+1","Sword Boomerang+1"],"picked":"Havoc+1","floor":42.0},{"not_picked":["Uppercut+1","Clash+1"],"picked":"Feel No Pain","floor":44.0},{"not_picked":["Cleave+1","Blood for Blood+1","Wild Strike+1"],"picked":"Singing Bowl","floor":46.0},{"not_picked":["Bloodletting+1","Rupture+1"],"picked":"Evolve","floor":48.0}],"player_experience":1472770,"relics_obtained":[{"floor":7.0,"key":"Lantern"},{"floor":9.0,"key":"MawBank"},{"floor":11.0,"key":"Dodecahedron"},{"floor":12.0,"key":"Singing Bowl"},{"floor":20.0,"key":"Necronomicon"},{"floor":27.0,"key":"Girya"},{"floor":44.0,"key":"Regal Pillow"}],"event_choices":[{"damage_healed":0.0,"max_hp_gain":0.0,"max_hp_loss":0.0,"gold_gain":0.0,"event_name":"Shining Light","player_choice":"Entered Light","floor":2.0,"gold_loss":0.0,"damage_taken":23.0,"cards_upgraded":["Defend_R","Strike_R"]},{"damage_healed":0.0,"max_hp_gain":0.0,"max_hp_loss":7.0,"gold_gain":0.0,"event_name":"Golden Idol","player_choice":"Lose Max HP","floor":3.0,"gold_loss":0.0,"damage_taken":0.0,"relics_obtained":["Golden Idol"]},{"damage_healed":0.0,"max_hp_gain":0.0,"max_hp_loss":0.0,"gold_gain":76.0,"event_name":"Golden Wing","player_choice":"Gained Gold","floor":5.0,"gold_loss":0.0,"damage_taken":0.0},{"damage_healed":0.0,"max_hp_gain":0.0,"max_hp_loss":0.0,"gold_gain":0.0,"event_name":"Cursed Tome","player_choice":"Obtained Book","floor":20.0,"gold_loss":0.0,"damage_taken":21.0},{"damage_healed":0.0,"max_hp_gain":0.0,"max_hp_loss":0.0,"gold_gain":0.0,"event_name":"Accursed Blacksmith","player_choice":"Rummage","floor":21.0,"gold_loss":0.0,"damage_taken":0.0,"relics_obtained":["WarpedTongs"],"cards_obtained":["Pain"]},{"damage_healed":0.0,"max_hp_gain":0.0,"max_hp_loss":0.0,"gold_gain":0.0,"event_name":"SensoryStone","player_choice":"Memory 3","floor":36.0,"gold_loss":0.0,"damage_taken":10.0},{"cards_removed":["Immolate"],"damage_healed":0.0,"max_hp_gain":0.0,"max_hp_loss":0.0,"gold_gain":0.0,"event_name":"WeMeetAgain","player_choice":"Gave Card","floor":39.0,"gold_loss":0.0,"damage_taken":0.0,"relics_obtained":["Molten Egg 2"]}],"is_beta":true,"boss_relics":[{"not_picked":["Runic Dome","Calling Bell"],"picked":"Cursed Key"},{"not_picked":["Velvet Choker","Pandora\u0027s Box"],"picked":"Empty Cage"}],"items_purged_floors":[22,24,38],"is_endless":false,"potions_floor_spawned":[1,16,28,31,33,35,37,41,48],"killed_by":"Shield and Spear","ascension_level":20}