{"gold_per_floor":[110,110,33,47,58,58,92,92,92,125,138,163,163,163],"floor_reached":14,"playtime":421,"items_purged":[],"score":191,"play_id":"41d3a4a6-21b9-4978-96c0-bc4e8b402c1c","local_time":"20190328020954","is_ascension_mode":true,"campfire_choices":[{"data":"Consume","floor":6,"key":"SMITH"},{"data":"Coolheaded","floor":8,"key":"SMITH"}],"neow_cost":"NONE","seed_source_timestamp":952758460425279,"circlet_count":0,"master_deck":["AscendersBane","Strike_B","Strike_B","Strike_B","Strike_B","Defend_B","Defend_B","Defend_B","Defend_B","Zap+1","Dualcast","Coolheaded+1","Consume+1","Conserve Battery","Cold Snap","Heatsinks+1"],"relics":["Cracked Core","NeowsBlessing","Frozen Egg 2","The Courier","Omamori","Pen Nib"],"potions_floor_usage":[7,11],"damage_taken":[{"damage":0,"enemies":"2 Louse","floor":1,"turns":1},{"damage":0,"enemies":"Cultist","floor":4,"turns":1},{"damage":0,"enemies":"Jaw Worm","floor":5,"turns":1},{"damage":3,"enemies":"3 Sentries","floor":7,"turns":12},{"damage":23,"enemies":"Gremlin Nob","floor":10,"turns":4},{"damage":8,"enemies":"Large Slime","floor":11,"turns":7},{"damage":12,"enemies":"Exordium Wildlife","floor":14,"turns":1}],"seed_played":"3431446387440666472","potions_obtained":[{"floor":5,"key":"SkillPotion"},{"floor":7,"key":"SteroidPotion"},{"floor":11,"key":"Block Potion"}],"is_trial":false,"path_per_floor":["M","?","$","M","M","R","E","R","T","E","M","T","?","M"],"character_chosen":"DEFECT","items_purchased":["Consume"],"campfire_rested":0,"item_purchase_floors":[3],"current_hp_per_floor":[64,64,64,64,64,64,61,61,61,38,30,30,4,0],"gold":163,"neow_bonus":"THREE_ENEMY_KILL","is_prod":false,"is_daily":false,"chose_seed":false,"campfire_upgraded":2,"win_rate":0,"timestamp":1553753394,"path_taken":["M","?","$","M","?","R","E","R","T","E","M","?","?","M"],"build_version":"2019-01-23","purchased_purges":0,"victory":false,"max_hp_per_floor":[71,71,71,71,71,71,71,71,71,71,71,71,71,71],"card_choices":[{"not_picked":["Gash","Beam Cell"],"picked":"Coolheaded","floor":1},{"not_picked":["Static Discharge","Rebound"],"picked":"Conserve Battery","floor":4},{"not_picked":["Undo","Double Energy"],"picked":"Cold Snap","floor":5},{"not_picked":["Blizzard","Beam Cell"],"picked":"Heatsinks","floor":7},{"not_picked":["Redo","Genetic Algorithm","Turbo"],"picked":"SKIP","floor":10},{"not_picked":["Steam Power","Chaos","Skim"],"picked":"SKIP","floor":11}],"player_experience":1455594,"relics_obtained":[{"floor":7,"key":"Frozen Egg 2"},{"floor":9,"key":"The Courier"},{"floor":10,"key":"Omamori"},{"floor":12,"key":"Pen Nib"}],"event_choices":[{"damage_healed":0,"gold_gain":0,"player_choice":"Forge","damage_taken":0,"max_hp_gain":0,"max_hp_loss":0,"event_name":"Accursed Blacksmith","floor":2,"gold_loss":0,"cards_upgraded":["Zap"]},{"damage_healed":0,"gold_gain":0,"player_choice":"Fled","damage_taken":26,"max_hp_gain":0,"max_hp_loss":0,"event_name":"Scrap Ooze","floor":13,"gold_loss":0}],"is_beta":false,"boss_relics":[],"items_purged_floors":[],"is_endless":false,"potions_floor_spawned":[5,7,11],"killed_by":"Exordium Wildlife","ascension_level":19}