{"gold_per_floor":[214,231,247,16,34,64,64,91,91,91,91,91,106,117,117,117],"floor_reached":16,"playtime":726,"items_purged":[],"score":224,"play_id":"46fc2dc4-bd90-4fd6-aa33-6f08588d2be7","local_time":"20190415153247","is_ascension_mode":true,"campfire_choices":[{"floor":7.0,"key":"REST"},{"data":"Darkness","floor":11,"key":"SMITH"},{"data":"Defragment","floor":15,"key":"SMITH"}],"neow_cost":"NONE","seed_source_timestamp":92642460182613,"circlet_count":0,"master_deck":["AscendersBane","Strike_B","Strike_B","Strike_B","Strike_B","Defend_B","Defend_B","Defend_B","Defend_B","Zap","Dualcast","Go for the Eyes","Beam Cell","Darkness+1","Steam","BootSequence","Biased Cognition","Parasite","Defragment+1","Conserve Battery"],"special_seed":0,"relics":["Cracked Core","Runic Capacitor","Happy Flower","Calipers","The Courier","Kunai"],"potions_floor_usage":[16],"damage_taken":[{"damage":6.0,"enemies":"Cultist","floor":1.0,"turns":3.0},{"damage":1.0,"enemies":"Small Slimes","floor":2.0,"turns":4.0},{"damage":4.0,"enemies":"Jaw Worm","floor":3.0,"turns":3.0},{"damage":27.0,"enemies":"Exordium Thugs","floor":5.0,"turns":4.0},{"damage":19.0,"enemies":"Lagavulin","floor":6.0,"turns":6.0},{"damage":34.0,"enemies":"3 Sentries","floor":8.0,"turns":8.0},{"damage":4,"enemies":"Lots of Slimes","floor":13,"turns":5},{"damage":7,"enemies":"Large Slime","floor":14,"turns":5},{"damage":20,"enemies":"Hexaghost","floor":16,"turns":7}],"seed_played":"-7273388052324796211","potions_obtained":[{"floor":1.0,"key":"FearPotion"},{"floor":2.0,"key":"Energy Potion"},{"floor":5.0,"key":"Regen Potion"},{"floor":14,"key":"AttackPotion"}],"is_trial":false,"path_per_floor":["M","M","M","$","M","E","R","E","T","?","R","T","M","M","R","B"],"character_chosen":"DEFECT","items_purchased":["Runic Capacitor"],"campfire_rested":1,"item_purchase_floors":[4],"current_hp_per_floor":[58,57,53,53,26,22,43,9,9,26,26,26,22,15,15,0],"gold":117,"neow_bonus":"HUNDRED_GOLD","is_prod":false,"is_daily":false,"chose_seed":false,"campfire_upgraded":2,"win_rate":0,"timestamp":1555367567,"path_taken":["M","M","?","$","M","E","R","E","T","?","R","?","M","?","R","BOSS"],"build_version":"2019-04-04","purchased_purges":0,"victory":false,"max_hp_per_floor":[71,71,71,71,71,71,71,71,71,71,71,71,71,71,71,71],"card_choices":[{"not_picked":["Capacitor","Chaos"],"picked":"Go for the Eyes","floor":1.0},{"not_picked":["Leap","Steam"],"picked":"Beam Cell","floor":2.0},{"not_picked":["Genetic Algorithm","Steam"],"picked":"Darkness","floor":3.0},{"not_picked":["Go for the Eyes","Conserve Battery"],"picked":"Steam","floor":5.0},{"not_picked":["Hologram","Beam Cell"],"picked":"BootSequence","floor":6.0},{"not_picked":["Scrape","Sweeping Beam"],"picked":"Biased Cognition","floor":8.0},{"not_picked":["Cold Snap","Skim"],"picked":"Defragment","floor":13},{"not_picked":["Stack","Hologram"],"picked":"Conserve Battery","floor":14}],"player_experience":1467957,"relics_obtained":[{"floor":6.0,"key":"Happy Flower"},{"floor":8.0,"key":"Calipers"},{"floor":9.0,"key":"The Courier"},{"floor":12,"key":"Kunai"}],"event_choices":[{"damage_healed":17,"gold_gain":0,"player_choice":"Healed and dodged fight","damage_taken":0,"max_hp_gain":0,"max_hp_loss":0,"event_name":"Mushrooms","floor":10,"gold_loss":0,"cards_obtained":["Parasite"]}],"is_beta":true,"boss_relics":[],"items_purged_floors":[],"is_endless":false,"potions_floor_spawned":[1,2,5,14],"killed_by":"Hexaghost","ascension_level":20}