{"gold_per_floor":[116,132,152,152,169,169,196,213,237,272,272,328,343,371,371,447,447,465,482,12,112,112,112,112],"floor_reached":24,"playtime":1859,"items_purged":[],"score":356,"play_id":"db945abb-a068-4023-8a88-20c982ba1619","local_time":"20190322222751","is_ascension_mode":true,"campfire_choices":[{"floor":6,"key":"REST"},{"data":"Seek","floor":11,"key":"SMITH"},{"data":"Zap","floor":15,"key":"SMITH"},{"data":"Machine Learning","floor":23,"key":"SMITH"}],"neow_cost":"NONE","seed_source_timestamp":505907923978645,"circlet_count":0,"master_deck":["AscendersBane","Strike_B","Strike_B","Strike_B","Strike_B","Defend_B+1","Defend_B","Defend_B","Defend_B+1","Zap+1","Dualcast","Cold Snap","Ball Lightning","Seek+1","Go for the Eyes","Genetic Algorithm+1","Compile Driver","Conserve Battery","Ball Lightning","Thunder Strike","Loop","Machine Learning+1","Ball Lightning","Skim","Leap","Loop","Dark Shackles","Master of Strategy+1","Streamline+1"],"relics":["Cracked Core","Bottled Lightning","Dream Catcher","Juzu Bracelet","Tiny Chest","Odd Mushroom","Coffee Dripper","Membership Card","War Paint","Thread and Needle","Frozen Egg 2","MutagenicStrength"],"potions_floor_usage":[12,14,16,21,24],"damage_taken":[{"damage":1,"enemies":"Cultist","floor":1,"turns":4},{"damage":12,"enemies":"Jaw Worm","floor":2,"turns":3},{"damage":3,"enemies":"Small Slimes","floor":3,"turns":2},{"damage":13,"enemies":"Blue Slaver","floor":5,"turns":3},{"damage":11,"enemies":"Gremlin Nob","floor":7,"turns":4},{"damage":1,"enemies":"Looter","floor":8,"turns":3},{"damage":4,"enemies":"Lagavulin","floor":10,"turns":7},{"damage":1,"enemies":"3 Sentries","floor":12,"turns":6},{"damage":4,"enemies":"Exordium Wildlife","floor":13,"turns":3},{"damage":6,"enemies":"The Mushroom Lair","floor":14,"turns":4},{"damage":18,"enemies":"Slime Boss","floor":16,"turns":9},{"damage":0,"enemies":"Chosen","floor":18,"turns":4},{"damage":7,"enemies":"Shell Parasite","floor":19,"turns":4},{"damage":12,"enemies":"Colosseum Slavers","floor":21,"turns":4},{"damage":22,"enemies":"Colosseum Nobs","floor":21,"turns":4},{"damage":25,"enemies":"Slavers","floor":24,"turns":4}],"seed_played":"-8152680971194321636","potions_obtained":[{"floor":3,"key":"Ancient Potion"},{"floor":8,"key":"Fire Potion"},{"floor":12,"key":"SkillPotion"},{"floor":16,"key":"SneckoOil"},{"floor":19,"key":"SteroidPotion"}],"is_trial":false,"path_per_floor":["M","M","M","?","M","R","E","M","T","E","R","E","M","?","R","B",null,"M","M","$","?","?","R","E"],"character_chosen":"DEFECT","items_purchased":["Membership Card","Leap","Loop","Dark Shackles","Master of Strategy","War Paint"],"campfire_rested":1,"item_purchase_floors":[20,20,20,20,20,20],"current_hp_per_floor":[74,62,59,43,30,54,43,42,42,38,38,37,33,27,27,9,64,64,57,57,23,23,23,0],"gold":112,"neow_bonus":"TEN_PERCENT_HP_BONUS","is_prod":false,"is_daily":false,"chose_seed":false,"campfire_upgraded":3,"win_rate":0,"timestamp":1553308071,"path_taken":["M","M","M","?","M","R","E","M","T","E","R","E","M","?","R","BOSS","M","M","$","?","?","R","E"],"build_version":"2019-01-23","purchased_purges":0,"victory":false,"max_hp_per_floor":[82,82,82,82,82,82,82,82,82,82,82,82,82,82,82,82,82,82,82,82,82,82,82,82],"card_choices":[{"not_picked":["Ball Lightning","Conserve Battery"],"picked":"Cold Snap","floor":1},{"not_picked":["Rip and Tear","Hologram"],"picked":"Ball Lightning","floor":2},{"not_picked":["Beam Cell","Consume"],"picked":"Seek","floor":3},{"not_picked":["Gash","Heatsinks"],"picked":"Go for the Eyes","floor":5},{"not_picked":["Cold Snap","Barrage"],"picked":"Genetic Algorithm","floor":7},{"not_picked":["Force Field","Sweeping Beam"],"picked":"Compile Driver","floor":8},{"not_picked":["Cold Snap","Redo"],"picked":"Conserve Battery","floor":10},{"not_picked":["Streamline","Compile Driver"],"picked":"Ball Lightning","floor":12},{"not_picked":["Coolheaded","Ball Lightning"],"picked":"Thunder Strike","floor":13},{"not_picked":["Turbo","Tempest"],"picked":"Loop","floor":14},{"not_picked":["Hyperbeam","Reboot"],"picked":"Machine Learning","floor":16},{"not_picked":["Steam","Gash"],"picked":"Ball Lightning","floor":18},{"not_picked":["Genetic Algorithm","Compile Driver"],"picked":"Skim","floor":19},{"not_picked":["Beam Cell","Steam"],"picked":"Streamline+1","floor":21}],"player_experience":1347796,"relics_obtained":[{"floor":7,"key":"Bottled Lightning"},{"floor":9,"key":"Dream Catcher"},{"floor":10,"key":"Juzu Bracelet"},{"floor":12,"key":"Tiny Chest"},{"floor":14,"key":"Odd Mushroom"},{"floor":21,"key":"Thread and Needle"},{"floor":21,"key":"Frozen Egg 2"}],"event_choices":[{"damage_healed":0,"gold_gain":0,"player_choice":"Entered Light","damage_taken":16,"max_hp_gain":0,"max_hp_loss":0,"event_name":"Shining Light","floor":4,"gold_loss":0,"cards_upgraded":["Defend_B","Defend_B"]},{"damage_healed":0,"gold_gain":0,"player_choice":"Fought Mushrooms","damage_taken":0,"max_hp_gain":0,"max_hp_loss":0,"event_name":"Mushrooms","floor":14,"gold_loss":0},{"damage_healed":0,"gold_gain":0,"player_choice":"Fight","damage_taken":0,"max_hp_gain":0,"max_hp_loss":0,"event_name":"Colosseum","floor":21,"gold_loss":0},{"damage_healed":0,"gold_gain":0,"player_choice":"Fought Nobs","damage_taken":0,"max_hp_gain":0,"max_hp_loss":0,"event_name":"Colosseum","floor":21,"gold_loss":0},{"damage_healed":0,"gold_gain":0,"player_choice":"Inject Mutagens","damage_taken":0,"relics_obtained":["MutagenicStrength"],"max_hp_gain":0,"max_hp_loss":0,"event_name":"Drug Dealer","floor":22,"gold_loss":0}],"is_beta":false,"boss_relics":[{"not_picked":["Lizard Tail","Pandora\u0027s Box"],"picked":"Coffee Dripper"}],"items_purged_floors":[],"is_endless":false,"potions_floor_spawned":[3,8,12,16,19],"killed_by":"Slavers","ascension_level":13}