{"gold_per_floor":[111,41,41,41,58,90,90,102,155,175,175,191,191,208,208,281,281,281,281,281,281,281,281,281,281,281,281,281,281,281,281,281,281,281,281,281,29,29,29,29,29,29,29,29,29,29,29,29,29,29],"floor_reached":51,"playtime":1885,"items_purged":["Strike_R"],"score":1142,"play_id":"6663434d-c6c6-41bc-bb1a-21901ed75d48","local_time":"20181226010950","is_ascension_mode":true,"campfire_choices":[{"data":"Bash","floor":7,"key":"SMITH"},{"data":"Pommel Strike","floor":11,"key":"SMITH"},{"data":"Clothesline","floor":13,"key":"SMITH"},{"data":"Feel No Pain","floor":15,"key":"SMITH"},{"data":"True Grit","floor":23,"key":"SMITH"},{"data":"True Grit","floor":29,"key":"SMITH"},{"floor":32,"key":"REST"},{"floor":41,"key":"REST"},{"data":"Chrysalis","floor":44,"key":"SMITH"},{"floor":47,"key":"REST"},{"data":"Demon Form","floor":49,"key":"SMITH"}],"neow_cost":"NONE","seed_source_timestamp":223435329965138,"circlet_count":0,"master_deck":["AscendersBane","Strike_R","Strike_R","Strike_R","Defend_R","Defend_R","Defend_R","Defend_R","Bash+1","Pommel Strike+1","Feel No Pain+1","Iron Wave","Sword Boomerang","Clothesline+1","Offering","Armaments","True Grit+1","Corruption","True Grit+1","True Grit","Demon Form+1","Exhume","Impervious","Evolve","Warcry","Chrysalis+1","Shrug It Off","Writhe","Body Slam","Juggernaut"],"relics":["Burning Blood","Vajra","Juzu Bracelet","Ectoplasm","Nloth\u0027s Gift","Gremlin Horn","Red Mask","Mark of Pain","Nunchaku","The Courier","Pantograph"],"potions_floor_usage":[12,18,30,31,39,39,50],"damage_taken":[{"damage":0,"enemies":"Jaw Worm","floor":1,"turns":1},{"damage":0,"enemies":"2 Louse","floor":5,"turns":1},{"damage":0,"enemies":"Gremlin Nob","floor":6,"turns":1},{"damage":0,"enemies":"Small Slimes","floor":8,"turns":3},{"damage":7,"enemies":"Red Slaver","floor":10,"turns":4},{"damage":21,"enemies":"Exordium Thugs","floor":12,"turns":3},{"damage":4,"enemies":"3 Louse","floor":14,"turns":4},{"damage":49,"enemies":"The Guardian","floor":16,"turns":15},{"damage":11,"enemies":"Shell Parasite","floor":18,"turns":7},{"damage":9,"enemies":"3 Byrds","floor":19,"turns":6},{"damage":8,"enemies":"Snecko","floor":20,"turns":5},{"damage":19,"enemies":"Centurion and Healer","floor":24,"turns":7},{"damage":17,"enemies":"Chosen and Byrds","floor":27,"turns":8},{"damage":31,"enemies":"Masked Bandits","floor":30,"turns":5},{"damage":10,"enemies":"Snake Plant","floor":31,"turns":5},{"damage":29,"enemies":"Automaton","floor":33,"turns":11},{"damage":36,"enemies":"3 Darklings","floor":35,"turns":6},{"damage":6,"enemies":"Orb Walker","floor":36,"turns":6},{"damage":65,"enemies":"4 Shapes","floor":39,"turns":8},{"damage":12,"enemies":"Mind Bloom Boss Battle","floor":42,"turns":6},{"damage":10,"enemies":"3 Darklings","floor":46,"turns":7},{"damage":21,"enemies":"Spire Growth","floor":48,"turns":8},{"damage":28,"enemies":"Time Eater","floor":50,"turns":7}],"seed_played":"6307454985165272855","potions_obtained":[{"floor":1,"key":"Regen Potion"},{"floor":5,"key":"SteroidPotion"},{"floor":16,"key":"SteroidPotion"},{"floor":27,"key":"EssenceOfSteel"},{"floor":31,"key":"Weak Potion"},{"floor":33,"key":"Poison Potion"},{"floor":35,"key":"PowerPotion"},{"floor":36,"key":"EssenceOfSteel"},{"floor":46,"key":"SkillPotion"}],"is_trial":false,"path_per_floor":["M","$","?","?","M","E","R","M","T","M","R","M","R","M","R","B",null,"M","M","M","?","?","R","M","?","T","M","T","R","?","M","R","B",null,"M","M","$","?","M","?","R","?","T","R","T","M","R","M","R","B",null],"character_chosen":"IRONCLAD","items_purchased":["Feel No Pain","Chrysalis"],"campfire_rested":3,"item_purchase_floors":[2,37],"current_hp_per_floor":[74,74,74,79,80,80,80,80,80,79,79,64,64,66,66,23,66,76,73,71,71,71,71,58,58,58,47,47,47,22,18,42,19,65,35,35,35,66,7,20,39,33,33,33,33,29,48,33,33,36],"gold":29,"neow_bonus":"THREE_ENEMY_KILL","is_prod":false,"is_daily":false,"chose_seed":false,"campfire_upgraded":8,"win_rate":0,"timestamp":1545811790,"path_taken":["M","$","?","?","M","E","R","M","T","M","R","M","R","M","R","BOSS","M","M","M","?","?","R","M","?","T","M","?","R","?","M","R","BOSS","M","M","$","?","M","?","R","?","T","R","?","M","R","M","R","BOSS"],"build_version":"2018-12-25","purchased_purges":1,"victory":true,"max_hp_per_floor":[75,75,75,80,80,80,80,80,80,80,80,80,80,80,80,80,80,80,80,80,80,80,80,80,80,80,80,80,80,80,80,80,80,80,80,80,80,66,66,66,66,66,66,66,66,66,66,66,66,66],"card_choices":[{"not_picked":["Infernal Blade","Wild Strike"],"picked":"Pommel Strike","floor":1},{"not_picked":["Wild Strike","Thunderclap"],"picked":"Iron Wave","floor":5},{"not_picked":["Wild Strike","Twin Strike","Clash"],"picked":"SKIP","floor":6},{"not_picked":["Heavy Blade","Twin Strike"],"picked":"Sword Boomerang","floor":8},{"not_picked":["Thunderclap","Pommel Strike","Headbutt"],"picked":"SKIP","floor":10},{"not_picked":["Warcry","Heavy Blade"],"picked":"Clothesline","floor":12},{"not_picked":["Thunderclap","Twin Strike","Perfected Strike"],"picked":"SKIP","floor":14},{"not_picked":["Impervious","Double Tap"],"picked":"Offering","floor":16},{"not_picked":["Fire Breathing","Havoc"],"picked":"Armaments","floor":18},{"not_picked":["Evolve","Cleave","Clash"],"picked":"SKIP","floor":19},{"not_picked":["Sword Boomerang","Cleave"],"picked":"True Grit","floor":20},{"not_picked":["Fire Breathing","Power Through"],"picked":"True Grit","floor":24},{"not_picked":["Havoc","Headbutt"],"picked":"True Grit","floor":27},{"not_picked":["Shockwave","Reckless Charge+1"],"picked":"Demon Form","floor":30},{"not_picked":["Infernal Blade","Anger"],"picked":"Exhume","floor":31},{"not_picked":["Demon Form","Fiend Fire"],"picked":"Impervious","floor":33},{"not_picked":["Iron Wave","Dual Wield"],"picked":"Evolve","floor":35},{"not_picked":["Twin Strike","Evolve"],"picked":"Warcry","floor":36},{"not_picked":["Evolve","Rage"],"picked":"Shrug It Off","floor":39},{"not_picked":["Wild Strike+1","Sword Boomerang"],"picked":"Body Slam","floor":46},{"not_picked":["Heavy Blade+1","Clothesline+1"],"picked":"Juggernaut","floor":48}],"player_experience":998131,"relics_obtained":[{"floor":6,"key":"Vajra"},{"floor":9,"key":"Juzu Bracelet"},{"floor":26,"key":"Gremlin Horn"},{"floor":30,"key":"Red Mask"},{"floor":42,"key":"Nunchaku"},{"floor":43,"key":"The Courier"},{"floor":45,"key":"Pantograph"}],"event_choices":[{"damage_healed":0,"gold_gain":0,"player_choice":"Ignored","damage_taken":0,"max_hp_gain":0,"max_hp_loss":0,"event_name":"Liars Game","floor":3,"gold_loss":0},{"damage_healed":0,"gold_gain":0,"player_choice":"Donut","damage_taken":0,"max_hp_gain":5,"max_hp_loss":0,"event_name":"Big Fish","floor":4,"gold_loss":0},{"damage_healed":0,"gold_gain":0,"player_choice":"Read","damage_taken":0,"max_hp_gain":0,"max_hp_loss":0,"event_name":"The Library","floor":21,"gold_loss":0,"cards_obtained":["Corruption"]},{"cards_removed":["Strike_R"],"damage_healed":0,"gold_gain":0,"player_choice":"Purged","damage_taken":0,"max_hp_gain":0,"max_hp_loss":0,"event_name":"Purifier","floor":22,"gold_loss":0},{"damage_healed":0,"gold_gain":0,"player_choice":"Traded Relic","damage_taken":0,"relics_obtained":["Nloth\u0027s Gift"],"max_hp_gain":0,"max_hp_loss":0,"event_name":"N\u0027loth","floor":25,"relics_lost":["NeowsBlessing"],"gold_loss":0},{"damage_healed":0,"gold_gain":0,"player_choice":"Fought Bandits","damage_taken":0,"max_hp_gain":0,"max_hp_loss":0,"event_name":"Masked Bandits","floor":30,"gold_loss":0},{"damage_healed":66,"gold_gain":0,"player_choice":"Heal","damage_taken":0,"max_hp_gain":0,"max_hp_loss":14,"event_name":"The Moai Head","floor":38,"gold_loss":0},{"damage_healed":13,"gold_gain":0,"player_choice":"Writhe","damage_taken":0,"max_hp_gain":0,"max_hp_loss":0,"event_name":"Winding Halls","floor":40,"gold_loss":0,"cards_obtained":["Writhe"]},{"damage_healed":0,"gold_gain":0,"player_choice":"Fight","damage_taken":0,"max_hp_gain":0,"max_hp_loss":0,"event_name":"MindBloom","floor":42,"gold_loss":0}],"is_beta":true,"boss_relics":[{"not_picked":["Runic Cube","Tiny House"],"picked":"Ectoplasm"},{"not_picked":["Fusion Hammer","Eternal Feather"],"picked":"Mark of Pain"}],"items_purged_floors":[37],"is_endless":false,"potions_floor_spawned":[1,5,10,16,27,31,33,35,36,46],"ascension_level":15}