{"gold_per_floor":[110,110,128,128,203,233,233,261,286,286,315,315,327,347,347,347],"floor_reached":16,"playtime":583,"items_purged":[],"score":286,"play_id":"59bd64d6-b748-4332-9cc0-917420645825","local_time":"20190429085638","is_ascension_mode":true,"campfire_choices":[{"data":"Bash","floor":7,"key":"SMITH"},{"data":"True Grit","floor":10,"key":"SMITH"},{"data":"Feel No Pain","floor":12,"key":"SMITH"},{"data":"Anger","floor":15,"key":"SMITH"}],"neow_cost":"NONE","seed_source_timestamp":572196903520676,"circlet_count":0,"master_deck":["AscendersBane","Strike_R","Strike_R","Strike_R","Strike_R","Defend_R","Defend_R","Defend_R","Defend_R","Bash+1","Feel No Pain+1","Anger+1","Impervious","True Grit+1","Inflame","Rampage"],"relics":["Burning Blood","NeowsBlessing","Art of War","Question Card","Vajra","Blue Candle"],"potions_floor_usage":[8,13,16],"damage_taken":[{"damage":0,"enemies":"Jaw Worm","floor":1,"turns":1},{"damage":0,"enemies":"Small Slimes","floor":3,"turns":1},{"damage":0,"enemies":"3 Sentries","floor":6,"turns":1},{"damage":33,"enemies":"Gremlin Nob","floor":8,"turns":5},{"damage":31,"enemies":"3 Sentries","floor":11,"turns":13},{"damage":7,"enemies":"Cultist","floor":13,"turns":5},{"damage":33,"enemies":"Exordium Thugs","floor":14,"turns":8},{"damage":16,"enemies":"Hexaghost","floor":16,"turns":7}],"seed_played":"1055177509530416763","potions_obtained":[{"floor":1,"key":"SkillPotion"},{"floor":6,"key":"SpeedPotion"},{"floor":11,"key":"Regen Potion"},{"floor":13,"key":"Fruit Juice"}],"is_trial":false,"path_per_floor":["M","?","M","?","?","E","R","E","T","R","E","R","M","M","R","B"],"character_chosen":"IRONCLAD","items_purchased":[],"campfire_rested":0,"item_purchase_floors":[],"current_hp_per_floor":[74,67,73,78,67,73,73,46,46,46,21,21,34,7,7,0],"gold":347,"neow_bonus":"THREE_ENEMY_KILL","is_prod":false,"is_daily":false,"chose_seed":false,"campfire_upgraded":4,"win_rate":0,"timestamp":1556542598,"path_taken":["M","?","M","?","?","E","R","E","T","R","E","R","M","M","R","BOSS"],"build_version":"2019-01-23","purchased_purges":0,"victory":false,"max_hp_per_floor":[75,75,75,80,80,80,80,80,80,80,80,80,80,80,80,85],"card_choices":[{"not_picked":["Dual Wield","Disarm"],"picked":"Feel No Pain","floor":1},{"not_picked":["Sword Boomerang","Twin Strike"],"picked":"Anger","floor":3},{"not_picked":["Double Tap","Twin Strike"],"picked":"Impervious","floor":6},{"not_picked":["Body Slam","Heavy Blade"],"picked":"True Grit","floor":8},{"not_picked":["Heavy Blade","Pommel Strike","Anger","Clash"],"picked":"SKIP","floor":11},{"not_picked":["Bloodletting","Twin Strike","Flex"],"picked":"Inflame","floor":13},{"not_picked":["Armaments","Berserk","Anger"],"picked":"Rampage","floor":14}],"player_experience":2092891,"relics_obtained":[{"floor":6,"key":"Art of War"},{"floor":8,"key":"Question Card"},{"floor":9,"key":"Vajra"},{"floor":11,"key":"Blue Candle"}],"event_choices":[{"cards_removed":["Strike_R"],"damage_healed":0,"gold_gain":0,"player_choice":"Card Removal","damage_taken":7,"max_hp_gain":0,"max_hp_loss":0,"event_name":"Golden Wing","floor":2,"gold_loss":0},{"damage_healed":0,"gold_gain":0,"player_choice":"Donut","damage_taken":0,"max_hp_gain":5,"max_hp_loss":0,"event_name":"Big Fish","floor":4,"gold_loss":0},{"damage_healed":0,"gold_gain":75,"player_choice":"Gather Gold","damage_taken":11,"max_hp_gain":0,"max_hp_loss":0,"event_name":"World of Goop","floor":5,"gold_loss":0}],"is_beta":false,"boss_relics":[],"items_purged_floors":[],"is_endless":false,"potions_floor_spawned":[1,6,11,13],"killed_by":"Hexaghost","ascension_level":20}