{"gold_per_floor":[109,109,109,129,139,139,153,20,45,45,62,42,42,77,77,153,153,153,153,153,153,1,1,1,1,1,1,1,1,1,1,1,1,1,1,1,1,1,1,1,1,1,1,1,1],"floor_reached":45,"playtime":1374,"items_purged":["Strike_R"],"score":1142,"play_id":"0ef7fe55-4f58-4f60-9a26-20ef5ab37bd6","local_time":"20190215144925","is_ascension_mode":true,"campfire_choices":[{"data":"Bash","floor":6.0,"key":"SMITH"},{"data":"Havoc","floor":10.0,"key":"SMITH"},{"data":"Metallicize","floor":13.0,"key":"SMITH"},{"data":"Rampage","floor":15.0,"key":"SMITH"},{"floor":24.0,"key":"REST"},{"data":"Ghostly","floor":28.0,"key":"SMITH"},{"data":"Armaments","floor":32.0,"key":"SMITH"},{"floor":42,"key":"RECALL"}],"neow_cost":"NONE","seed_source_timestamp":14245396419778,"circlet_count":0,"master_deck":["AscendersBane","Strike_R","Strike_R","Strike_R","Defend_R","Defend_R","Defend_R+1","Defend_R","Bash+1","Metallicize+1","Fiend Fire","Clothesline","Disarm","Immolate+1","Havoc+1","Uppercut+1","Armaments+1","Rampage+1","Offering","Havoc+1","Necronomicurse","Ghostly+1","Ghostly","Ghostly","Feel No Pain","Juggernaut","Warcry","Warcry","Impervious","True Grit","Warcry+1","Shrug It Off+1","Havoc","Havoc+1"],"special_seed":0,"relics":["Burning Blood","Ancient Tea Set","Pen Nib","Red Skull","Ectoplasm","Necronomicon","Incense Burner","Bag of Marbles","Whetstone","War Paint","Cursed Key","Turnip","Bag of Preparation"],"potions_floor_usage":[41,45],"damage_taken":[{"damage":15.0,"enemies":"Small Slimes","floor":1.0,"turns":4.0},{"damage":1.0,"enemies":"2 Louse","floor":4.0,"turns":3.0},{"damage":1.0,"enemies":"Cultist","floor":5.0,"turns":3.0},{"damage":13.0,"enemies":"Lots of Slimes","floor":7.0,"turns":5.0},{"damage":6.0,"enemies":"Looter","floor":11.0,"turns":2.0},{"damage":13.0,"enemies":"Gremlin Nob","floor":14.0,"turns":4.0},{"damage":12.0,"enemies":"Hexaghost","floor":16.0,"turns":8.0},{"damage":10.0,"enemies":"Chosen","floor":18.0,"turns":4.0},{"damage":33.0,"enemies":"Shell Parasite","floor":20.0,"turns":4.0},{"damage":14.0,"enemies":"Gremlin Leader","floor":23.0,"turns":2.0},{"damage":5.0,"enemies":"Book of Stabbing","floor":25.0,"turns":4.0},{"damage":0.0,"enemies":"Slavers","floor":27.0,"turns":1.0},{"damage":0.0,"enemies":"Snake Plant","floor":29.0,"turns":2.0},{"damage":6.0,"enemies":"Book of Stabbing","floor":30.0,"turns":3.0},{"damage":0.0,"enemies":"Snecko","floor":31.0,"turns":2.0},{"damage":29.0,"enemies":"Collector","floor":33.0,"turns":5.0},{"damage":0.0,"enemies":"3 Darklings","floor":35.0,"turns":1.0},{"damage":7.0,"enemies":"Mind Bloom Boss Battle","floor":36.0,"turns":6.0},{"damage":6.0,"enemies":"3 Shapes","floor":37.0,"turns":4.0},{"damage":6.0,"enemies":"Writhing Mass","floor":38.0,"turns":5.0},{"damage":2,"enemies":"4 Shapes","floor":39,"turns":6},{"damage":14,"enemies":"Reptomancer","floor":40,"turns":6},{"damage":16,"enemies":"Transient","floor":41,"turns":6},{"damage":19,"enemies":"Sphere and 2 Shapes","floor":45,"turns":2}],"seed_played":"8617797343430698757","potions_obtained":[{"floor":5.0,"key":"LiquidBronze"},{"floor":11.0,"key":"Regen Potion"},{"floor":16.0,"key":"Weak Potion"},{"floor":18.0,"key":"Energy Potion"}],"is_trial":false,"path_per_floor":["M","?","?","M","M","R","M","$","T","R","M","?","R","E","R","B",null,"M","?","M","?","$","E","R","E","T","E","R","M","E","M","R","B",null,"M","?","M","M","M","E","M","R","T","?","M"],"character_chosen":"IRONCLAD","items_purchased":["Havoc","Uppercut","Feel No Pain"],"campfire_rested":1,"item_purchase_floors":[8,8,22],"current_hp_per_floor":[59,59,59,64,69,69,62,62,62,62,62,62,62,55,55,64,72,68,47,20,20,20,12,23,24,24,30,30,36,36,37,37,14,31,37,36,36,36,37,29,19,19,19,19,0],"gold":1,"neow_bonus":"RANDOM_COMMON_RELIC","is_prod":false,"is_daily":false,"chose_seed":false,"campfire_upgraded":6,"win_rate":0,"timestamp":1550267365,"path_taken":["M","?","?","?","M","R","M","$","T","R","?","?","R","E","R","BOSS","M","?","M","?","$","E","R","E","T","E","R","M","E","M","R","BOSS","M","?","M","M","M","E","M","R","T","?","M"],"build_version":"2019-02-06","purchased_purges":1,"victory":false,"max_hp_per_floor":[75,75,75,75,75,75,75,75,75,75,75,75,75,75,75,75,75,75,75,75,37,37,37,37,37,37,37,37,37,37,37,37,37,37,37,37,37,37,37,37,37,37,37,37,37],"card_choices":[{"not_picked":["Twin Strike","Searing Blow"],"picked":"Metallicize","floor":1.0},{"not_picked":["Heavy Blade","Dropkick"],"picked":"Clothesline","floor":4.0},{"not_picked":["Combust","Sword Boomerang"],"picked":"Disarm","floor":5.0},{"not_picked":["Spot Weakness","Battle Trance"],"picked":"Immolate","floor":7.0},{"not_picked":["Carnage","Anger"],"picked":"Armaments","floor":11.0},{"not_picked":["Wild Strike","Body Slam"],"picked":"Rampage","floor":14.0},{"not_picked":["Juggernaut","Dark Embrace"],"picked":"Offering","floor":16.0},{"not_picked":["Pommel Strike","Rampage"],"picked":"Havoc","floor":18.0},{"not_picked":["Combust","Infernal Blade+1","Flex"],"picked":"SKIP","floor":20.0},{"not_picked":["Hemokinesis","Cleave","Headbutt"],"picked":"SKIP","floor":23.0},{"not_picked":["Reckless Charge","Clash","Sword Boomerang"],"picked":"SKIP","floor":25.0},{"not_picked":["Cleave","Rupture"],"picked":"Juggernaut","floor":27.0},{"not_picked":["Burning Pact","Anger"],"picked":"Warcry","floor":29.0},{"not_picked":["Armaments","Ghostly Armor"],"picked":"Warcry","floor":30.0},{"not_picked":["Burning Pact","Armaments","Sword Boomerang"],"picked":"SKIP","floor":31.0},{"not_picked":["Demon Form","Feed"],"picked":"Impervious","floor":33.0},{"not_picked":["Headbutt","Dropkick"],"picked":"True Grit","floor":35.0},{"not_picked":["Clothesline","Ghostly Armor"],"picked":"Warcry+1","floor":37.0},{"not_picked":["Blood for Blood+1","Wild Strike"],"picked":"Shrug It Off+1","floor":38.0},{"not_picked":["Berserk","Headbutt"],"picked":"Havoc","floor":39},{"not_picked":["Body Slam+1","Sword Boomerang","Shockwave"],"picked":"SKIP","floor":40},{"not_picked":["Anger+1","Sever Soul"],"picked":"Havoc+1","floor":41}],"player_experience":1087938,"relics_obtained":[{"floor":9.0,"key":"Pen Nib"},{"floor":14.0,"key":"Red Skull"},{"floor":19.0,"key":"Necronomicon"},{"floor":23.0,"key":"Incense Burner"},{"floor":25.0,"key":"Bag of Marbles"},{"floor":27.0,"key":"Whetstone"},{"floor":30.0,"key":"War Paint"},{"floor":36.0,"key":"Turnip"},{"floor":40,"key":"Bag of Preparation"}],"event_choices":[{"cards_removed":["Strike_R"],"damage_healed":0.0,"max_hp_gain":0.0,"max_hp_loss":0.0,"gold_gain":0.0,"event_name":"Living Wall","player_choice":"Forget","floor":2.0,"gold_loss":0.0,"damage_taken":0.0},{"damage_healed":0.0,"max_hp_gain":0.0,"max_hp_loss":0.0,"gold_gain":0.0,"event_name":"Match and Keep!","player_choice":"1 cards matched","floor":3.0,"gold_loss":0.0,"damage_taken":0.0,"cards_obtained":["Fiend Fire"]},{"damage_healed":0.0,"max_hp_gain":0.0,"max_hp_loss":0.0,"gold_gain":0.0,"event_name":"The Woman in Blue","player_choice":"Bought 1 Potion","floor":12.0,"gold_loss":0.0,"damage_taken":0.0},{"damage_healed":0.0,"max_hp_gain":0.0,"max_hp_loss":0.0,"gold_gain":0.0,"event_name":"Cursed Tome","player_choice":"Obtained Book","floor":19.0,"gold_loss":0.0,"damage_taken":21.0},{"damage_healed":0.0,"max_hp_gain":0.0,"max_hp_loss":38.0,"gold_gain":0.0,"event_name":"Ghosts","player_choice":"Became a Ghost","floor":21.0,"gold_loss":0.0,"damage_taken":0.0,"cards_obtained":["Ghostly","Ghostly","Ghostly"]},{"damage_healed":0.0,"max_hp_gain":0.0,"max_hp_loss":0.0,"gold_gain":0.0,"event_name":"MindBloom","player_choice":"Fight","floor":36.0,"gold_loss":0.0,"damage_taken":0.0},{"damage_healed":0,"gold_gain":0,"player_choice":"Memory 1","damage_taken":0,"max_hp_gain":0,"max_hp_loss":0,"event_name":"SensoryStone","floor":44,"gold_loss":0}],"is_beta":true,"boss_relics":[{"not_picked":["Astrolabe","Eternal Feather"],"picked":"Ectoplasm"},{"not_picked":["Runic Dome","Coffee Dripper"],"picked":"Cursed Key"}],"items_purged_floors":[22],"is_endless":false,"potions_floor_spawned":[5,11,14,16,18,23,25,33,35,36,39],"killed_by":"Sphere and 2 Shapes","ascension_level":19}