{"gold_per_floor":[110,130,150,150,75,106,106,124,124,124,124,144,69,89,89,161,161,180,190,221,221],"floor_reached":21,"playtime":1079,"items_purged":["Strike_R"],"score":361,"play_id":"b792733e-983a-49ee-89c5-0125a918f67a","local_time":"20180817183725","is_ascension_mode":true,"campfire_choices":[{"data":"Clothesline","floor":7,"key":"SMITH"},{"data":"Shockwave","floor":10,"key":"SMITH"},{"data":"Heavy Blade","floor":15,"key":"SMITH"}],"neow_cost":"PERCENT_DAMAGE","seed_source_timestamp":211143283970007,"circlet_count":0,"master_deck":["Strike_R","Defend_R","Defend_R","Defend_R","Defend_R","Bash","AscendersBane","Clothesline+1","Spot Weakness","Twin Strike","Battle Trance","Shockwave+1","Limit Break","Flex","Heavy Blade+1","Demon Form","Anger","Body Slam+1","Pommel Strike+1"],"relics":["Burning Blood","Shuriken","Blue Candle","Empty Cage","Red Mask"],"potions_floor_usage":[18,19,21,21],"damage_taken":[{"damage":1,"enemies":"Cultist","floor":1,"turns":4},{"damage":0,"enemies":"2 Louse","floor":2,"turns":3},{"damage":2,"enemies":"Jaw Worm","floor":3,"turns":4},{"damage":19,"enemies":"Gremlin Nob","floor":6,"turns":4},{"damage":34,"enemies":"Exordium Thugs","floor":8,"turns":5},{"damage":7,"enemies":"Exordium Wildlife","floor":12,"turns":5},{"damage":9,"enemies":"Blue Slaver","floor":14,"turns":5},{"damage":15,"enemies":"Hexaghost","floor":16,"turns":7},{"damage":12,"enemies":"Chosen","floor":18,"turns":6},{"damage":29,"enemies":"Shell Parasite","floor":19,"turns":4},{"damage":37,"floor":20,"turns":4},{"damage":16,"enemies":"Sentry and Sphere","floor":21,"turns":3}],"seed_played":"2487650814020897729","potions_obtained":[{"floor":8,"key":"SpeedPotion"},{"floor":16,"key":"Dexterity Potion"},{"floor":18,"key":"Weak Potion"},{"floor":20,"key":"PowerPotion"}],"is_trial":false,"path_per_floor":["M","M","M","?","?","E","R","M","T","R","?","M","$","M","R","B",null,"M","M","?"],"character_chosen":"IRONCLAD","items_purchased":[],"campfire_rested":0,"item_purchase_floors":[],"current_hp_per_floor":[63,69,73,73,73,60,60,32,32,32,32,31,31,28,28,19,72,66,43,12,0],"gold":221,"neow_bonus":"TWENTY_PERCENT_HP_BONUS","is_prod":false,"is_daily":false,"chose_seed":false,"campfire_upgraded":3,"win_rate":0,"timestamp":1534545445,"path_taken":["M","?","M","?","?","E","R","?","T","R","?","?","$","?","R","BOSS","M","M","?","M"],"build_version":"2018-08-16","purchased_purges":1,"victory":false,"max_hp_per_floor":[89,89,89,89,89,89,89,89,89,89,89,89,89,89,89,89,89,89,89,89,89],"card_choices":[{"not_picked":["Heavy Blade","True Grit"],"picked":"Clothesline","floor":1},{"not_picked":["Heavy Blade","Perfected Strike"],"picked":"Spot Weakness","floor":2},{"not_picked":["Shrug It Off","Perfected Strike"],"picked":"Twin Strike","floor":3},{"not_picked":["Dark Embrace","Iron Wave"],"picked":"Battle Trance","floor":6},{"not_picked":["Twin Strike","Perfected Strike"],"picked":"Shockwave","floor":8},{"not_picked":["Blood for Blood","Havoc"],"picked":"Flex","floor":12},{"not_picked":["Spot Weakness","Flex"],"picked":"Heavy Blade","floor":14},{"not_picked":["Offering","Juggernaut"],"picked":"Demon Form","floor":16},{"not_picked":["Clash","Dual Wield"],"picked":"Anger","floor":18},{"not_picked":["Twin Strike","Clash"],"picked":"Body Slam+1","floor":19},{"not_picked":["Pummel","Sword Boomerang"],"picked":"Pommel Strike+1","floor":20}],"player_experience":961321,"relics_obtained":[{"floor":6,"key":"Shuriken"},{"floor":9,"key":"Blue Candle"},{"floor":20,"key":"Red Mask"}],"event_choices":[{"event_name":"Liars Game","player_choice":"disagreed","floor":4,"damage_taken":0},{"event_name":"The Cleric","player_choice":"Card Removal","floor":5,"damage_taken":0},{"event_name":"Match and Keep!","player_choice":"1 cards matched","floor":11,"damage_taken":0},{"event_name":"Masked Bandits","player_choice":"Fought Bandits","floor":20,"damage_taken":0}],"is_beta":false,"boss_relics":[{"not_picked":["Tiny House","White Beast Statue"],"picked":"Empty Cage"}],"items_purged_floors":[13],"is_endless":false,"potions_floor_spawned":[8,16,18,20],"killed_by":"Sentry and Sphere","ascension_level":15}