{"gold_per_floor":[112,132,151,151,151,151,151,167,167,191,191,205,205,219,219,308,308,332,382,55,70,94,94,94,94,94,119,140,140,160,178,178,274,274,287,287,139,158,158,158,198,243,270,283,302,302,302,327,327,327],"floor_reached":51,"playtime":1644,"items_purged":["Strike_B+1"],"score":1140,"play_id":"0ef9f90f-6154-4836-bce7-c2dce1549dd5","local_time":"20180919224609","is_ascension_mode":true,"campfire_choices":[{"data":"Zap","floor":6.0,"key":"SMITH"},{"data":"Defragment","floor":11.0,"key":"SMITH"},{"data":"Reinforced Body","floor":13.0,"key":"SMITH"},{"data":"Loop","floor":15.0,"key":"SMITH"},{"floor":23.0,"key":"REST"},{"floor":25.0,"key":"REST"},{"data":"White Noise","floor":29.0,"key":"SMITH"},{"data":"Buffer","floor":32.0,"key":"SMITH"},{"floor":40,"key":"REST"},{"floor":46,"key":"REST"},{"data":"Defragment","floor":49,"key":"SMITH"}],"neow_cost":"NONE","seed_source_timestamp":429379282545286,"circlet_count":0,"master_deck":["Strike_B+1","Strike_B+1","Strike_B+1","Defend_B+1","Defend_B+1","Defend_B+1","Defend_B+1","Zap+1","Dualcast","AscendersBane","Reinforced Body+1","Coolheaded+1","Stack","Defragment+1","Loop+1","Electrodynamics","Cold Snap","White Noise+1","Core Surge","Conserve Battery","Buffer+1","Conserve Battery","Echo Form","Leap","Defragment+1","White Noise+1","Cold Snap","Redo+1","Cold Snap"],"special_seed":0,"relics":["Cracked Core","Lantern","Golden Idol","Mummified Hand","Inserter","Oddly Smooth Stone","Pantograph","Nuclear Battery","Regal Pillow","Ornamental Fan","Potion Belt","Bronze Scales","Turnip"],"potions_floor_usage":[45,48,50,50],"damage_taken":[{"damage":7.0,"enemies":"2 Louse","floor":1.0,"turns":3.0},{"damage":0.0,"enemies":"Jaw Worm","floor":2.0,"turns":3.0},{"damage":0.0,"enemies":"Small Slimes","floor":3.0,"turns":3.0},{"damage":1.0,"enemies":"Exordium Wildlife","floor":8.0,"turns":4.0},{"damage":6.0,"enemies":"Large Slime","floor":10.0,"turns":6.0},{"damage":0.0,"enemies":"Red Slaver","floor":12.0,"turns":3.0},{"damage":6.0,"enemies":"Blue Slaver","floor":14.0,"turns":4.0},{"damage":1.0,"enemies":"The Guardian","floor":16.0,"turns":14.0},{"damage":34.0,"enemies":"2 Thieves","floor":18.0,"turns":3.0},{"damage":6.0,"enemies":"Chosen","floor":21.0,"turns":3.0},{"damage":8.0,"enemies":"Centurion and Healer","floor":22.0,"turns":5.0},{"damage":2.0,"enemies":"Shelled Parasite and Fungi","floor":27.0,"turns":5.0},{"damage":7.0,"enemies":"Snake Plant","floor":28.0,"turns":3.0},{"damage":22.0,"enemies":"Centurion and Healer","floor":30.0,"turns":6.0},{"damage":0.0,"enemies":"Snecko","floor":31.0,"turns":5.0},{"damage":15.0,"enemies":"Champ","floor":33.0,"turns":23.0},{"damage":30.0,"enemies":"3 Darklings","floor":35.0,"turns":3.0},{"damage":0.0,"enemies":"Orb Walker","floor":38.0,"turns":5.0},{"damage":9,"enemies":"Nemesis","floor":41,"turns":10},{"damage":12,"enemies":"Spire Growth","floor":44,"turns":6},{"damage":9,"enemies":"4 Shapes","floor":45,"turns":4},{"damage":11,"enemies":"Mind Bloom Boss Battle","floor":47,"turns":7},{"damage":15,"enemies":"Jaw Worm Horde","floor":48,"turns":4},{"damage":23,"enemies":"Awakened One","floor":50,"turns":18}],"seed_played":"-1519205970183319489","potions_obtained":[{"floor":3.0,"key":"SneckoOil"},{"floor":12.0,"key":"Fire Potion"},{"floor":14.0,"key":"EssenceOfSteel"},{"floor":16.0,"key":"SteroidPotion"},{"floor":18.0,"key":"Explosive Potion"},{"floor":27.0,"key":"Swift Potion"},{"floor":28.0,"key":"Regen Potion"},{"floor":33.0,"key":"Explosive Potion"},{"floor":38.0,"key":"EssenceOfSteel"},{"floor":44,"key":"Fire Potion"},{"floor":45,"key":"Swift Potion"}],"is_trial":false,"path_per_floor":["M","M","M","?","?","R","?","M","T","M","R","M","R","M","R","B",null,"M","?","$","M","M","R","?","R","T","M","M","R","M","M","R","B",null,"M","T","$","M","?","R","E","T","T","M","M","R","?","M","R","B"],"character_chosen":"DEFECT","items_purchased":["Oddly Smooth Stone","White Noise","Core Surge","Defragment"],"campfire_rested":4,"item_purchase_floors":[20,20,20,37],"current_hp_per_floor":[57,57,57,36,36,36,36,35,35,29,29,29,29,23,23,22,54,20,20,20,14,6,25,25,44,44,49,49,49,42,42,42,49,60,30,30,30,30,30,64,55,55,55,43,34,64,60,45,45,41],"gold":327,"neow_bonus":"RANDOM_COMMON_RELIC","is_prod":false,"is_daily":false,"chose_seed":false,"campfire_upgraded":7,"win_rate":0,"timestamp":1537422369,"path_taken":["M","M","M","?","?","R","?","M","T","?","R","M","R","M","R","BOSS","M","?","$","M","M","R","?","R","T","M","M","R","M","M","R","BOSS","M","?","$","M","?","R","E","?","T","?","M","R","?","M","R","BOSS"],"build_version":"2018-09-18v3","purchased_purges":1,"victory":true,"max_hp_per_floor":[71,71,71,71,71,71,64,64,64,64,64,64,64,64,64,64,64,64,64,64,64,64,64,64,64,64,64,64,64,64,64,64,64,64,64,64,64,64,64,64,64,64,64,64,64,64,64,64,64,64],"card_choices":[{"not_picked":["Barrage","Force Field"],"picked":"Reinforced Body","floor":1.0},{"not_picked":["Storm","Cold Snap"],"picked":"Coolheaded","floor":2.0},{"not_picked":["Turbo","Chaos"],"picked":"Stack","floor":3.0},{"not_picked":["Conserve Battery","Gash"],"picked":"Defragment","floor":8.0},{"not_picked":["Steam","Darkness","Lockon"],"picked":"SKIP","floor":10.0},{"not_picked":["Barrage","Gash","Steam"],"picked":"SKIP","floor":12.0},{"not_picked":["Compile Driver","Sweeping Beam"],"picked":"Loop","floor":14.0},{"not_picked":["Thunder Strike","Hyperbeam"],"picked":"Electrodynamics","floor":16.0},{"not_picked":["Ball Lightning","Stack"],"picked":"Cold Snap","floor":18.0},{"not_picked":["Go for the Eyes","Self Repair"],"picked":"Conserve Battery","floor":21.0},{"not_picked":["Chaos","Barrage","Gash"],"picked":"SKIP","floor":22.0},{"not_picked":["Capacitor+1","Self Repair","Rebound"],"picked":"SKIP","floor":27.0},{"not_picked":["Doom and Gloom","Sweeping Beam+1","Streamline"],"picked":"SKIP","floor":28.0},{"not_picked":["Beam Cell","Compile Driver"],"picked":"Buffer","floor":30.0},{"not_picked":["Compile Driver","Beam Cell"],"picked":"Conserve Battery","floor":31.0},{"not_picked":["Amplify","Buffer"],"picked":"Echo Form","floor":33.0},{"not_picked":["Gash+1","Barrage"],"picked":"Leap","floor":35.0},{"not_picked":["Cold Snap","Conserve Battery"],"picked":"White Noise+1","floor":38.0},{"not_picked":["White Noise+1","Consume"],"picked":"Cold Snap","floor":41},{"not_picked":["Skim+1","Genetic Algorithm"],"picked":"Redo+1","floor":44},{"not_picked":["FTL","Steam Power+1","Darkness"],"picked":"SKIP","floor":45},{"not_picked":["Sweeping Beam+1","Beam Cell+1"],"picked":"Cold Snap","floor":48}],"player_experience":926001,"relics_obtained":[{"floor":9.0,"key":"Mummified Hand"},{"floor":26.0,"key":"Pantograph"},{"floor":36.0,"key":"Regal Pillow"},{"floor":41,"key":"Ornamental Fan"},{"floor":42,"key":"Potion Belt"},{"floor":43,"key":"Bronze Scales"},{"floor":47,"key":"Turnip"}],"event_choices":[{"event_name":"Shining Light","player_choice":"Entered Light","floor":4.0,"damage_taken":0.0},{"event_name":"Liars Game","player_choice":"disagreed","floor":5.0,"damage_taken":0.0},{"event_name":"Golden Idol","player_choice":"Lose Max HP","floor":7.0,"damage_taken":0.0},{"event_name":"Nest","player_choice":"Stole From Cult","floor":19.0,"damage_taken":0.0},{"event_name":"Back to Basics","player_choice":"Simplicity","floor":24.0,"damage_taken":0.0},{"event_name":"Mysterious Sphere","player_choice":"Ignore","floor":39,"damage_taken":0},{"event_name":"MindBloom","player_choice":"Fight","floor":47,"damage_taken":0}],"is_beta":true,"boss_relics":[{"not_picked":["Pandora\u0027s Box","Philosopher\u0027s Stone"],"picked":"Inserter"},{"not_picked":["Tiny House","Lizard Tail"],"picked":"Nuclear Battery"}],"items_purged_floors":[37],"is_endless":false,"potions_floor_spawned":[3,12,14,16,18,27,28,33,38,44,45],"ascension_level":15}