{"gold_per_floor":[118,137,62,337,5,37,37,37,37,48,65,96,70,98,98,177,177,196,196,59,71,71,106,106,156,156,188,200,238,250],"floor_reached":30,"playtime":1181,"items_purged":["Regret","Strike_B"],"score":704,"play_id":"caecd811-e9c1-4565-86f7-c460465c8c4c","local_time":"20190429004138","is_ascension_mode":true,"campfire_choices":[{"data":"Sunder","floor":7,"key":"SMITH"},{"data":"Loop","floor":15,"key":"SMITH"},{"floor":24,"key":"REST"},{"floor":28,"key":"REST"}],"neow_cost":"NONE","seed_source_timestamp":541900177745664,"circlet_count":0,"master_deck":["AscendersBane","Strike_B","Strike_B","Defend_B","Defend_B","Defend_B","Defend_B","Zap","Dualcast","Cold Snap","Sunder+1","Loop+1","Conserve Battery","BootSequence","Undo","Ball Lightning","Ball Lightning","Compile Driver","Creative AI","Coolheaded","Storm","Defragment","Glacier","Amplify"],"relics":["Cracked Core","NeowsBlessing","PreservedInsect","Turnip","Mercury Hourglass","Shuriken","Blood Vial","Sozu","Ornamental Fan","MawBank","Kunai"],"potions_floor_usage":[12,23,29],"damage_taken":[{"damage":0,"enemies":"Cultist","floor":1,"turns":1},{"damage":0,"enemies":"Small Slimes","floor":2,"turns":1},{"damage":0,"enemies":"Lagavulin","floor":6,"turns":1},{"damage":0,"enemies":"2 Louse","floor":10,"turns":3},{"damage":7,"enemies":"Exordium Thugs","floor":11,"turns":3},{"damage":0,"enemies":"Gremlin Nob","floor":12,"turns":3},{"damage":8,"enemies":"Lagavulin","floor":14,"turns":5},{"damage":34,"enemies":"Hexaghost","floor":16,"turns":8},{"damage":7,"enemies":"2 Thieves","floor":18,"turns":4},{"damage":21,"enemies":"Shell Parasite","floor":21,"turns":5},{"damage":18,"enemies":"Slavers","floor":23,"turns":3},{"damage":20,"enemies":"Gremlin Leader","floor":27,"turns":5},{"damage":37,"enemies":"Slavers","floor":29,"turns":5},{"damage":11,"enemies":"Snake Plant","floor":30,"turns":2}],"seed_played":"-8283163685000622847","potions_obtained":[{"floor":1,"key":"Explosive Potion"},{"floor":6,"key":"PowerPotion"},{"floor":11,"key":"FocusPotion"},{"floor":16,"key":"Weak Potion"}],"is_trial":false,"path_per_floor":["M","M","?","?","$","E","R","$","T","M","M","E","$","E","R","B",null,"M","?","$","M","$","E","R","?","T","E","R","E","M"],"character_chosen":"DEFECT","items_purchased":["PreservedInsect","Loop","Conserve Battery","Ball Lightning","Storm"],"campfire_rested":2,"item_purchase_floors":[5,5,5,13,20],"current_hp_per_floor":[64,64,64,64,64,64,64,64,64,64,57,57,57,49,49,17,58,53,53,53,34,34,18,39,39,39,21,42,7,0],"gold":250,"neow_bonus":"THREE_ENEMY_KILL","is_prod":false,"is_daily":false,"chose_seed":false,"campfire_upgraded":2,"win_rate":0,"timestamp":1556512898,"path_taken":["M","M","?","?","$","E","R","$","T","?","?","E","?","E","R","BOSS","M","?","?","?","$","E","R","?","T","E","R","E","M"],"build_version":"2019-01-23","purchased_purges":2,"victory":false,"max_hp_per_floor":[71,71,71,71,71,71,71,71,71,71,71,71,71,71,71,71,71,71,71,71,71,71,71,71,71,71,71,71,71,71],"card_choices":[{"not_picked":["Consume","Rebound"],"picked":"Cold Snap","floor":1},{"not_picked":["Auto Shields","Gash"],"picked":"Sunder","floor":2},{"not_picked":["Steam","Beam Cell"],"picked":"BootSequence","floor":6},{"not_picked":["Lockon","BootSequence","Beam Cell"],"picked":"SKIP","floor":10},{"not_picked":["Gash","Force Field"],"picked":"Undo","floor":11},{"not_picked":["Steam","Double Energy"],"picked":"Ball Lightning","floor":12},{"not_picked":["Tempest","Gash"],"picked":"Compile Driver","floor":14},{"not_picked":["Fission","Buffer"],"picked":"Creative AI","floor":16},{"not_picked":["Steam","Rebound+1"],"picked":"Coolheaded","floor":18},{"not_picked":["Turbo","Tempest","Barrage"],"picked":"SKIP","floor":21},{"not_picked":["Turbo","Melter"],"picked":"Defragment","floor":23},{"not_picked":["Coolheaded+1","Lockon+1"],"picked":"Glacier","floor":27},{"not_picked":["Stack","Scrape"],"picked":"Amplify","floor":29}],"player_experience":2069882,"relics_obtained":[{"floor":6,"key":"Turnip"},{"floor":9,"key":"Mercury Hourglass"},{"floor":12,"key":"Shuriken"},{"floor":14,"key":"Blood Vial"},{"floor":23,"key":"Ornamental Fan"},{"floor":27,"key":"MawBank"},{"floor":29,"key":"Kunai"}],"event_choices":[{"cards_removed":["Strike_B"],"damage_healed":0,"gold_gain":0,"player_choice":"Card Removal","damage_taken":0,"max_hp_gain":0,"max_hp_loss":0,"event_name":"The Cleric","floor":3,"gold_loss":75},{"damage_healed":0,"gold_gain":275,"player_choice":"Desecrate","damage_taken":0,"max_hp_gain":0,"max_hp_loss":0,"event_name":"Golden Shrine","floor":4,"gold_loss":0,"cards_obtained":["Regret"]},{"damage_healed":0,"gold_gain":0,"player_choice":"Got Potions","damage_taken":0,"max_hp_gain":0,"max_hp_loss":0,"event_name":"Lab","floor":19,"gold_loss":0},{"damage_healed":0,"gold_gain":50,"player_choice":"Stole From Cult","damage_taken":0,"max_hp_gain":0,"max_hp_loss":0,"event_name":"Nest","floor":25,"gold_loss":0}],"is_beta":false,"boss_relics":[{"not_picked":["Philosopher\u0027s Stone","Orrery"],"picked":"Sozu"}],"items_purged_floors":[5,20],"is_endless":false,"potions_floor_spawned":[1,6,11,16,27],"killed_by":"Snake Plant","ascension_level":20}