{"path_per_floor":["M","M","M","?","?","R","E","R","T","M","R","M","?","M","R","B",null,"M","?","M","M","$","R","M","?","T","R","M","R","?","M","R"],"character_chosen":"IRONCLAD","items_purchased":["Bag of Marbles","Fire Potion","Fire Potion"],"gold_per_floor":[117,130,150,150,150,150,179,179,179,196,196,213,213,228,228,323,323,343,343,358,375,47,47,66,66,92,92,108,108,108,125,125],"floor_reached":33,"campfire_rested":2,"playtime":989,"current_hp_per_floor":[40,44,39,39,90,90,58,58,72,72,103,104,104,91,91,76,104,83,83,80,49,49,80,76,55,55,55,48,48,48,47,47],"items_purged":["Defend_R"],"gold":125,"score":274,"play_id":"c750a1e6-e701-4edc-abd7-b426559e05f3","local_time":"20180311172003","is_prod":false,"is_daily":false,"is_ascension_mode":false,"campfire_upgraded":6,"timestamp":1520803203,"path_taken":["M","M","?","?","?","R","E","R","T","M","R","M","?","?","R","BOSS","M","?","?","M","$","R","?","?","T","R","M","R","?","M","R","BOSS"],"build_version":"2018-03-09","purchased_purges":1,"victory":false,"master_deck":["Strike_R","Strike_R","Strike_R","Defend_R","Defend_R","Defend_R","Bash+1","Dropkick+1","Uppercut+1","Clothesline+1","Whirlwind+1","Double Tap","Intimidate+1","Shockwave+1","Metallicize+1","Whirlwind+1","Inflame+1"],"max_hp_per_floor":[80,80,80,80,90,90,90,90,104,104,104,104,104,104,104,104,104,104,104,104,104,104,104,104,109,109,109,109,109,109,109,109],"relics":["Burning Blood","Art of War","Mango","Question Card","Bag of Marbles","Bronze Scales"],"card_choices":[{"not_picked":["Disarm","Heavy Blade"],"picked":"Dropkick"},{"not_picked":["Seeing Red","Cleave"],"picked":"Demon Form"},{"not_picked":["Ghostly Armor","Iron Wave"],"picked":"Uppercut"},{"not_picked":["Warcry","Clash"],"picked":"Clothesline"},{"not_picked":["Seeing Red","Entrench"],"picked":"Whirlwind"},{"not_picked":["Impervious","Immolate"],"picked":"Double Tap"},{"not_picked":["Armaments","Wild Strike","Rupture"],"picked":"Intimidate"},{"not_picked":["Shrug It Off","Cleave","Pommel Strike"],"picked":"Metallicize"},{"not_picked":["Twin Strike","Cleave","Flex"],"picked":"Whirlwind"},{"not_picked":["Warcry","Sentinel","Infernal Blade"],"picked":"Inflame"}],"player_experience":472953,"potions_floor_usage":[2,18,20,21,21,24,24],"damage_taken":[{"damage":6,"enemies":"Cultist","floor":1,"turns":3},{"damage":8,"enemies":"Small Slimes","floor":2,"turns":3},{"damage":11,"enemies":"Jaw Worm","floor":3,"turns":3},{"damage":38,"enemies":"3 Sentries","floor":7,"turns":8},{"damage":6,"enemies":"Exordium Thugs","floor":10,"turns":3},{"damage":0,"enemies":"Large Slime","floor":12,"turns":3},{"damage":19,"enemies":"Lots of Slimes","floor":14,"turns":6},{"damage":21,"enemies":"Slime Boss","floor":16,"turns":8},{"damage":27,"enemies":"2 Thieves","floor":18,"turns":4},{"damage":9,"enemies":"Spheric Guardian","floor":20,"turns":4},{"damage":37,"enemies":"Cultist and Chosen","floor":21,"turns":6},{"damage":10,"enemies":"Snake Plant","floor":24,"turns":2},{"damage":13,"enemies":"Centurion and Healer","floor":28,"turns":5},{"damage":7,"enemies":"Cultist and Chosen","floor":31,"turns":3},{"damage":62,"enemies":"Automaton","floor":33,"turns":6}],"event_choices":[{"event_name":"Living Wall","player_choice":"Grow","floor":4,"damage_taken":0},{"event_name":"Bonfire Elementals","player_choice":"RARE","floor":5,"damage_taken":0},{"event_name":"Accursed Blacksmith","player_choice":"Forge","floor":13,"damage_taken":0},{"event_name":"The Library","player_choice":"Read","floor":19,"damage_taken":0},{"event_name":"Forgotten Altar","player_choice":"Shed Blood","floor":25,"damage_taken":0},{"event_name":"Vampires","player_choice":"Ignored","floor":30,"damage_taken":0}],"boss_relics":[{"not_picked":["White Beast Statue","Lizard Tail"],"picked":"Question Card"}],"potions_floor_spawned":[1,3,7,14,20,24],"seed_played":"-2137493801290885599","killed_by":"Automaton","ascension_level":0,"is_trial":false}