{"gold_per_floor":[117,117,29,104,104,104,175,175,175,175,200,18,54,54,54,143,143,166,43,43,62,62,62,401,401,424,22,22,62,86,122,122,215,215,231,67,67,88,111,111,136,177,250,250,50,65,65,65,65,65,65,65,17,58,58],"floor_reached":55,"playtime":2248,"items_purged":["Strike_R","Strike_R","Strike_R"],"score":1455,"play_id":"a63c1920-b07b-44d0-9be2-46f3004c54b4","local_time":"20190415225040","is_ascension_mode":true,"campfire_choices":[{"data":"Shockwave","floor":6.0,"key":"SMITH"},{"data":"Inflame","floor":8.0,"key":"SMITH"},{"data":"Bash","floor":10.0,"key":"SMITH"},{"data":"Pommel Strike","floor":15.0,"key":"SMITH"},{"data":"Armaments","floor":23.0,"key":"SMITH"},{"floor":32,"key":"REST"},{"data":"Barricade","floor":40,"key":"SMITH"},{"data":"Flame Barrier","floor":44,"key":"SMITH"},{"floor":49,"key":"RECALL"},{"data":"Corruption","floor":52,"key":"SMITH"}],"neow_cost":"NONE","seed_source_timestamp":459544946746355,"circlet_count":0,"master_deck":["AscendersBane","Defend_R","Defend_R","Defend_R","Defend_R","Bash+1","Shockwave+1","Anger","Inflame+1","Spot Weakness","Pommel Strike+1","Impervious","Body Slam","Armaments+1","Impervious","Dropkick","Immolate","Shrug It Off","Shrug It Off+1","Barricade+1","Flame Barrier+1","Corruption+1","True Grit","Disarm","Finesse","Shrug It Off"],"special_seed":0,"relics":["Burning Blood","NeowsBlessing","Golden Idol","Tiny Chest","Pen Nib","PreservedInsect","Kunai","Potion Belt","Runic Pyramid","Happy Flower","Old Coin","Letter Opener","Vajra","Torii","Bottled Tornado","Bronze Scales","Coffee Dripper","Mercury Hourglass","Darkstone Periapt","Strange Spoon","StoneCalendar"],"potions_floor_usage":[31,31,54,55,55],"damage_taken":[{"damage":0.0,"enemies":"Jaw Worm","floor":1.0,"turns":1.0},{"damage":0.0,"enemies":"Gremlin Nob","floor":7.0,"turns":1.0},{"damage":0.0,"enemies":"Lagavulin","floor":13.0,"turns":1.0},{"damage":16.0,"enemies":"Slime Boss","floor":16.0,"turns":6.0},{"damage":17.0,"enemies":"2 Thieves","floor":18.0,"turns":5.0},{"damage":0.0,"enemies":"Chosen","floor":21.0,"turns":3.0},{"damage":25.0,"enemies":"Book of Stabbing","floor":24.0,"turns":5.0},{"damage":0,"enemies":"Slavers","floor":29,"turns":1},{"damage":18,"enemies":"Snake Plant","floor":30,"turns":3},{"damage":1,"enemies":"Gremlin Leader","floor":31,"turns":4},{"damage":42,"enemies":"Champ","floor":33,"turns":13},{"damage":0,"enemies":"3 Shapes","floor":35,"turns":2},{"damage":14,"enemies":"3 Darklings","floor":38,"turns":3},{"damage":0,"enemies":"Maw","floor":39,"turns":6},{"damage":4,"enemies":"Sphere and 2 Shapes","floor":41,"turns":3},{"damage":18,"enemies":"Reptomancer","floor":42,"turns":4},{"damage":0,"enemies":"3 Darklings","floor":46,"turns":2},{"damage":22,"enemies":"Donu and Deca","floor":50,"turns":9},{"damage":1,"enemies":"Shield and Spear","floor":54,"turns":4},{"damage":74,"enemies":"The Heart","floor":55,"turns":9}],"seed_played":"9104440393948915152","potions_obtained":[{"floor":13.0,"key":"FearPotion"},{"floor":16.0,"key":"Swift Potion"},{"floor":18.0,"key":"GamblersBrew"},{"floor":24.0,"key":"GamblersBrew"},{"floor":38,"key":"SpeedPotion"},{"floor":39,"key":"Weak Potion"},{"floor":42,"key":"FearPotion"}],"is_trial":false,"path_per_floor":["M","?","$","?","?","R","E","R","T","R","T","$","E","?","R","B",null,"M","$","?","M","T","R","E","T","T","$","?","E","M","E","R","B",null,"M","$","?","M","M","R","M","E","T","R","$","M","?","?","R","B",null,"R","$","E","B"],"character_chosen":"IRONCLAD","items_purchased":["Shockwave","Anger","PreservedInsect","Spot Weakness","Armaments","Torii","Corruption","Strange Spoon","Energy Potion"],"campfire_rested":1,"item_purchase_floors":[3,3,12,12,19,27,36,45,53],"current_hp_per_floor":[74,48,48,37,30,30,36,36,36,36,36,36,42,37,37,27,63,52,52,52,58,58,58,39,39,39,39,39,45,33,38,60,24,62,68,68,68,60,66,66,68,56,56,56,56,62,57,57,57,41,64,64,64,69,0],"gold":58,"neow_bonus":"THREE_ENEMY_KILL","is_prod":false,"is_daily":false,"chose_seed":false,"campfire_upgraded":8,"win_rate":0,"timestamp":1555383040,"path_taken":["M","?","$","?","?","R","E","R","T","R","?","?","E","?","R","BOSS","M","$","?","?","?","R","E","?","T","$","?","E","M","E","R","BOSS","M","$","?","M","M","R","M","E","T","R","?","M","?","?","R","BOSS","R","$","E","BOSS"],"build_version":"2019-04-04","purchased_purges":3,"victory":false,"max_hp_per_floor":[75,75,75,75,75,75,75,75,75,75,75,75,75,75,75,75,75,75,75,75,75,75,75,75,75,75,75,75,75,75,75,75,75,75,75,75,71,71,71,71,71,71,71,71,71,71,71,71,71,71,71,71,71,71,71],"card_choices":[{"not_picked":["Perfected Strike","Entrench","Dual Wield"],"picked":"SKIP","floor":1.0},{"not_picked":["Sword Boomerang","Whirlwind"],"picked":"Inflame","floor":7.0},{"not_picked":["Shockwave","Power Through"],"picked":"Pommel Strike","floor":13.0},{"not_picked":["Exhume","Double Tap"],"picked":"Impervious","floor":16.0},{"not_picked":["Clash","Pommel Strike"],"picked":"Body Slam","floor":18.0},{"not_picked":["Heavy Blade","Clothesline"],"picked":"Dropkick","floor":21.0},{"not_picked":["Wild Strike","Cleave"],"picked":"Immolate","floor":24.0},{"not_picked":["Flex","Havoc","Dark Embrace"],"picked":"SKIP","floor":29},{"not_picked":["Perfected Strike","Warcry"],"picked":"Shrug It Off","floor":30},{"not_picked":["Body Slam","Feel No Pain"],"picked":"Shrug It Off+1","floor":31},{"not_picked":["Bludgeon","Exhume"],"picked":"Barricade","floor":33},{"not_picked":["Wild Strike+1","Thunderclap"],"picked":"Flame Barrier","floor":35},{"not_picked":["Searing Blow","Pommel Strike"],"picked":"True Grit","floor":38},{"not_picked":["Body Slam","Reckless Charge","Clash"],"picked":"SKIP","floor":39},{"not_picked":["Havoc","Cleave","Searing Blow"],"picked":"SKIP","floor":41},{"not_picked":["Searing Blow","Armaments","Twin Strike"],"picked":"SKIP","floor":42},{"not_picked":["Wild Strike","Burning Pact"],"picked":"Disarm","floor":46},{"not_picked":["Forethought","Master of Strategy"],"picked":"Finesse","floor":47},{"not_picked":["Anger","Rupture+1"],"picked":"Shrug It Off","floor":54}],"player_experience":2413667,"relics_obtained":[{"floor":7.0,"key":"Tiny Chest"},{"floor":11.0,"key":"Pen Nib"},{"floor":13.0,"key":"Kunai"},{"floor":22.0,"key":"Happy Flower"},{"floor":24.0,"key":"Old Coin"},{"floor":25.0,"key":"Letter Opener"},{"floor":26.0,"key":"Vajra"},{"floor":29,"key":"Bottled Tornado"},{"floor":31,"key":"Bronze Scales"},{"floor":42,"key":"Mercury Hourglass"},{"floor":43,"key":"Darkstone Periapt"},{"floor":54,"key":"StoneCalendar"}],"event_choices":[{"damage_healed":0.0,"max_hp_gain":0.0,"max_hp_loss":0.0,"gold_gain":0.0,"event_name":"Golden Idol","player_choice":"Take Damage","floor":2.0,"gold_loss":0.0,"damage_taken":26.0,"relics_obtained":["Golden Idol"]},{"damage_healed":0.0,"max_hp_gain":0.0,"max_hp_loss":0.0,"gold_gain":75.0,"event_name":"World of Goop","player_choice":"Gather Gold","floor":4.0,"gold_loss":0.0,"damage_taken":11.0},{"cards_removed":["Strike_R"],"damage_healed":0.0,"max_hp_gain":0.0,"max_hp_loss":0.0,"gold_gain":0.0,"event_name":"Golden Wing","player_choice":"Card Removal","floor":5.0,"gold_loss":0.0,"damage_taken":7.0},{"damage_healed":0.0,"max_hp_gain":0.0,"max_hp_loss":0.0,"gold_gain":0.0,"event_name":"Scrap Ooze","player_choice":"Success","floor":14.0,"gold_loss":0.0,"damage_taken":5.0,"relics_obtained":["Potion Belt"]},{"damage_healed":0.0,"max_hp_gain":0.0,"max_hp_loss":0.0,"gold_gain":0.0,"event_name":"Duplicator","player_choice":"Copied","floor":20.0,"gold_loss":0.0,"damage_taken":0.0,"cards_obtained":["Impervious"]},{"damage_healed":0.0,"max_hp_gain":0.0,"max_hp_loss":0.0,"gold_gain":0.0,"event_name":"Beggar","player_choice":"Ignored","floor":28.0,"gold_loss":0.0,"damage_taken":0.0},{"damage_healed":0,"gold_gain":0,"player_choice":"Max HP","damage_taken":0,"max_hp_gain":0,"max_hp_loss":4,"event_name":"Winding Halls","floor":37,"gold_loss":0},{"damage_healed":0,"gold_gain":0,"player_choice":"Memory 2","damage_taken":5,"max_hp_gain":0,"max_hp_loss":0,"event_name":"SensoryStone","floor":47,"gold_loss":0},{"cards_removed":["Strike_R"],"damage_healed":0,"gold_gain":0,"player_choice":"Purged","damage_taken":0,"max_hp_gain":0,"max_hp_loss":0,"event_name":"Purifier","floor":48,"gold_loss":0}],"is_beta":true,"boss_relics":[{"not_picked":["Orrery","Ectoplasm"],"picked":"Runic Pyramid"},{"not_picked":["Tiny House","Black Blood"],"picked":"Coffee Dripper"}],"items_purged_floors":[19,27,36],"is_endless":false,"potions_floor_spawned":[13,16,18,24,38,39,42,46],"killed_by":"The Heart","ascension_level":15}