{"gold_per_floor":[112,112,132,132,6,37,37,53,134,164,164,89,105,121,121,194,194,205,215,229,229],"floor_reached":21,"playtime":683,"items_purged":["Defend_R"],"score":410,"play_id":"adf9eaf7-7662-4d1b-aa9f-0fbe0987ba90","local_time":"20190313224700","is_ascension_mode":true,"campfire_choices":[{"data":"Armaments","floor":7,"key":"SMITH"},{"data":"Fire Breathing","floor":11,"key":"SMITH"},{"data":"Fire Breathing","floor":15,"key":"SMITH"}],"neow_cost":"NONE","seed_source_timestamp":41651289490860,"circlet_count":0,"master_deck":["AscendersBane","Strike_R","Strike_R","Strike_R","Strike_R","Defend_R","Defend_R","Defend_R","Bash","Cleave","Fire Breathing+1","Fire Breathing+1","Armaments+1","Feel No Pain","Bludgeon","Double Tap","Combust+1","Wild Strike+1"],"relics":["Burning Blood","NeowsBlessing","Torii","Lantern","Mercury Hourglass","Bird Faced Urn","Mark of Pain"],"potions_floor_usage":[10,16,16,20],"damage_taken":[{"damage":0,"enemies":"Cultist","floor":1,"turns":1},{"damage":0,"enemies":"2 Louse","floor":3,"turns":1},{"damage":0,"enemies":"Gremlin Nob","floor":6,"turns":1},{"damage":3,"enemies":"Jaw Worm","floor":8,"turns":4},{"damage":13,"enemies":"3 Sentries","floor":10,"turns":6},{"damage":0,"enemies":"Gremlin Gang","floor":13,"turns":2},{"damage":14,"enemies":"Red Slaver","floor":14,"turns":2},{"damage":12,"enemies":"Slime Boss","floor":16,"turns":7},{"damage":7,"enemies":"Chosen","floor":18,"turns":3},{"damage":30,"enemies":"Shell Parasite","floor":19,"turns":4},{"damage":9,"enemies":"3 Cultists","floor":20,"turns":3},{"damage":66,"enemies":"Shelled Parasite and Fungi","floor":21,"turns":4}],"seed_played":"5337658976843966218","potions_obtained":[{"floor":6,"key":"FearPotion"},{"floor":8,"key":"Strength Potion"},{"floor":10,"key":"Energy Potion"},{"floor":16,"key":"SteroidPotion"},{"floor":19,"key":"AttackPotion"}],"is_trial":false,"path_per_floor":["M","T","M","?","$","E","R","M","T","E","R","$","M","M","R","B",null,"M","M","M","M"],"character_chosen":"IRONCLAD","items_purchased":["Fire Breathing","Armaments"],"campfire_rested":0,"item_purchase_floors":[5,5],"current_hp_per_floor":[74,74,75,68,68,74,74,75,75,68,68,68,74,67,67,67,73,74,53,58,0],"gold":229,"neow_bonus":"THREE_ENEMY_KILL","is_prod":false,"is_daily":false,"chose_seed":false,"campfire_upgraded":3,"win_rate":0,"timestamp":1552531620,"path_taken":["M","?","?","?","?","E","R","?","T","E","R","$","M","M","R","BOSS","M","M","M","M"],"build_version":"2019-01-23","purchased_purges":1,"victory":false,"max_hp_per_floor":[75,75,75,75,75,75,75,75,75,75,75,75,75,75,75,75,75,75,75,75,75],"card_choices":[{"not_picked":["Shrug It Off","Headbutt"],"picked":"Cleave","floor":1},{"not_picked":["Heavy Blade","Shrug It Off"],"picked":"Fire Breathing","floor":3},{"not_picked":["Iron Wave","Cleave","Clash"],"picked":"SKIP","floor":6},{"not_picked":["Pommel Strike","Exhume"],"picked":"Feel No Pain","floor":8},{"not_picked":["Twin Strike","Clothesline"],"picked":"Bludgeon","floor":10},{"not_picked":["Dropkick","Twin Strike","Havoc"],"picked":"SKIP","floor":13},{"not_picked":["Power Through","Shrug It Off","Entrench"],"picked":"SKIP","floor":14},{"not_picked":["Fiend Fire","Bludgeon"],"picked":"Double Tap","floor":16},{"not_picked":["Anger","Perfected Strike","Shrug It Off"],"picked":"SKIP","floor":18},{"not_picked":["Combust+1","Seeing Red","Body Slam"],"picked":"SKIP","floor":19},{"not_picked":["Seeing Red","Body Slam"],"picked":"Combust+1","floor":19},{"not_picked":["Pommel Strike","Metallicize"],"picked":"Wild Strike+1","floor":20}],"player_experience":1101846,"relics_obtained":[{"floor":2,"key":"Torii"},{"floor":6,"key":"Lantern"},{"floor":9,"key":"Mercury Hourglass"},{"floor":10,"key":"Bird Faced Urn"}],"event_choices":[{"cards_removed":["Strike_R"],"damage_healed":0,"gold_gain":0,"player_choice":"Card Removal","damage_taken":7,"max_hp_gain":0,"max_hp_loss":0,"event_name":"Golden Wing","floor":4,"gold_loss":0}],"is_beta":false,"boss_relics":[{"not_picked":["Pandora\u0027s Box","Calling Bell"],"picked":"Mark of Pain"}],"items_purged_floors":[12],"is_endless":false,"potions_floor_spawned":[6,8,10,16,19],"killed_by":"Shelled Parasite and Fungi","ascension_level":18}