{"gold_per_floor":[116,116,173,0,11,11,21,21,21,41,41,41,56,76,76,152,152,170,3,3,3,3,35,35,61,85,103,53,53,83,100,100,174,174,192,211,211,228,228,228,1,1,70,100,200,200,215,215,215,215,215,215,215,25,25],"floor_reached":55,"playtime":4116,"items_purged":["Writhe","Writhe"],"score":1857,"play_id":"ef5f431f-74f1-4719-a49c-40909331222f","local_time":"20190410015446","is_ascension_mode":true,"campfire_choices":[{"data":"Zap","floor":6,"key":"SMITH"},{"data":"Consume","floor":8,"key":"SMITH"},{"data":"Doom and Gloom","floor":11,"key":"SMITH"},{"data":"Static Discharge","floor":15,"key":"SMITH"},{"data":"Buffer","floor":24,"key":"SMITH"},{"data":"Seek","floor":29,"key":"SMITH"},{"floor":32,"key":"REST"},{"data":"Barrage","floor":40,"key":"SMITH"},{"data":"Loop","floor":42,"key":"SMITH"},{"floor":46,"key":"RECALL"},{"floor":49,"key":"REST"},{"data":"Biased Cognition","floor":53,"key":"SMITH"}],"neow_cost":"NONE","seed_source_timestamp":15529423965736,"circlet_count":0,"master_deck":["AscendersBane","Defend_B+1","Defend_B+1","Defend_B","Defend_B","Zap+1","Dualcast","Doom and Gloom+1","Glacier+1","Consume+1","Seek+1","Coolheaded","Static Discharge+1","Buffer+1","Bite","Bite","Bite","Bite","Bite","Ball Lightning+1","Echo Form","Cold Snap","Core Surge","Multi-Cast","Good Instincts","Barrage+1","Loop+1","Skim","Blizzard+1","Chill","Biased Cognition+1","Barrage+1"],"relics":["Cracked Core","Oddly Smooth Stone","Bag of Preparation","Velvet Choker","DataDisk","Question Card","Orichalcum","War Paint","Smiling Mask","Anchor","Inserter","Molten Egg 2","Emotion Chip","FossilizedHelix","Strawberry"],"potions_floor_usage":[14,23,25,31,33,33,38,44,45,50],"damage_taken":[{"damage":0,"enemies":"2 Louse","floor":1,"turns":3},{"damage":0,"enemies":"Small Slimes","floor":5,"turns":2},{"damage":0,"enemies":"Jaw Worm","floor":7,"turns":3},{"damage":0,"enemies":"2 Fungi Beasts","floor":10,"turns":3},{"damage":7,"enemies":"Large Slime","floor":13,"turns":5},{"damage":0,"enemies":"Exordium Wildlife","floor":14,"turns":6},{"damage":32,"enemies":"The Guardian","floor":16,"turns":10},{"damage":3,"enemies":"3 Byrds","floor":18,"turns":2},{"damage":13,"enemies":"Book of Stabbing","floor":23,"turns":4},{"damage":24,"enemies":"Slavers","floor":25,"turns":5},{"damage":15,"enemies":"Shell Parasite","floor":27,"turns":10},{"damage":23,"enemies":"Book of Stabbing","floor":30,"turns":5},{"damage":0,"enemies":"Cultist and Chosen","floor":31,"turns":4},{"damage":56,"enemies":"Champ","floor":33,"turns":18},{"damage":11,"enemies":"Orb Walker","floor":35,"turns":4},{"damage":10,"enemies":"3 Shapes","floor":36,"turns":11},{"damage":8,"enemies":"Jaw Worm Horde","floor":38,"turns":4},{"damage":20,"enemies":"Nemesis","floor":44,"turns":13},{"damage":10,"enemies":"Mind Bloom Boss Battle","floor":45,"turns":6},{"damage":18,"enemies":"3 Darklings","floor":47,"turns":5},{"damage":18,"enemies":"Time Eater","floor":50,"turns":12},{"damage":12,"enemies":"Awakened One","floor":51,"turns":13},{"damage":75,"enemies":"Shield and Spear","floor":55,"turns":8}],"seed_played":"6387351409548577374","potions_obtained":[{"floor":5,"key":"Regen Potion"},{"floor":10,"key":"SmokeBomb"},{"floor":13,"key":"Energy Potion"},{"floor":14,"key":"Weak Potion"},{"floor":18,"key":"Strength Potion"},{"floor":27,"key":"SteroidPotion"},{"floor":30,"key":"Explosive Potion"},{"floor":31,"key":"Weak Potion"},{"floor":35,"key":"Weak Potion"},{"floor":44,"key":"Weak Potion"},{"floor":47,"key":"AttackPotion"}],"is_trial":false,"path_per_floor":["M","?","?","$","M","R","M","R","T","M","R","?","M","M","R","B",null,"M","$","?","?","?","E","R","E","T","M","$","R","E","M","R","B",null,"M","M","?","M","?","R","$","R","T","E","?","R","M","?","R","B","B",null,"R","$","E"],"character_chosen":"DEFECT","items_purchased":["Oddly Smooth Stone","DataDisk","Loop","Skim","Swift Potion","Barrage+1","Strawberry"],"campfire_rested":2,"item_purchase_floors":[4,19,41,41,41,54,54],"current_hp_per_floor":[71,48,48,48,48,48,48,48,48,48,48,48,41,56,56,24,65,62,62,62,62,54,45,45,25,25,42,42,42,21,27,43,3,41,38,38,38,38,49,49,49,49,49,54,54,54,44,44,54,54,54,54,54,61,0],"gold":25,"neow_bonus":"TEN_PERCENT_HP_BONUS","is_prod":false,"is_daily":false,"chose_seed":false,"campfire_upgraded":9,"win_rate":0,"timestamp":1554875686,"path_taken":["M","?","?","$","M","R","M","R","T","M","R","?","M","M","R","BOSS","M","$","?","?","?","E","R","E","T","?","?","R","E","M","R","BOSS","M","M","?","M","?","R","$","R","T","E","?","R","M","?","R","BOSS","BOSS","R","$","E"],"build_version":"2019-01-23","purchased_purges":2,"victory":false,"max_hp_per_floor":[78,78,78,78,78,78,78,78,78,78,78,78,78,78,78,78,78,78,78,78,78,54,54,54,54,54,54,54,54,54,54,54,54,54,54,54,54,54,54,54,54,54,54,54,54,54,54,54,54,54,54,54,54,61,61],"card_choices":[{"not_picked":["Leap","Turbo"],"picked":"Doom and Gloom","floor":1},{"not_picked":["Self Repair","Redo"],"picked":"Glacier","floor":5},{"not_picked":["Redo","Self Repair"],"picked":"Consume","floor":7},{"not_picked":["Scrape","Streamline"],"picked":"Seek","floor":10},{"not_picked":["Chaos","Steam"],"picked":"Coolheaded","floor":13},{"not_picked":["Leap","Reprogram"],"picked":"Static Discharge","floor":14},{"not_picked":["Multi-Cast","Rainbow"],"picked":"Buffer","floor":16},{"not_picked":["Double Energy","Turbo","Storm"],"picked":"SKIP","floor":18},{"not_picked":["White Noise+1","Skim","Coolheaded"],"picked":"Ball Lightning+1","floor":23},{"not_picked":["Conserve Battery+1","Rebound","Doom and Gloom"],"picked":"Echo Form","floor":25},{"not_picked":["Go for the Eyes","Coolheaded","Cold Snap","Doom and Gloom"],"picked":"SKIP","floor":27},{"not_picked":["Go for the Eyes","Coolheaded","Doom and Gloom"],"picked":"Cold Snap","floor":27},{"not_picked":["Rip and Tear","FTL","Doom and Gloom"],"picked":"Core Surge","floor":30},{"not_picked":["Heatsinks","Melter","Hologram","Fusion"],"picked":"SKIP","floor":31},{"not_picked":["Echo Form","All For One","Fission"],"picked":"Multi-Cast","floor":33},{"not_picked":["Stack","Beam Cell","Sweeping Beam","Ball Lightning+1"],"picked":"SKIP","floor":35},{"not_picked":["Consume","Blizzard","Storm","Barrage"],"picked":"SKIP","floor":36},{"not_picked":["Flash of Steel","Deep Breath","Transmutation"],"picked":"Good Instincts","floor":37},{"not_picked":["Conserve Battery","Rebound","Fusion"],"picked":"Barrage","floor":38},{"not_picked":["Conserve Battery","Hologram","Seek"],"picked":"Blizzard+1","floor":44},{"not_picked":["Sweeping Beam+1","Barrage+1","Steam Power"],"picked":"Chill","floor":47}],"player_experience":1771298,"relics_obtained":[{"floor":23,"key":"Orichalcum"},{"floor":25,"key":"War Paint"},{"floor":26,"key":"Smiling Mask"},{"floor":30,"key":"Anchor"},{"floor":43,"key":"Molten Egg 2"},{"floor":44,"key":"Emotion Chip"},{"floor":45,"key":"FossilizedHelix"}],"event_choices":[{"damage_healed":0,"gold_gain":0,"player_choice":"Entered Light","damage_taken":23,"max_hp_gain":0,"max_hp_loss":0,"event_name":"Shining Light","floor":2,"gold_loss":0,"cards_upgraded":["Strike_B","Defend_B"]},{"damage_healed":0,"gold_gain":57,"player_choice":"Gained Gold","damage_taken":0,"max_hp_gain":0,"max_hp_loss":0,"event_name":"Golden Wing","floor":3,"gold_loss":0},{"damage_healed":0,"gold_gain":0,"player_choice":"Searched \u00271\u0027 times","damage_taken":0,"relics_obtained":["Bag of Preparation"],"max_hp_gain":0,"max_hp_loss":0,"event_name":"Dead Adventurer","floor":12,"gold_loss":0},{"damage_healed":0,"gold_gain":0,"player_choice":"Ignored","damage_taken":0,"max_hp_gain":0,"max_hp_loss":0,"event_name":"Beggar","floor":20,"gold_loss":0},{"damage_healed":0,"gold_gain":0,"player_choice":"Opened","damage_taken":0,"relics_obtained":["Question Card"],"max_hp_gain":0,"max_hp_loss":0,"event_name":"The Mausoleum","floor":21,"gold_loss":0,"cards_obtained":["Writhe"]},{"damage_healed":0,"gold_gain":0,"player_choice":"Became a vampire","damage_taken":0,"max_hp_gain":0,"max_hp_loss":24,"event_name":"Vampires","floor":22,"gold_loss":0,"cards_obtained":["Bite","Bite","Bite","Bite","Bite"]},{"damage_healed":0,"gold_gain":0,"player_choice":"Memory 1","damage_taken":0,"max_hp_gain":0,"max_hp_loss":0,"event_name":"SensoryStone","floor":37,"gold_loss":0},{"damage_healed":11,"gold_gain":0,"player_choice":"Writhe","damage_taken":0,"max_hp_gain":0,"max_hp_loss":0,"event_name":"Winding Halls","floor":39,"gold_loss":0,"cards_obtained":["Writhe"]},{"damage_healed":0,"gold_gain":0,"player_choice":"Fight","damage_taken":0,"max_hp_gain":0,"max_hp_loss":0,"event_name":"MindBloom","floor":45,"gold_loss":0},{"damage_healed":0,"gold_gain":0,"player_choice":"1 cards matched","damage_taken":0,"max_hp_gain":0,"max_hp_loss":0,"event_name":"Match and Keep!","floor":48,"gold_loss":0,"cards_obtained":["Biased Cognition"]}],"is_beta":false,"boss_relics":[{"not_picked":["Tiny House","Runic Dome"],"picked":"Velvet Choker"},{"not_picked":["Empty Cage","Runic Pyramid"],"picked":"Inserter"}],"items_purged_floors":[28,41],"is_endless":false,"potions_floor_spawned":[5,10,13,14,18,27,30,31,35,44,47],"killed_by":"Shield and Spear","ascension_level":20}