{"gold_per_floor":[119,134,154,65,65,100,116,149,149,180,190,205,205,237,237,316,316,316,316,276,276,276,276,276,276,276,276,201,201,201,201,201,201,201,201,201,201,201,201,201,201,201,201,201,201,15,15,15,15,15,15,15,15,15,15,15],"floor_reached":56,"playtime":3416,"items_purged":["Strike_B","Strike_B"],"score":2236,"play_id":"dd49a44d-e609-421d-934e-414656f3b9dd","local_time":"20190507122230","is_ascension_mode":true,"campfire_choices":[{"data":"Barrage","floor":13.0,"key":"SMITH"},{"data":"Loop","floor":15.0,"key":"SMITH"},{"data":"Sweeping Beam","floor":24.0,"key":"SMITH"},{"data":"Hologram","floor":27.0,"key":"SMITH"},{"data":"Biased Cognition","floor":30.0,"key":"SMITH"},{"floor":32.0,"key":"RECALL"},{"data":"Machine Learning","floor":40.0,"key":"SMITH"},{"data":"Doom and Gloom","floor":44,"key":"SMITH"},{"data":"Thunder Strike","floor":47,"key":"SMITH"},{"data":"Chill","floor":49,"key":"SMITH"},{"floor":53,"key":"REST"}],"neow_cost":"NONE","seed_source_timestamp":1272919478253350,"circlet_count":0,"master_deck":["AscendersBane","Strike_B","Defend_B","Defend_B","Defend_B","Defend_B","Zap","Dualcast","Cold Snap","Chill+1","Cold Snap","Loop+1","Doom and Gloom+1","Self Repair","Ball Lightning","Genetic Algorithm","Barrage+1","Hologram+1","Biased Cognition+1","Streamline+1","Sweeping Beam+1","Compile Driver","Compile Driver","Reinforced Body+1","Shame","Machine Learning+1","Parasite","Parasite","Writhe","Capacitor+1","Writhe","Barrage+1","Compile Driver+1","Thunder Strike+1","Stack+1","Amplify"],"special_seed":0,"relics":["Cracked Core","NeowsBlessing","PreservedInsect","Lantern","Darkstone Periapt","FossilizedHelix","Centennial Puzzle","Ectoplasm","Vajra","Bird Faced Urn","Dead Branch","Oddly Smooth Stone","Calling Bell","Bag of Marbles","Blue Candle","Du-Vu Doll","Mummified Hand","The Courier","DataDisk"],"potions_floor_usage":[50,51],"damage_taken":[{"damage":0.0,"enemies":"Cultist","floor":1.0,"turns":1.0},{"damage":0.0,"enemies":"2 Louse","floor":2.0,"turns":1.0},{"damage":0.0,"enemies":"Small Slimes","floor":3.0,"turns":1.0},{"damage":24.0,"enemies":"Gremlin Nob","floor":6.0,"turns":6.0},{"damage":3.0,"enemies":"2 Fungi Beasts","floor":7.0,"turns":3.0},{"damage":6.0,"enemies":"3 Sentries","floor":8.0,"turns":6.0},{"damage":0.0,"enemies":"Gremlin Nob","floor":10.0,"turns":2.0},{"damage":2.0,"enemies":"Lots of Slimes","floor":11.0,"turns":3.0},{"damage":0.0,"enemies":"Large Slime","floor":12.0,"turns":4.0},{"damage":0.0,"enemies":"Lagavulin","floor":14.0,"turns":5.0},{"damage":14.0,"enemies":"Hexaghost","floor":16.0,"turns":9.0},{"damage":0.0,"enemies":"3 Byrds","floor":18.0,"turns":4.0},{"damage":0.0,"enemies":"Spheric Guardian","floor":21.0,"turns":3.0},{"damage":3.0,"enemies":"Book of Stabbing","floor":23.0,"turns":3.0},{"damage":0.0,"enemies":"Gremlin Leader","floor":25.0,"turns":5.0},{"damage":0.0,"enemies":"Centurion and Healer","floor":29.0,"turns":8.0},{"damage":76.0,"enemies":"Collector","floor":33.0,"turns":12.0},{"damage":0.0,"enemies":"Orb Walker","floor":35.0,"turns":3.0},{"damage":2.0,"enemies":"3 Shapes","floor":37.0,"turns":8.0},{"damage":17.0,"enemies":"Jaw Worm Horde","floor":39.0,"turns":4.0},{"damage":17.0,"enemies":"Spire Growth","floor":41.0,"turns":3.0},{"damage":1,"enemies":"Reptomancer","floor":45,"turns":3},{"damage":1,"enemies":"Sphere and 2 Shapes","floor":48,"turns":4},{"damage":54,"enemies":"Time Eater","floor":50,"turns":9},{"damage":29,"enemies":"Donu and Deca","floor":51,"turns":7},{"damage":66,"enemies":"Shield and Spear","floor":55,"turns":6},{"damage":115,"enemies":"The Heart","floor":56,"turns":3}],"seed_played":"7634663923288509548","potions_obtained":[{"floor":2.0,"key":"GamblersBrew"},{"floor":3.0,"key":"Block Potion"},{"floor":7.0,"key":"Fire Potion"},{"floor":8.0,"key":"SpeedPotion"},{"floor":10.0,"key":"GamblersBrew"},{"floor":20.0,"key":"FearPotion"},{"floor":20.0,"key":"Dexterity Potion"},{"floor":37.0,"key":"EssenceOfSteel"}],"is_trial":false,"path_per_floor":["M","M","M","$","?","E","M","E","T","E","M","M","R","E","R","B",null,"M","?","?","M","?","E","R","E","T","R","$","M","R","?","R","B",null,"M","?","M","?","M","R","M","T","T","R","E","$","R","M","R","B","B",null,"R","$","E","B"],"character_chosen":"DEFECT","items_purchased":["Loop","AttackPotion","Thunder Strike"],"campfire_rested":1,"item_purchase_floors":[4,46,46],"current_hp_per_floor":[64,64,64,64,64,40,37,38,38,45,43,50,50,57,57,50,66,71,71,71,71,71,68,68,71,71,71,71,71,71,77,77,14,79,79,79,95,101,101,101,85,85,85,85,99,99,99,101,101,62,50,88,101,101,50,0],"gold":15,"neow_bonus":"THREE_ENEMY_KILL","is_prod":false,"is_daily":false,"chose_seed":false,"campfire_upgraded":9,"win_rate":0,"timestamp":1557246150,"path_taken":["M","M","?","$","?","E","M","E","T","E","?","M","R","E","R","BOSS","M","?","?","?","?","E","R","E","T","R","$","M","R","?","R","BOSS","M","?","?","?","M","R","M","?","T","R","E","$","R","M","R","BOSS","BOSS","R","$","E","BOSS"],"build_version":"2019-01-23","purchased_purges":2,"victory":false,"max_hp_per_floor":[71,71,71,71,71,71,71,71,71,71,71,71,71,71,71,71,71,71,71,71,71,71,71,71,71,71,71,71,71,71,77,77,77,95,95,95,95,101,101,101,101,101,101,101,101,101,101,101,101,101,101,101,101,101,101,101],"card_choices":[{"not_picked":["Rebound","BootSequence"],"picked":"Cold Snap","floor":1.0},{"not_picked":["BootSequence","Scrape"],"picked":"Chill","floor":2.0},{"not_picked":["Hologram","Scrape"],"picked":"Cold Snap","floor":3.0},{"not_picked":["Streamline","Rip and Tear"],"picked":"Doom and Gloom","floor":6.0},{"not_picked":["Redo","Capacitor"],"picked":"Self Repair","floor":7.0},{"not_picked":["Rebound","Leap"],"picked":"Ball Lightning","floor":8.0},{"not_picked":["Go for the Eyes","Barrage"],"picked":"Genetic Algorithm","floor":10.0},{"not_picked":["Beam Cell","Stack","Thunder Strike"],"picked":"SKIP","floor":11.0},{"not_picked":["Beam Cell","Heatsinks"],"picked":"Barrage","floor":12.0},{"not_picked":["Self Repair","Rebound"],"picked":"Hologram","floor":14.0},{"not_picked":["Core Surge","Electrodynamics"],"picked":"Biased Cognition","floor":16.0},{"not_picked":["Darkness","Beam Cell","Turbo"],"picked":"SKIP","floor":18.0},{"not_picked":["Chaos","Scrape"],"picked":"Streamline+1","floor":21.0},{"not_picked":["Gash","Loop"],"picked":"Compile Driver","floor":23.0},{"not_picked":["Darkness","Gash"],"picked":"Compile Driver","floor":25.0},{"not_picked":["Double Energy","Undo+1"],"picked":"Reinforced Body+1","floor":29.0},{"not_picked":["Hyperbeam","Amplify"],"picked":"Machine Learning","floor":33.0},{"not_picked":["Steam+1","Conserve Battery"],"picked":"Capacitor","floor":35.0},{"not_picked":["BootSequence","Barrage","Leap"],"picked":"SKIP","floor":37.0},{"not_picked":["Steam Power","Stack","Biased Cognition"],"picked":"SKIP","floor":39.0},{"not_picked":["Chill+1","FTL"],"picked":"Barrage+1","floor":41.0},{"not_picked":["Sweeping Beam","Streamline+1"],"picked":"Compile Driver+1","floor":45},{"not_picked":["Barrage+1","Ball Lightning"],"picked":"Stack+1","floor":48},{"not_picked":["Lockon+1","Heatsinks"],"picked":"Amplify","floor":55}],"player_experience":2445657,"relics_obtained":[{"floor":6.0,"key":"PreservedInsect"},{"floor":8.0,"key":"Lantern"},{"floor":9.0,"key":"Darkstone Periapt"},{"floor":10.0,"key":"FossilizedHelix"},{"floor":14.0,"key":"Centennial Puzzle"},{"floor":23.0,"key":"Vajra"},{"floor":25.0,"key":"Bird Faced Urn"},{"floor":26.0,"key":"Dead Branch"},{"floor":34.0,"key":"Bag of Marbles"},{"floor":34.0,"key":"Blue Candle"},{"floor":34.0,"key":"Du-Vu Doll"},{"floor":42,"key":"Mummified Hand"},{"floor":45,"key":"The Courier"},{"floor":55,"key":"DataDisk"}],"event_choices":[{"cards_removed":["Strike_B"],"damage_healed":0.0,"max_hp_gain":0.0,"max_hp_loss":0.0,"gold_gain":0.0,"event_name":"Bonfire Elementals","player_choice":"Offered Basic","floor":5.0,"gold_loss":0.0,"damage_taken":0.0},{"damage_healed":0.0,"max_hp_gain":0.0,"max_hp_loss":0.0,"gold_gain":0.0,"event_name":"Vampires","player_choice":"Ignored","floor":19.0,"gold_loss":0.0,"damage_taken":0.0},{"damage_healed":0.0,"max_hp_gain":0.0,"max_hp_loss":0.0,"gold_gain":0.0,"event_name":"The Woman in Blue","player_choice":"Bought 3 Potions","floor":20.0,"gold_loss":0.0,"damage_taken":0.0},{"damage_healed":0.0,"max_hp_gain":0.0,"max_hp_loss":0.0,"gold_gain":0.0,"event_name":"The Library","player_choice":"Read","floor":22.0,"gold_loss":0.0,"damage_taken":0.0,"cards_obtained":["Sweeping Beam"]},{"damage_healed":0.0,"max_hp_gain":0.0,"max_hp_loss":0.0,"gold_gain":0.0,"event_name":"Addict","player_choice":"Stole Relic","floor":31.0,"gold_loss":0.0,"damage_taken":0.0,"relics_obtained":["Oddly Smooth Stone"],"cards_obtained":["Shame"]},{"damage_healed":0.0,"max_hp_gain":0.0,"max_hp_loss":0.0,"gold_gain":0.0,"event_name":"Upgrade Shrine","player_choice":"Upgraded","floor":36.0,"gold_loss":0.0,"damage_taken":0.0,"cards_upgraded":["Capacitor"]},{"damage_healed":19.0,"max_hp_gain":0.0,"max_hp_loss":0.0,"gold_gain":0.0,"event_name":"Winding Halls","player_choice":"Writhe","floor":38.0,"gold_loss":0.0,"damage_taken":0.0,"cards_obtained":["Writhe"]}],"is_beta":false,"boss_relics":[{"not_picked":["Lizard Tail","White Beast Statue"],"picked":"Ectoplasm"},{"not_picked":["Orrery","Runic Dome"],"picked":"Calling Bell"}],"items_purged_floors":[28,46],"is_endless":false,"potions_floor_spawned":[2,3,7,8,10,21,37,48],"killed_by":"The Heart","ascension_level":20}