{"gold_per_floor":[119,132,132,144,162,191,191,209,209,242,259,147,208,227,227,304,304,322,342,342,342,357,373,373,386,386,386,418,518,518,550,550,626,676,690,703,703,803,857,888,888,939,964,576,601,208,208,241,241,241,241,241,83,109,109],"floor_reached":55,"playtime":2560,"items_purged":["Strike_B","Dualcast"],"score":1454,"play_id":"28d1ec8a-1242-4899-bb18-c7c8bfac3cec","local_time":"20190318192453","is_ascension_mode":true,"campfire_choices":[{"data":"Zap","floor":7,"key":"SMITH"},{"data":"Coolheaded","floor":15,"key":"SMITH"},{"floor":24,"key":"REST"},{"floor":27,"key":"RECALL"},{"floor":30,"key":"REST"},{"floor":32,"key":"REST"},{"floor":41,"key":"REST"},{"floor":47,"key":"REST"},{"floor":49,"key":"REST"},{"floor":52,"key":"REST"}],"neow_cost":"NONE","seed_source_timestamp":459654345182472,"circlet_count":0,"master_deck":["AscendersBane","Strike_B+1","Strike_B+1","Strike_B+1","Defend_B+1","Defend_B+1","Defend_B+1","Defend_B+1","Zap+1","Sunder+1","Sweeping Beam","Reboot","Reinforced Body","Ball Lightning","Echo Form","Coolheaded+1","Chill+1","FTL","BootSequence","Biased Cognition","Coolheaded+1","Necronomicurse","Self Repair","Biased Cognition","Electrodynamics","Capacitor"],"relics":["Black Star","Bag of Preparation","Ornamental Fan","Shuriken","Pantograph","Blood Vial","Tiny Chest","Vajra","Fusion Hammer","Necronomicon","Bottled Flame","WingedGreaves","Unceasing Top","Turnip","Matryoshka","Boot","Strawberry","Tiny House","Ginger","Nunchaku","Ancient Tea Set","Question Card","Omamori","Letter Opener","Pen Nib","ClockworkSouvenir","Gambling Chip","The Courier","PreservedInsect","Lantern","Sling","Anchor","Calipers","Toolbox","DataDisk","Bottled Lightning"],"potions_floor_usage":[5,10,13,16,40,55,55],"damage_taken":[{"damage":2,"enemies":"Jaw Worm","floor":1,"turns":4},{"damage":0,"enemies":"Cultist","floor":2,"turns":3},{"damage":6,"enemies":"2 Louse","floor":4,"turns":2},{"damage":8,"enemies":"Large Slime","floor":5,"turns":4},{"damage":10,"enemies":"3 Sentries","floor":6,"turns":6},{"damage":16,"enemies":"3 Louse","floor":8,"turns":3},{"damage":4,"enemies":"Lagavulin","floor":10,"turns":5},{"damage":1,"enemies":"2 Fungi Beasts","floor":11,"turns":3},{"damage":5,"enemies":"Gremlin Nob","floor":13,"turns":3},{"damage":0,"enemies":"Looter","floor":14,"turns":3},{"damage":28,"enemies":"Hexaghost","floor":16,"turns":7},{"damage":0,"enemies":"Spheric Guardian","floor":18,"turns":3},{"damage":0,"enemies":"3 Byrds","floor":19,"turns":4},{"damage":0,"enemies":"Cultist and Chosen","floor":22,"turns":4},{"damage":5,"enemies":"Centurion and Healer","floor":23,"turns":5},{"damage":0,"enemies":"3 Cultists","floor":25,"turns":4},{"damage":1,"enemies":"Book of Stabbing","floor":28,"turns":4},{"damage":0,"enemies":"Colosseum Slavers","floor":29,"turns":3},{"damage":0,"enemies":"Colosseum Nobs","floor":29,"turns":4},{"damage":0,"enemies":"Gremlin Leader","floor":31,"turns":6},{"damage":36,"enemies":"Automaton","floor":33,"turns":9},{"damage":0,"enemies":"Orb Walker","floor":35,"turns":3},{"damage":0,"enemies":"3 Shapes","floor":36,"turns":3},{"damage":3,"enemies":"Mind Bloom Boss Battle","floor":38,"turns":7},{"damage":6,"enemies":"2 Orb Walkers","floor":39,"turns":4},{"damage":33,"enemies":"Giant Head","floor":40,"turns":9},{"damage":34,"enemies":"Nemesis","floor":45,"turns":9},{"damage":1,"enemies":"Giant Head","floor":48,"turns":6},{"damage":4,"enemies":"Donu and Deca","floor":50,"turns":6},{"damage":6,"enemies":"Shield and Spear","floor":54,"turns":5},{"damage":80,"enemies":"The Heart","floor":55,"turns":9}],"seed_played":"-1455986424062522974","potions_obtained":[{"floor":1,"key":"Dexterity Potion"},{"floor":4,"key":"Energy Potion"},{"floor":6,"key":"FearPotion"},{"floor":13,"key":"Fire Potion"},{"floor":14,"key":"Weak Potion"},{"floor":19,"key":"Swift Potion"},{"floor":34,"key":"PowerPotion"},{"floor":36,"key":"Ancient Potion"},{"floor":48,"key":"PowerPotion"}],"is_trial":false,"path_per_floor":["M","M","?","M","M","E","R","M","T","E","M","$","E","M","R","B",null,"M","M","?","?","M","M","R","M","T","R","E","?","R","E","R","B",null,"M","M","?","?","?","E","R","T","T","$","E","$","R","E","R","B",null,"R","$","E","B"],"character_chosen":"DEFECT","items_purchased":["Chill","ClockworkSouvenir","Capacitor","FearPotion","PreservedInsect","Lantern","Sling","Toolbox"],"campfire_rested":7,"item_purchase_floors":[12,44,44,44,46,46,46,53],"current_hp_per_floor":[62,62,62,56,48,38,38,22,22,18,19,19,16,18,18,17,58,60,62,62,41,43,40,61,70,70,70,70,71,71,78,78,49,76,78,80,79,79,73,42,65,65,65,65,47,47,70,78,79,79,79,79,79,79,0],"gold":109,"neow_bonus":"BOSS_RELIC","is_prod":false,"is_daily":false,"chose_seed":false,"campfire_upgraded":2,"win_rate":0,"timestamp":1552951493,"path_taken":["M","M","?","M","M","E","R","M","T","E","?","$","E","M","R","BOSS","M","M","?","?","M","M","R","M","T","R","E","?","R","E","R","BOSS","M","M","?","?","?","E","R","?","T","$","E","$","R","E","R","BOSS","R","$","E","BOSS"],"build_version":"2019-03-15","purchased_purges":2,"victory":false,"max_hp_per_floor":[71,71,71,71,71,71,71,71,71,71,71,71,71,71,71,71,71,71,71,71,71,71,71,71,71,71,71,71,71,71,78,78,78,83,83,83,79,79,79,79,79,79,79,79,79,79,79,79,79,79,79,79,79,79,79],"card_choices":[{"not_picked":["Stack","Reprogram"],"picked":"Sunder","floor":1},{"not_picked":["Auto Shields","Streamline","Tempest"],"picked":"SKIP","floor":2},{"not_picked":["Turbo","Go for the Eyes"],"picked":"Sweeping Beam","floor":4},{"not_picked":["Barrage","Capacitor"],"picked":"Reboot","floor":5},{"not_picked":["Capacitor","Sunder"],"picked":"Reinforced Body","floor":6},{"not_picked":["Turbo","Compile Driver"],"picked":"Ball Lightning","floor":8},{"not_picked":["Coolheaded","Barrage"],"picked":"Echo Form","floor":10},{"not_picked":["Melter","Steam"],"picked":"Coolheaded","floor":11},{"not_picked":["Aggregate","Rebound"],"picked":"FTL","floor":13},{"not_picked":["Steam","Auto Shields"],"picked":"BootSequence","floor":14},{"not_picked":["Multi-Cast","Machine Learning"],"picked":"Biased Cognition","floor":16},{"not_picked":["Blizzard+1","Gash"],"picked":"Coolheaded+1","floor":18},{"not_picked":["Stack","Heatsinks","Steam Power+1"],"picked":"SKIP","floor":19},{"not_picked":["Ball Lightning","Reinforced Body+1"],"picked":"Self Repair","floor":22},{"not_picked":["Chaos","Steam","Gash+1"],"picked":"SKIP","floor":23},{"not_picked":["Go for the Eyes","Barrage","Fusion"],"picked":"SKIP","floor":25},{"not_picked":["Scrape","Coolheaded"],"picked":"Biased Cognition","floor":28},{"not_picked":["Compile Driver","Sweeping Beam","Ball Lightning"],"picked":"SKIP","floor":31},{"not_picked":["Thunder Strike","Biased Cognition"],"picked":"Electrodynamics","floor":33},{"not_picked":["Chaos","Darkness","Streamline"],"picked":"SKIP","floor":35},{"not_picked":["Sweeping Beam+1","Streamline","BootSequence"],"picked":"SKIP","floor":36},{"not_picked":["Sweeping Beam+1","Consume+1","Conserve Battery"],"picked":"SKIP","floor":40},{"not_picked":["Leap+1","Reboot","Force Field+1","Fusion"],"picked":"SKIP","floor":45},{"not_picked":["Static Discharge","Self Repair","Undo","Redo"],"picked":"SKIP","floor":48},{"not_picked":["Rebound","Gash","Conserve Battery","Coolheaded"],"picked":"SKIP","floor":54}],"player_experience":2223326,"relics_obtained":[{"floor":6,"key":"Bag of Preparation"},{"floor":6,"key":"Ornamental Fan"},{"floor":9,"key":"Shuriken"},{"floor":10,"key":"Pantograph"},{"floor":10,"key":"Blood Vial"},{"floor":13,"key":"Tiny Chest"},{"floor":13,"key":"Vajra"},{"floor":21,"key":"Necronomicon"},{"floor":26,"key":"Bottled Flame"},{"floor":28,"key":"WingedGreaves"},{"floor":28,"key":"Unceasing Top"},{"floor":29,"key":"Turnip"},{"floor":29,"key":"Matryoshka"},{"floor":31,"key":"Boot"},{"floor":31,"key":"Strawberry"},{"floor":38,"key":"Ginger"},{"floor":39,"key":"Nunchaku"},{"floor":40,"key":"Ancient Tea Set"},{"floor":40,"key":"Question Card"},{"floor":42,"key":"Omamori"},{"floor":43,"key":"Letter Opener"},{"floor":43,"key":"Pen Nib"},{"floor":45,"key":"Gambling Chip"},{"floor":45,"key":"The Courier"},{"floor":48,"key":"Anchor"},{"floor":48,"key":"Calipers"},{"floor":54,"key":"DataDisk"},{"floor":54,"key":"Bottled Lightning"}],"event_choices":[{"damage_healed":0,"gold_gain":0,"player_choice":"Upgraded","damage_taken":0,"max_hp_gain":0,"max_hp_loss":0,"event_name":"Upgrade Shrine","floor":3,"gold_loss":0,"cards_upgraded":["Sunder"]},{"damage_healed":0,"gold_gain":0,"player_choice":"Simplicity","damage_taken":0,"max_hp_gain":0,"max_hp_loss":0,"event_name":"Back to Basics","floor":20,"gold_loss":0,"cards_upgraded":["Strike_B","Strike_B","Strike_B","Defend_B","Defend_B","Defend_B","Defend_B"]},{"damage_healed":0,"gold_gain":0,"player_choice":"Obtained Book","damage_taken":21,"max_hp_gain":0,"max_hp_loss":0,"event_name":"Cursed Tome","floor":21,"gold_loss":0},{"damage_healed":0,"gold_gain":0,"player_choice":"Fight","damage_taken":0,"max_hp_gain":0,"max_hp_loss":0,"event_name":"Colosseum","floor":29,"gold_loss":0},{"damage_healed":0,"gold_gain":0,"player_choice":"Fought Nobs","damage_taken":0,"max_hp_gain":0,"max_hp_loss":0,"event_name":"Colosseum","floor":29,"gold_loss":0},{"damage_healed":0,"gold_gain":0,"player_choice":"Max HP","damage_taken":0,"max_hp_gain":0,"max_hp_loss":4,"event_name":"Winding Halls","floor":37,"gold_loss":0},{"damage_healed":0,"gold_gain":0,"player_choice":"Fight","damage_taken":0,"max_hp_gain":0,"max_hp_loss":0,"event_name":"MindBloom","floor":38,"gold_loss":0},{"damage_healed":0,"gold_gain":0,"player_choice":"Fight","damage_taken":0,"max_hp_gain":0,"max_hp_loss":0,"event_name":"Mysterious Sphere","floor":39,"gold_loss":0}],"is_beta":true,"boss_relics":[{"not_picked":["Eternal Feather","Empty Cage"],"picked":"Fusion Hammer"},{"not_picked":["Runic Dome","White Beast Statue"],"picked":"Tiny House"}],"items_purged_floors":[12,44],"is_endless":false,"potions_floor_spawned":[1,4,6,8,13,14,19,25,28,29,31,36,48],"killed_by":"The Heart","ascension_level":15}