{"gold_per_floor":[139,139,156,166,176,176,208,208,208,208,226,16,26,26],"floor_reached":14,"playtime":404,"items_purged":[],"score":106,"play_id":"199eb262-d3f6-4a2b-9fd5-034841d77082","local_time":"20190508225901","is_ascension_mode":true,"campfire_choices":[{"data":"White Noise","floor":6,"key":"SMITH"},{"floor":8,"key":"REST"},{"data":"White Noise","floor":10,"key":"SMITH"}],"neow_cost":"NONE","seed_source_timestamp":15259340892083,"circlet_count":0,"master_deck":["Strike_B","Strike_B","Strike_B","Strike_B","Defend_B","Defend_B","Defend_B","Defend_B","Zap","Dualcast","Coolheaded","White Noise+1","White Noise+1","Steam","Consume"],"relics":["Cracked Core","Tiny Chest","GremlinMask","Happy Flower","Ancient Tea Set","ClockworkSouvenir"],"potions_floor_usage":[7,14,14],"damage_taken":[{"damage":7,"enemies":"Jaw Worm","floor":1,"turns":3},{"damage":1,"enemies":"Cultist","floor":3,"turns":3},{"damage":8,"enemies":"2 Louse","floor":4,"turns":2},{"damage":10,"enemies":"2 Fungi Beasts","floor":5,"turns":4},{"damage":32,"enemies":"3 Sentries","floor":7,"turns":6},{"damage":13,"enemies":"Looter","floor":11,"turns":3},{"damage":4,"enemies":"3 Louse","floor":13,"turns":3},{"damage":34,"enemies":"Exordium Thugs","floor":14,"turns":2}],"seed_played":"-296907363849734629","potions_obtained":[{"floor":4,"key":"SteroidPotion"},{"floor":5,"key":"Block Potion"},{"floor":7,"key":"Energy Potion"},{"floor":11,"key":"FocusPotion"}],"is_trial":false,"path_per_floor":["M","?","M","M","M","R","E","R","T","R","M","$","M","M"],"character_chosen":"DEFECT","items_purchased":["ClockworkSouvenir"],"campfire_rested":1,"item_purchase_floors":[12],"current_hp_per_floor":[68,68,67,59,49,49,17,39,39,39,26,26,22,0],"gold":26,"neow_bonus":"RANDOM_COMMON_RELIC","is_prod":false,"is_daily":false,"chose_seed":false,"campfire_upgraded":2,"win_rate":0,"timestamp":1557370741,"path_taken":["M","?","M","M","?","R","E","R","T","R","M","$","M","M"],"build_version":"2019-01-23","purchased_purges":0,"victory":false,"max_hp_per_floor":[75,75,75,75,75,75,75,75,75,75,75,75,75,75],"card_choices":[{"not_picked":["Rebound","Static Discharge","Streamline"],"picked":"SKIP","floor":1},{"not_picked":["Scrape","Turbo"],"picked":"Coolheaded","floor":3},{"not_picked":["Ball Lightning","Redo"],"picked":"White Noise","floor":4},{"not_picked":["BootSequence","Go for the Eyes"],"picked":"White Noise","floor":5},{"not_picked":["Sweeping Beam","Steam Power"],"picked":"Steam","floor":7},{"not_picked":["Hello World","Sweeping Beam","Lockon"],"picked":"SKIP","floor":11},{"not_picked":["All For One","Fusion"],"picked":"Consume","floor":13}],"player_experience":959544,"relics_obtained":[{"floor":7,"key":"Happy Flower"},{"floor":9,"key":"Ancient Tea Set"}],"event_choices":[{"damage_healed":0,"gold_gain":0,"player_choice":"Trade","damage_taken":0,"relics_obtained":["GremlinMask"],"max_hp_gain":0,"max_hp_loss":0,"event_name":"FaceTrader","floor":2,"gold_loss":0}],"is_beta":false,"boss_relics":[],"items_purged_floors":[],"is_endless":false,"potions_floor_spawned":[4,5,7,11],"killed_by":"Exordium Thugs","ascension_level":3}