{"gold_per_floor":[113,123,123,136,150,185,185,220,220,281,281,356,389,407,407,485,485,495,240,240,240,240,240,165,199,224,224,172,197,197,214,214,285,285,302,321,148,148,168,195,195,205,228,228,245,280,297,332,332,332,332,332,57,84,84],"floor_reached":56,"playtime":3177,"items_purged":["Gash"],"score":2281,"play_id":"0079a356-6e9b-4d6a-89d7-4a5c805ad90e","local_time":"20190321233309","is_ascension_mode":true,"campfire_choices":[{"data":"Rip and Tear","floor":7,"key":"SMITH"},{"floor":11,"key":"REST"},{"floor":15,"key":"REST"},{"data":"Fission","floor":23,"key":"SMITH"},{"data":"Turbo","floor":27,"key":"SMITH"},{"floor":30,"key":"REST"},{"data":"Coolheaded","floor":32,"key":"SMITH"},{"floor":44,"key":"RECALL"},{"data":"Buffer","floor":49,"key":"SMITH"},{"data":"Capacitor","floor":52,"key":"SMITH"}],"neow_cost":"NONE","seed_source_timestamp":733142906061023,"circlet_count":0,"master_deck":["AscendersBane","Zap+1","Dualcast","Rip and Tear+1","Glacier","Cold Snap","Cold Snap","Compile Driver","Defragment","Echo Form","Fission+1","Turbo+1","Chaos","Meteor Strike","Reboot","Glacier","Meteor Strike","Loop+1","Hologram","Defragment","Coolheaded+1","Buffer+1","Coolheaded","Capacitor+1","Apotheosis","Coolheaded+1","Hologram","Glacier+1","Core Surge","Undo","Hologram"],"relics":["Lizard Tail","Ice Cream","Letter Opener","StoneCalendar","Turnip","Du-Vu Doll","Pandora\u0027s Box","OrangePellets","MutagenicStrength","Anchor","Centennial Puzzle","Blood Vial","Snecko Eye","Lantern","Mercury Hourglass","Ancient Tea Set","Kunai","DataDisk"],"potions_floor_usage":[13,16,25,55],"damage_taken":[{"damage":4,"enemies":"Jaw Worm","floor":1,"turns":4},{"damage":12,"enemies":"Small Slimes","floor":2,"turns":4},{"damage":0,"enemies":"2 Louse","floor":4,"turns":3},{"damage":6,"enemies":"Looter","floor":5,"turns":2},{"damage":4,"enemies":"Lagavulin","floor":6,"turns":9},{"damage":7,"enemies":"3 Sentries","floor":8,"turns":10},{"damage":11,"enemies":"3 Sentries","floor":10,"turns":7},{"damage":23,"enemies":"Gremlin Nob","floor":13,"turns":4},{"damage":6,"enemies":"Blue Slaver","floor":14,"turns":3},{"damage":0,"enemies":"Hexaghost","floor":16,"turns":8},{"damage":0,"enemies":"Chosen","floor":18,"turns":4},{"damage":31,"enemies":"Slavers","floor":25,"turns":6},{"damage":2,"enemies":"3 Byrds","floor":31,"turns":5},{"damage":29,"enemies":"Collector","floor":33,"turns":8},{"damage":0,"enemies":"Orb Walker","floor":35,"turns":2},{"damage":0,"enemies":"3 Darklings","floor":36,"turns":2},{"damage":0,"enemies":"Maw","floor":39,"turns":3},{"damage":0,"enemies":"Reptomancer","floor":40,"turns":5},{"damage":0,"enemies":"Sphere and 2 Shapes","floor":42,"turns":2},{"damage":0,"enemies":"Writhing Mass","floor":45,"turns":6},{"damage":0,"enemies":"Giant Head","floor":46,"turns":3},{"damage":9,"enemies":"4 Shapes","floor":47,"turns":5},{"damage":7,"enemies":"Nemesis","floor":48,"turns":5},{"damage":0,"enemies":"Time Eater","floor":50,"turns":8},{"damage":0,"enemies":"Shield and Spear","floor":54,"turns":3},{"damage":2,"enemies":"The Heart","floor":55,"turns":7}],"seed_played":"-5085525789343037504","potions_obtained":[{"floor":1,"key":"LiquidBronze"},{"floor":6,"key":"SteroidPotion"},{"floor":14,"key":"Fire Potion"},{"floor":16,"key":"Energy Potion"},{"floor":33,"key":"Fire Potion"},{"floor":36,"key":"SpeedPotion"}],"is_trial":false,"path_per_floor":["M","M","?","M","M","E","R","E","T","?","R","?","E","M","R","B",null,"M","$","?","$","?","R","?","E","T","R","$","T","R","M","R","B",null,"M","M","$","?","M","E","$","M","T","R","M","E","M","E","R","B",null,"R","$","E","B",null],"character_chosen":"DEFECT","items_purchased":["OrangePellets","Hologram","Coolheaded","Coolheaded","Capacitor","Undo","Kunai"],"campfire_rested":3,"item_purchase_floors":[19,19,28,37,37,53,53],"current_hp_per_floor":[60,48,48,48,42,38,38,31,31,20,41,30,7,1,22,22,59,59,59,59,59,59,59,59,28,28,28,28,28,49,49,49,22,59,61,63,63,53,55,57,57,59,59,59,61,63,56,51,51,53,67,67,67,69,69],"gold":84,"neow_bonus":"BOSS_RELIC","is_prod":false,"is_daily":false,"chose_seed":false,"campfire_upgraded":6,"win_rate":0,"timestamp":1553225589,"path_taken":["M","M","?","M","M","E","R","E","T","?","R","?","E","M","R","BOSS","M","$","?","$","?","R","?","E","T","R","$","?","R","M","R","BOSS","M","M","$","?","M","E","$","M","T","R","M","E","M","E","R","BOSS","R","$","E","BOSS"],"build_version":"2019-03-15","purchased_purges":1,"victory":true,"max_hp_per_floor":[71,71,71,71,71,71,71,71,71,71,71,71,71,71,71,71,71,71,71,71,71,71,71,71,71,71,71,71,71,71,71,71,71,71,71,71,71,71,71,71,71,71,71,71,71,71,71,71,71,71,71,71,71,71,71],"card_choices":[{"not_picked":["Auto Shields","Double Energy"],"picked":"Rip and Tear","floor":1},{"not_picked":["Turbo","Steam Power"],"picked":"Glacier","floor":2},{"not_picked":["Heatsinks","Fusion"],"picked":"Cold Snap","floor":4},{"not_picked":["Reprogram","Fusion"],"picked":"Cold Snap","floor":5},{"not_picked":["Fusion","Thunder Strike"],"picked":"Compile Driver","floor":6},{"not_picked":["Rebound","Stack"],"picked":"Gash","floor":8},{"not_picked":["Turbo","Conserve Battery"],"picked":"Defragment","floor":10},{"not_picked":["Sunder","Steam","Skim"],"picked":"SKIP","floor":13},{"not_picked":["Redo","Rip and Tear","Ball Lightning"],"picked":"SKIP","floor":14},{"not_picked":["All For One","Creative AI"],"picked":"Echo Form","floor":16},{"not_picked":["Melter","Hologram"],"picked":"Loop+1","floor":18},{"not_picked":["Storm","Melter+1","Reprogram"],"picked":"SKIP","floor":25},{"not_picked":["Turbo","Heatsinks","Gash"],"picked":"SKIP","floor":31},{"not_picked":["Core Surge","Thunder Strike"],"picked":"Buffer","floor":33},{"not_picked":["Cold Snap","Aggregate","White Noise"],"picked":"SKIP","floor":35},{"not_picked":["Steam+1","Barrage","Compile Driver"],"picked":"SKIP","floor":36},{"not_picked":["Chrysalis","Sadistic Nature"],"picked":"Apotheosis","floor":38},{"not_picked":["Compile Driver","Sweeping Beam","Leap"],"picked":"SKIP","floor":39},{"not_picked":["Turbo","Beam Cell"],"picked":"Coolheaded+1","floor":40},{"not_picked":["Stack","Coolheaded"],"picked":"Hologram","floor":42},{"not_picked":["Heatsinks","Streamline+1"],"picked":"Glacier+1","floor":45},{"not_picked":["Blizzard","Go for the Eyes","Steam Power"],"picked":"SKIP","floor":46},{"not_picked":["Blizzard","Go for the Eyes","Steam Power"],"picked":"SKIP","floor":46},{"not_picked":["Beam Cell","Stack","Melter"],"picked":"SKIP","floor":47},{"not_picked":["Turbo+1","Gash"],"picked":"Core Surge","floor":48},{"not_picked":["Coolheaded","Core Surge"],"picked":"Hologram","floor":54}],"player_experience":2259099,"relics_obtained":[{"floor":6,"key":"Ice Cream"},{"floor":8,"key":"Letter Opener"},{"floor":9,"key":"StoneCalendar"},{"floor":13,"key":"Du-Vu Doll"},{"floor":25,"key":"Anchor"},{"floor":26,"key":"Centennial Puzzle"},{"floor":29,"key":"Blood Vial"},{"floor":40,"key":"Lantern"},{"floor":46,"key":"Mercury Hourglass"},{"floor":48,"key":"Ancient Tea Set"},{"floor":54,"key":"DataDisk"}],"event_choices":[{"damage_healed":0,"gold_gain":0,"player_choice":"Grow","damage_taken":0,"max_hp_gain":0,"max_hp_loss":0,"event_name":"Living Wall","floor":3,"gold_loss":0,"cards_upgraded":["Zap"]},{"damage_healed":0,"gold_gain":0,"player_choice":"Searched \u00272\u0027 times","damage_taken":0,"relics_obtained":["Turnip"],"max_hp_gain":0,"max_hp_loss":0,"event_name":"Dead Adventurer","floor":10,"gold_loss":0},{"damage_healed":0,"gold_gain":75,"player_choice":"Gather Gold","damage_taken":11,"max_hp_gain":0,"max_hp_loss":0,"event_name":"World of Goop","floor":12,"gold_loss":0},{"damage_healed":0,"gold_gain":0,"player_choice":"Inject Mutagens","damage_taken":0,"relics_obtained":["MutagenicStrength"],"max_hp_gain":0,"max_hp_loss":0,"event_name":"Drug Dealer","floor":20,"gold_loss":0},{"damage_healed":0,"gold_gain":0,"player_choice":"Read","damage_taken":0,"max_hp_gain":0,"max_hp_loss":0,"event_name":"The Library","floor":22,"gold_loss":0,"cards_obtained":["Defragment"]},{"cards_removed":["Static Discharge"],"damage_healed":0,"gold_gain":0,"player_choice":"Gave Gold","damage_taken":0,"max_hp_gain":0,"max_hp_loss":0,"event_name":"Beggar","floor":24,"gold_loss":75},{"damage_healed":0,"gold_gain":0,"player_choice":"Memory 3","damage_taken":10,"max_hp_gain":0,"max_hp_loss":0,"event_name":"SensoryStone","floor":38,"gold_loss":0}],"is_beta":true,"boss_relics":[{"not_picked":["Coffee Dripper","Calling Bell"],"picked":"Pandora\u0027s Box"},{"not_picked":["Orrery","Tiny House"],"picked":"Snecko Eye"}],"items_purged_floors":[37],"is_endless":false,"potions_floor_spawned":[1,6,8,14,16,31,33,35,36,42,45,54],"ascension_level":15}