{"gold_per_floor":[110,121,46,46,60,88,88,116,116,116,116,131,146,68,68,68],"floor_reached":16,"playtime":484,"items_purged":["Strike_B"],"score":218,"play_id":"9d808375-5029-4e94-bb79-36804b36f7e6","local_time":"20190323164714","is_ascension_mode":true,"campfire_choices":[{"data":"Zap","floor":7,"key":"SMITH"},{"data":"Buffer","floor":10,"key":"SMITH"},{"data":"Coolheaded","floor":15,"key":"SMITH"}],"neow_cost":"NONE","seed_source_timestamp":884308480351057,"circlet_count":0,"master_deck":["AscendersBane","Strike_B","Strike_B","Defend_B","Defend_B","Defend_B","Defend_B","Zap+1","Dualcast","Cold Snap","Recycle","Doom and Gloom","Buffer+1","Hologram","Coolheaded+1","Beam Cell"],"relics":["Cracked Core","Strawberry","Pear","Orichalcum"],"potions_floor_usage":[8,13],"damage_taken":[{"damage":5,"enemies":"Small Slimes","floor":1,"turns":3},{"damage":4,"enemies":"Jaw Worm","floor":2,"turns":4},{"damage":0,"enemies":"2 Louse","floor":5,"turns":2},{"damage":43,"enemies":"3 Sentries","floor":6,"turns":9},{"damage":26,"enemies":"Lagavulin","floor":8,"turns":7},{"damage":8,"enemies":"Lots of Slimes","floor":12,"turns":3},{"damage":0,"enemies":"Blue Slaver","floor":13,"turns":5},{"damage":25,"enemies":"Hexaghost","floor":16,"turns":9}],"seed_played":"2073054723751233737","potions_obtained":[{"floor":6,"key":"SkillPotion"},{"floor":12,"key":"Regen Potion"},{"floor":13,"key":"Dexterity Potion"}],"is_trial":false,"path_per_floor":["M","M","$","?","M","E","R","E","T","R","?","M","M","$","R","B"],"character_chosen":"DEFECT","items_purchased":["Coolheaded","Beam Cell"],"campfire_rested":0,"item_purchase_floors":[14,14],"current_hp_per_floor":[66,62,62,67,67,31,31,15,15,15,15,7,21,21,21,0],"gold":68,"neow_bonus":"TEN_PERCENT_HP_BONUS","is_prod":false,"is_daily":false,"chose_seed":false,"campfire_upgraded":3,"win_rate":0,"timestamp":1553374034,"path_taken":["M","M","$","?","M","E","R","E","T","R","?","M","M","$","R","BOSS"],"build_version":"2019-03-15","purchased_purges":1,"victory":false,"max_hp_per_floor":[78,78,78,83,83,90,90,100,100,100,100,100,100,100,100,100],"card_choices":[{"not_picked":["Beam Cell","Coolheaded"],"picked":"Cold Snap","floor":1},{"not_picked":["Beam Cell","Consume"],"picked":"Recycle","floor":2},{"not_picked":["Stack","Redo","Lockon"],"picked":"SKIP","floor":5},{"not_picked":["Hologram","Steam"],"picked":"Doom and Gloom","floor":6},{"not_picked":["Tempest","Sweeping Beam"],"picked":"Buffer","floor":8},{"not_picked":["Recycle","Leap","Conserve Battery"],"picked":"SKIP","floor":12},{"not_picked":["Fusion","Ball Lightning"],"picked":"Hologram","floor":13}],"player_experience":2274868,"relics_obtained":[{"floor":6,"key":"Strawberry"},{"floor":8,"key":"Pear"},{"floor":9,"key":"Orichalcum"}],"event_choices":[{"damage_healed":0,"gold_gain":0,"player_choice":"Donut","damage_taken":0,"max_hp_gain":5,"max_hp_loss":0,"event_name":"Big Fish","floor":4,"gold_loss":0},{"cards_removed":["Strike_B"],"damage_healed":0,"gold_gain":0,"player_choice":"Forget","damage_taken":0,"max_hp_gain":0,"max_hp_loss":0,"event_name":"Living Wall","floor":11,"gold_loss":0}],"is_beta":true,"boss_relics":[],"items_purged_floors":[3],"is_endless":false,"potions_floor_spawned":[6,12,13],"killed_by":"Hexaghost","ascension_level":15}