{"gold_per_floor":[119,129,279,279,3,29,29,45,45,45,45,45,45,83,83,83],"floor_reached":16,"playtime":643,"items_purged":["Doubt"],"score":186,"play_id":"793edb4c-a2f4-4958-b84f-18410caa03eb","local_time":"20190325051625","is_ascension_mode":true,"campfire_choices":[{"floor":7,"key":"REST"},{"data":"Sunder","floor":10,"key":"SMITH"},{"data":"Zap","floor":15,"key":"SMITH"}],"neow_cost":"NONE","seed_source_timestamp":704492492933347,"circlet_count":0,"master_deck":["AscendersBane","Strike_B","Strike_B","Strike_B","Strike_B","Defend_B","Defend_B","Defend_B","Defend_B","Zap+1","Dualcast","Purity","Ball Lightning","BootSequence","Sunder+1","Buffer","Injury","Parasite","Streamline"],"relics":["Cracked Core","Question Card","Medical Kit","Gremlin Horn","Mummified Hand","Golden Idol","Toxic Egg 2"],"potions_floor_usage":[],"damage_taken":[{"damage":4,"enemies":"2 Louse","floor":1,"turns":3},{"damage":2,"enemies":"Jaw Worm","floor":2,"turns":2},{"damage":55,"enemies":"3 Sentries","floor":6,"turns":10},{"damage":0,"enemies":"Small Slimes","floor":8,"turns":2},{"damage":25,"enemies":"Lagavulin","floor":14,"turns":8},{"damage":20,"enemies":"Hexaghost","floor":16,"turns":7}],"seed_played":"-5607503593999565782","potions_obtained":[{"floor":14,"key":"Explosive Potion"}],"is_trial":false,"path_per_floor":["M","M","?","T","$","E","R","M","T","R","?","$","?","E","R","B"],"character_chosen":"DEFECT","items_purchased":["Medical Kit"],"campfire_rested":1,"item_purchase_floors":[5],"current_hp_per_floor":[60,58,58,58,58,3,24,24,24,24,24,24,41,16,16,0],"gold":83,"neow_bonus":"RANDOM_COLORLESS","is_prod":false,"is_daily":false,"chose_seed":false,"campfire_upgraded":2,"win_rate":0,"timestamp":1553505385,"path_taken":["M","M","?","?","$","E","R","M","T","R","?","$","?","E","R","BOSS"],"build_version":"2019-01-23","purchased_purges":1,"victory":false,"max_hp_per_floor":[71,71,71,71,71,71,71,71,71,71,71,71,71,71,71,71],"card_choices":[{"not_picked":["Barrage","Leap"],"picked":"Ball Lightning","floor":1},{"not_picked":["Conserve Battery","Reinforced Body"],"picked":"BootSequence","floor":2},{"not_picked":["Recycle","Rebound","Conserve Battery"],"picked":"Sunder","floor":6},{"not_picked":["Beam Cell","Stack","Coolheaded"],"picked":"Buffer","floor":8},{"not_picked":["Sweeping Beam","Beam Cell","Blizzard"],"picked":"Streamline","floor":14}],"player_experience":1397970,"relics_obtained":[{"floor":4,"key":"Question Card"},{"floor":6,"key":"Gremlin Horn"},{"floor":9,"key":"Mummified Hand"},{"floor":14,"key":"Toxic Egg 2"}],"event_choices":[{"damage_healed":0,"gold_gain":150,"player_choice":"AGREE","damage_taken":0,"max_hp_gain":0,"max_hp_loss":0,"event_name":"Liars Game","floor":3,"gold_loss":0,"cards_obtained":["Doubt"]},{"damage_healed":0,"gold_gain":0,"player_choice":"Take Wound","damage_taken":0,"relics_obtained":["Golden Idol"],"max_hp_gain":0,"max_hp_loss":0,"event_name":"Golden Idol","floor":11,"gold_loss":0,"cards_obtained":["Injury"]},{"damage_healed":17,"gold_gain":0,"player_choice":"Healed and dodged fight","damage_taken":0,"max_hp_gain":0,"max_hp_loss":0,"event_name":"Mushrooms","floor":13,"gold_loss":0,"cards_obtained":["Parasite"]}],"is_beta":false,"boss_relics":[],"items_purged_floors":[5],"is_endless":false,"potions_floor_spawned":[14],"killed_by":"Hexaghost","ascension_level":15}