{"gold_per_floor":[113,129,148,148,148,148,183,183,183,223,238,25,49,88,88,88],"floor_reached":16,"playtime":600,"items_purged":[],"score":290,"play_id":"86e8a36d-f0f0-48d8-b2a8-1f62bb2aa8e7","local_time":"20190416004023","is_ascension_mode":true,"campfire_choices":[{"data":"Hyperbeam","floor":6,"key":"SMITH"},{"floor":8,"key":"REST"},{"data":"Zap","floor":15,"key":"SMITH"}],"neow_cost":"PERCENT_DAMAGE","seed_source_timestamp":368006860350992,"circlet_count":0,"master_deck":["AscendersBane","Strike_B","Strike_B+1","Strike_B","Strike_B","Defend_B","Defend_B","Defend_B","Defend_B","Zap+1","Dualcast+1","Hyperbeam+1","Hologram","FTL","FTL","Conserve Battery","Cold Snap","Chill","Go for the Eyes","Cold Snap"],"relics":["Cracked Core","Golden Idol","Du-Vu Doll","Kunai","Nunchaku","Runic Capacitor","Letter Opener"],"potions_floor_usage":[11,14,14],"damage_taken":[{"damage":0,"enemies":"Cultist","floor":1,"turns":3},{"damage":2,"enemies":"Jaw Worm","floor":2,"turns":4},{"damage":1,"enemies":"2 Louse","floor":3,"turns":2},{"damage":0,"enemies":"3 Sentries","floor":7,"turns":2},{"damage":14,"enemies":"Lagavulin","floor":10,"turns":4},{"damage":0,"enemies":"Large Slime","floor":11,"turns":2},{"damage":3,"enemies":"Red Slaver","floor":13,"turns":3},{"damage":3,"enemies":"Gremlin Nob","floor":14,"turns":4},{"damage":23,"enemies":"Hexaghost","floor":16,"turns":9}],"seed_played":"-7738351612391972342","potions_obtained":[{"floor":1,"key":"SneckoOil"},{"floor":10,"key":"Block Potion"},{"floor":11,"key":"SteroidPotion"}],"is_trial":false,"path_per_floor":["M","M","M","?","?","R","E","R","T","E","M","$","M","E","R","B"],"character_chosen":"DEFECT","items_purchased":["Runic Capacitor"],"campfire_rested":1,"item_purchase_floors":[12],"current_hp_per_floor":[46,44,43,22,22,22,22,41,41,27,27,27,24,21,21,0],"gold":88,"neow_bonus":"THREE_RARE_CARDS","is_prod":false,"is_daily":false,"chose_seed":false,"campfire_upgraded":2,"win_rate":0,"timestamp":1555389623,"path_taken":["M","M","?","?","?","R","E","R","T","E","M","$","M","E","R","BOSS"],"build_version":"2019-01-23","purchased_purges":0,"victory":false,"max_hp_per_floor":[71,71,71,71,64,64,64,64,64,64,64,64,64,64,64,64],"card_choices":[{"not_picked":["Creative AI","Meteor Strike"],"picked":"Hyperbeam","floor":0},{"not_picked":["Fusion","Heatsinks"],"picked":"Hologram","floor":1},{"not_picked":["Rebound","Conserve Battery"],"picked":"FTL","floor":2},{"not_picked":["Rebound","Redo"],"picked":"FTL","floor":3},{"not_picked":["Leap","Rebound"],"picked":"Conserve Battery","floor":7},{"not_picked":["Hello World","Barrage"],"picked":"Cold Snap","floor":10},{"not_picked":["Fusion","Thunder Strike"],"picked":"Chill","floor":11},{"not_picked":["Force Field","Sweeping Beam"],"picked":"Go for the Eyes","floor":13},{"not_picked":["Skim","Sweeping Beam"],"picked":"Cold Snap","floor":14}],"player_experience":1848516,"relics_obtained":[{"floor":7,"key":"Du-Vu Doll"},{"floor":9,"key":"Kunai"},{"floor":10,"key":"Nunchaku"},{"floor":14,"key":"Letter Opener"}],"event_choices":[{"damage_healed":0,"gold_gain":0,"player_choice":"Entered Light","damage_taken":21,"max_hp_gain":0,"max_hp_loss":0,"event_name":"Shining Light","floor":4,"gold_loss":0,"cards_upgraded":["Dualcast","Strike_B"]},{"damage_healed":0,"gold_gain":0,"player_choice":"Lose Max HP","damage_taken":0,"relics_obtained":["Golden Idol"],"max_hp_gain":0,"max_hp_loss":7,"event_name":"Golden Idol","floor":5,"gold_loss":0}],"is_beta":false,"boss_relics":[],"items_purged_floors":[],"is_endless":false,"potions_floor_spawned":[1,10,11,13],"killed_by":"Hexaghost","ascension_level":20}