{"gold_per_floor":[111,111,76,50,63,89,89,122,174,174,184,199,224,239,239,315,315,334,351,351,4,18,18,18,18,99,109,122,141,141,154,154,226,226,246,246,62,72,72,101,101,101,101,101,117,117,142,167,179,191,203],"floor_reached":51,"playtime":2502,"items_purged":["Strike_G","Strike_G"],"score":1484,"play_id":"4c53dbae-aa08-485d-9231-8f0d0b19fb34","local_time":"20190218233550","is_ascension_mode":true,"campfire_choices":[{"data":"Skewer","floor":7.0,"key":"SMITH"},{"data":"Neutralize","floor":10.0,"key":"SMITH"},{"data":"Noxious Fumes","floor":15.0,"key":"SMITH"},{"data":"Dodge and Roll","floor":23.0,"key":"SMITH"},{"floor":25.0,"key":"REST"},{"data":"Catalyst","floor":30.0,"key":"SMITH"},{"data":"Wraith Form v2","floor":32.0,"key":"SMITH"},{"data":"Well Laid Plans","floor":42.0,"key":"SMITH"},{"data":"Burst","floor":44.0,"key":"SMITH"},{"floor":49.0,"key":"RECALL"}],"neow_cost":"NONE","seed_source_timestamp":49672049489094,"circlet_count":0,"master_deck":["AscendersBane","Defend_G","Defend_G","Defend_G","Defend_G+1","Defend_G+1","Strike_G","Strike_G+1","Strike_G+1","Survivor+1","Neutralize+1","Quick Slash+1","Cloak And Dagger","Skewer+1","Well Laid Plans+1","Noxious Fumes+1","Dodge and Roll+1","Wraith Form v2+1","Cloak And Dagger","Footwork+1","Backflip","Dash+1","Catalyst+1","Burst+1","Malaise+1","Footwork+1","Good Instincts","Backflip+1"],"special_seed":0,"relics":["Ring of the Serpent","NeowsBlessing","Happy Flower","The Specimen","Bag of Preparation","War Paint","Frozen Egg 2","Sundial","Busted Crown","Whetstone","MawBank"],"potions_floor_usage":[50],"damage_taken":[{"damage":0.0,"enemies":"Small Slimes","floor":1.0,"turns":1.0},{"damage":0.0,"enemies":"Jaw Worm","floor":5.0,"turns":1.0},{"damage":0.0,"enemies":"Gremlin Nob","floor":6.0,"turns":1.0},{"damage":20.0,"enemies":"3 Sentries","floor":8.0,"turns":9.0},{"damage":0.0,"enemies":"Cultist","floor":11.0,"turns":2.0},{"damage":0.0,"enemies":"2 Fungi Beasts","floor":12.0,"turns":3.0},{"damage":0.0,"enemies":"Lots of Slimes","floor":14.0,"turns":5.0},{"damage":1.0,"enemies":"The Guardian","floor":16.0,"turns":10.0},{"damage":10.0,"enemies":"3 Byrds","floor":18.0,"turns":6.0},{"damage":11.0,"enemies":"Spheric Guardian","floor":19.0,"turns":8.0},{"damage":0.0,"enemies":"Centurion and Healer","floor":22.0,"turns":10.0},{"damage":1.0,"enemies":"Snecko","floor":27.0,"turns":7.0},{"damage":4.0,"enemies":"Shelled Parasite and Fungi","floor":28.0,"turns":8.0},{"damage":11.0,"enemies":"Centurion and Healer","floor":29.0,"turns":6.0},{"damage":0.0,"enemies":"Snake Plant","floor":31.0,"turns":6.0},{"damage":18.0,"enemies":"Automaton","floor":33.0,"turns":9.0},{"damage":0.0,"enemies":"Orb Walker","floor":35.0,"turns":4.0},{"damage":6.0,"enemies":"3 Shapes","floor":38.0,"turns":7.0},{"damage":0.0,"enemies":"Giant Head","floor":40.0,"turns":12.0},{"damage":8.0,"enemies":"Writhing Mass","floor":45.0,"turns":9.0},{"damage":15.0,"enemies":"Reptomancer","floor":47.0,"turns":5.0},{"damage":0.0,"enemies":"Maw","floor":48.0,"turns":8.0},{"damage":18,"enemies":"Awakened One","floor":50,"turns":24},{"damage":32,"enemies":"Time Eater","floor":51,"turns":2}],"seed_played":"5523488308199840730","potions_obtained":[{"floor":11.0,"key":"Block Potion"},{"floor":12.0,"key":"Weak Potion"},{"floor":19.0,"key":"Explosive Potion"},{"floor":33.0,"key":"GhostInAJar"},{"floor":35.0,"key":"Dexterity Potion"}],"is_trial":false,"path_per_floor":["M","?","?","$","M","E","R","E","T","R","M","M","T","M","R","B",null,"M","M","?","$","M","R","?","R","T","M","M","M","R","M","R","B",null,"M","?","$","M","?","E","?","R","T","R","M","?","E","M","R","B","B"],"character_chosen":"THE_SILENT","items_purchased":["Cloak And Dagger","Frozen Egg 2","Footwork+1"],"campfire_rested":1,"item_purchase_floors":[4,21,37],"current_hp_per_floor":[59,39,55,55,55,55,55,35,35,35,35,35,35,35,35,34,58,48,37,37,37,37,37,37,56,56,55,51,40,40,40,40,22,55,55,55,55,49,49,49,49,49,49,49,41,36,21,21,21,3,0],"gold":203,"neow_bonus":"THREE_ENEMY_KILL","is_prod":false,"is_daily":false,"chose_seed":false,"campfire_upgraded":8,"win_rate":0,"timestamp":1550558150,"path_taken":["M","?","?","$","M","E","R","E","T","R","M","M","?","?","R","BOSS","M","M","?","$","?","R","?","R","T","M","M","M","R","M","R","BOSS","M","?","$","M","?","E","?","R","T","R","?","?","E","M","R","BOSS","BOSS"],"build_version":"2019-02-06","purchased_purges":2,"victory":false,"max_hp_per_floor":[66,66,66,66,66,66,66,66,66,66,66,66,66,66,66,66,66,66,66,66,66,66,66,66,66,66,66,66,66,66,66,66,66,66,66,66,66,66,63,63,63,63,63,63,63,63,63,63,63,63,63],"card_choices":[{"not_picked":["Setup","Prepared"],"picked":"Quick Slash","floor":1.0},{"not_picked":["Acrobatics","Bane"],"picked":"Skewer","floor":5.0},{"not_picked":["Envenom","Riddle With Holes","Tactician"],"picked":"SKIP","floor":6.0},{"not_picked":["Cloak And Dagger","Dodge and Roll"],"picked":"Well Laid Plans","floor":8.0},{"not_picked":["Sucker Punch","Skewer","Blade Dance"],"picked":"SKIP","floor":11.0},{"not_picked":["Venomology","Underhanded Strike"],"picked":"Noxious Fumes","floor":12.0},{"not_picked":["Endless Agony","Slice"],"picked":"Dodge and Roll","floor":14.0},{"not_picked":["Tools of the Trade","Night Terror"],"picked":"Wraith Form v2","floor":16.0},{"not_picked":["Prepared","Dagger Throw"],"picked":"Cloak And Dagger","floor":18.0},{"not_picked":["Blade Dance","Concentrate"],"picked":"Footwork+1","floor":19.0},{"not_picked":["Dodge and Roll","Setup"],"picked":"Backflip","floor":22.0},{"not_picked":["Blade Dance","Backflip"],"picked":"Dash+1","floor":27.0},{"not_picked":["Sucker Punch","Slice+1","Flying Knee+1"],"picked":"SKIP","floor":28.0},{"not_picked":["Deadly Poison","Flying Knee"],"picked":"Catalyst","floor":29.0},{"not_picked":["Deadly Poison","Dagger Spray"],"picked":"Burst","floor":31.0},{"not_picked":["Wraith Form v2+1","Burst"],"picked":"Malaise","floor":33.0},{"not_picked":["Acrobatics"],"picked":"SKIP","floor":35.0},{"not_picked":["Quick Slash"],"picked":"SKIP","floor":38.0},{"not_picked":["Infinite Blades+1"],"picked":"SKIP","floor":40.0},{"not_picked":["Infinite Blades+1"],"picked":"SKIP","floor":45.0},{"not_picked":[],"picked":"Good Instincts","floor":46.0},{"not_picked":["Riddle With Holes"],"picked":"SKIP","floor":47.0},{"not_picked":[],"picked":"Backflip+1","floor":48.0}],"player_experience":1114264,"relics_obtained":[{"floor":6.0,"key":"Happy Flower"},{"floor":8.0,"key":"The Specimen"},{"floor":9.0,"key":"Bag of Preparation"},{"floor":13.0,"key":"War Paint"},{"floor":26.0,"key":"Sundial"},{"floor":40.0,"key":"Whetstone"},{"floor":47.0,"key":"MawBank"}],"event_choices":[{"damage_healed":0.0,"max_hp_gain":0.0,"max_hp_loss":0.0,"gold_gain":0.0,"event_name":"Shining Light","player_choice":"Entered Light","floor":2.0,"gold_loss":0.0,"damage_taken":20.0,"cards_upgraded":["Survivor","Strike_G"]},{"damage_healed":16.0,"max_hp_gain":0.0,"max_hp_loss":0.0,"gold_gain":0.0,"event_name":"The Cleric","player_choice":"Healed","floor":3.0,"gold_loss":35.0,"damage_taken":0.0},{"damage_healed":0.0,"max_hp_gain":0.0,"max_hp_loss":0.0,"gold_gain":0.0,"event_name":"Match and Keep!","player_choice":"0 cards matched","floor":20.0,"gold_loss":0.0,"damage_taken":0.0,"cards_obtained":[]},{"damage_healed":0.0,"max_hp_gain":0.0,"max_hp_loss":0.0,"gold_gain":0.0,"event_name":"The Mausoleum","player_choice":"Ignored","floor":24.0,"gold_loss":0.0,"damage_taken":0.0},{"damage_healed":0.0,"max_hp_gain":0.0,"max_hp_loss":0.0,"gold_gain":0.0,"event_name":"Mysterious Sphere","player_choice":"Ignored","floor":36.0,"gold_loss":0.0,"damage_taken":0.0},{"damage_healed":0.0,"max_hp_gain":0.0,"max_hp_loss":3.0,"gold_gain":0.0,"event_name":"Winding Halls","player_choice":"Max HP","floor":39.0,"gold_loss":0.0,"damage_taken":0.0},{"damage_healed":0.0,"max_hp_gain":0.0,"max_hp_loss":0.0,"gold_gain":0.0,"event_name":"Accursed Blacksmith","player_choice":"Forge","floor":41.0,"gold_loss":0.0,"damage_taken":0.0,"cards_upgraded":["Malaise"]},{"damage_healed":0.0,"max_hp_gain":0.0,"max_hp_loss":0.0,"gold_gain":0.0,"event_name":"SensoryStone","player_choice":"Memory 2","floor":46.0,"gold_loss":0.0,"damage_taken":5.0}],"is_beta":true,"boss_relics":[{"not_picked":["Orrery","Philosopher\u0027s Stone"],"picked":"Ring of the Serpent"},{"not_picked":["Eternal Feather","Fusion Hammer"],"picked":"Busted Crown"}],"items_purged_floors":[21,37],"is_endless":false,"potions_floor_spawned":[11,12,14,16,19,29,33,35,38],"killed_by":"Time Eater","ascension_level":20}