{"gold_per_floor":[118,137,85,85,101,136,101,101,154,173,173,201,201,212,212,212],"floor_reached":16,"playtime":279,"items_purged":[],"score":220,"play_id":"d838388c-53e9-45b9-9923-e93175284575","local_time":"20181121171534","is_ascension_mode":true,"campfire_choices":[{"data":"Neutralize","floor":8,"key":"SMITH"},{"floor":15,"key":"REST"}],"neow_cost":"NONE","seed_source_timestamp":594134503301852,"circlet_count":0,"master_deck":["AscendersBane","Defend_G","Defend_G","Defend_G","Defend_G","Defend_G","Strike_G","Strike_G","Strike_G","Strike_G","Strike_G","Survivor","Neutralize+1","Sucker Punch","Quick Slash","Poisoned Stab","Neutralize","PiercingWail","Cloak And Dagger","PiercingWail"],"relics":["Ring of the Snake","NeowsBlessing","Strawberry","Art of War","Pear","Letter Opener","CultistMask"],"potions_floor_usage":[12,16],"damage_taken":[{"damage":0,"enemies":"Cultist","floor":1,"turns":1},{"damage":0,"enemies":"Small Slimes","floor":2,"turns":1},{"damage":0,"enemies":"Jaw Worm","floor":5,"turns":1},{"damage":49,"enemies":"3 Sentries","floor":6,"turns":10},{"damage":10,"enemies":"Large Slime","floor":10,"turns":5},{"damage":23,"enemies":"Gremlin Nob","floor":12,"turns":4},{"damage":0,"enemies":"Lots of Slimes","floor":14,"turns":6},{"damage":27,"enemies":"The Guardian","floor":16,"turns":3}],"seed_played":"-583483685474733791","potions_obtained":[{"floor":6,"key":"Poison Potion"},{"floor":10,"key":"FairyPotion"},{"floor":14,"key":"PowerPotion"}],"is_trial":false,"path_per_floor":["M","M","$","?","M","E","?","R","T","M","T","E","?","M","R","B"],"character_chosen":"THE_SILENT","items_purchased":["Poisoned Stab"],"campfire_rested":1,"item_purchase_floors":[3],"current_hp_per_floor":[59,59,59,59,59,17,35,35,35,25,35,12,12,12,36,9],"gold":212,"neow_bonus":"THREE_ENEMY_KILL","is_prod":false,"is_daily":false,"chose_seed":false,"campfire_upgraded":1,"win_rate":0,"timestamp":1542845734,"path_taken":["M","M","$","?","?","E","?","R","T","M","?","E","?","M","R","BOSS"],"build_version":"2018-11-15","purchased_purges":0,"victory":false,"max_hp_per_floor":[66,66,66,66,66,73,73,73,73,73,83,83,83,83,83,83],"card_choices":[{"not_picked":["Backflip","Riddle With Holes"],"picked":"Sucker Punch","floor":1},{"not_picked":["Finisher","Prepared"],"picked":"Quick Slash","floor":2},{"not_picked":["Bane","Prepared","Reflex"],"picked":"SKIP","floor":5},{"not_picked":["Dodge and Roll","Quick Slash"],"picked":"PiercingWail","floor":6},{"not_picked":["Flying Knee","Choke"],"picked":"Cloak And Dagger","floor":10},{"not_picked":["Bane","Outmaneuver"],"picked":"PiercingWail","floor":12},{"not_picked":["Masterful Stab","Venomology","Skewer"],"picked":"SKIP","floor":14}],"player_experience":970976,"relics_obtained":[{"floor":6,"key":"Strawberry"},{"floor":9,"key":"Art of War"},{"floor":11,"key":"Pear"},{"floor":12,"key":"Letter Opener"}],"event_choices":[{"damage_healed":0,"gold_gain":0,"player_choice":"1 cards matched","damage_taken":0,"max_hp_gain":0,"max_hp_loss":0,"event_name":"Match and Keep!","floor":4,"gold_loss":0,"cards_obtained":["Neutralize"]},{"damage_healed":18,"gold_gain":0,"player_choice":"Healed","damage_taken":0,"max_hp_gain":0,"max_hp_loss":0,"event_name":"The Cleric","floor":7,"gold_loss":35},{"damage_healed":0,"gold_gain":0,"player_choice":"Trade","damage_taken":0,"relics_obtained":["CultistMask"],"max_hp_gain":0,"max_hp_loss":0,"event_name":"FaceTrader","floor":13,"gold_loss":0}],"is_beta":true,"boss_relics":[],"items_purged_floors":[],"is_endless":false,"potions_floor_spawned":[6,10,14],"killed_by":"The Guardian","ascension_level":20}