{"gold_per_floor":[119,119,12,12,12,45,58,58,58,87,87,162,188,188,188,262,262,272,197,245,293,293,293,323,334,359,392,408,408,419,419,419,494,494,504,524,524,524,538,538,551,604,604,604,604,604,635,735,735,735,735,735,5,33,33],"floor_reached":56,"playtime":3416,"items_purged":["Strike_B"],"score":1941,"play_id":"eb0b5bd2-94fd-4761-babb-a86d9babea9f","local_time":"20190324022509","is_ascension_mode":true,"campfire_choices":[{"data":"Zap","floor":8,"key":"SMITH"},{"data":"Dualcast","floor":11,"key":"SMITH"},{"data":"Hologram","floor":15,"key":"SMITH"},{"data":"Biased Cognition","floor":23,"key":"SMITH"},{"floor":29,"key":"REST"},{"data":"Loop","floor":32,"key":"SMITH"},{"data":"Heatsinks","floor":40,"key":"SMITH"},{"floor":44,"key":"RECALL"},{"floor":46,"key":"REST"},{"floor":49,"key":"REST"},{"floor":52,"key":"REST"}],"neow_cost":"NONE","seed_source_timestamp":604991646865220,"circlet_count":0,"master_deck":["AscendersBane","Strike_B","Strike_B+1","Defend_B","Defend_B","Defend_B","Zap+1","Dualcast+1","Hologram+1","Ball Lightning","Reinforced Body+1","BootSequence+1","Coolheaded+1","Redo+1","Consume+1","Biased Cognition+1","Cold Snap","Loop+1","Heatsinks+1","White Noise+1","Reprogram+1","Buffer+1","Leap+1","Fusion+1","Darkness+1","Echo Form","BootSequence+1","Storm","Blind+1","Buffer+1","Cold Snap+1"],"relics":["FrozenCore","NeowsBlessing","Symbiotic Virus","Toxic Egg 2","Odd Mushroom","Pantograph","Inserter","DataDisk","Omamori","Lantern","Bronze Scales","Bottled Lightning","Mercury Hourglass","Bird Faced Urn","Shuriken","Centennial Puzzle","Bag of Marbles","DollysMirror","Gremlin Horn"],"potions_floor_usage":[10,24,25,30,41,47,47,54,54,54,55],"damage_taken":[{"damage":0,"enemies":"2 Louse","floor":1,"turns":1},{"damage":0,"enemies":"Gremlin Nob","floor":6,"turns":1},{"damage":0,"enemies":"Jaw Worm","floor":7,"turns":1},{"damage":0,"enemies":"The Mushroom Lair","floor":10,"turns":3},{"damage":8,"enemies":"3 Sentries","floor":13,"turns":6},{"damage":6,"enemies":"Hexaghost","floor":16,"turns":8},{"damage":0,"enemies":"Chosen","floor":18,"turns":4},{"damage":0,"enemies":"Slavers","floor":24,"turns":5},{"damage":18,"enemies":"2 Thieves","floor":25,"turns":3},{"damage":3,"enemies":"Gremlin Leader","floor":27,"turns":6},{"damage":21,"enemies":"Cultist and Chosen","floor":28,"turns":5},{"damage":6,"enemies":"Snake Plant","floor":30,"turns":2},{"damage":24,"enemies":"Champ","floor":33,"turns":8},{"damage":0,"enemies":"3 Shapes","floor":35,"turns":4},{"damage":0,"enemies":"Orb Walker","floor":36,"turns":3},{"damage":7,"enemies":"Jaw Worm Horde","floor":39,"turns":6},{"damage":0,"enemies":"Maw","floor":41,"turns":8},{"damage":29,"enemies":"2 Orb Walkers","floor":42,"turns":5},{"damage":34,"enemies":"Reptomancer","floor":47,"turns":5},{"damage":60,"enemies":"Awakened One","floor":50,"turns":12},{"damage":39,"enemies":"Shield and Spear","floor":54,"turns":5},{"damage":64,"enemies":"The Heart","floor":55,"turns":14}],"seed_played":"1861943448511951257","potions_obtained":[{"floor":6,"key":"SkillPotion"},{"floor":16,"key":"SkillPotion"},{"floor":18,"key":"FocusPotion"},{"floor":25,"key":"LiquidBronze"},{"floor":33,"key":"Block Potion"},{"floor":39,"key":"SteroidPotion"},{"floor":41,"key":"SteroidPotion"},{"floor":47,"key":"Energy Potion"}],"is_trial":false,"path_per_floor":["M","?","$","?","$","E","M","R","T","?","R","?","E","?","R","B",null,"M","?","T","T","?","R","E","M","T","E","M","R","M","?","R","B",null,"M","M","?","?","M","R","M","?","T","R","?","R","E","?","R","B",null,"R","$","E","B",null],"character_chosen":"DEFECT","items_purchased":["Ball Lightning","Reinforced Body","Bag of Marbles","BootSequence+1","EntropicBrew","Storm","Blind+1","DollysMirror"],"campfire_rested":4,"item_purchase_floors":[3,3,53,53,53,53,53,53],"current_hp_per_floor":[64,61,61,54,54,54,54,54,54,54,54,43,35,21,21,40,63,63,63,63,63,63,63,63,45,45,42,21,42,36,36,36,37,63,63,63,71,71,64,64,64,35,35,35,35,56,30,30,51,19,58,71,71,44,25],"gold":33,"neow_bonus":"THREE_ENEMY_KILL","is_prod":false,"is_daily":false,"chose_seed":false,"campfire_upgraded":6,"win_rate":0,"timestamp":1553408709,"path_taken":["M","?","?","?","?","E","?","R","T","?","R","?","E","?","R","BOSS","M","?","?","?","?","R","E","M","T","E","?","R","M","?","R","BOSS","M","M","?","?","M","R","?","?","T","R","?","R","E","?","R","BOSS","R","$","E","BOSS"],"build_version":"2019-01-23","purchased_purges":1,"victory":true,"max_hp_per_floor":[71,71,71,71,71,71,71,71,71,71,71,71,71,71,71,71,71,71,71,71,71,71,71,71,71,71,71,71,71,71,71,71,71,71,71,71,71,71,71,71,71,71,71,71,71,71,71,71,71,71,71,71,71,71,71],"card_choices":[{"not_picked":["Turbo","Steam"],"picked":"Hologram","floor":1},{"not_picked":["Doom and Gloom","Steam"],"picked":"BootSequence","floor":6},{"not_picked":["Leap+1","Double Energy+1"],"picked":"Coolheaded+1","floor":7},{"not_picked":["Heatsinks","Leap+1"],"picked":"Redo+1","floor":10},{"not_picked":["Heatsinks","Chill+1"],"picked":"Consume+1","floor":13},{"not_picked":["Machine Learning","Buffer"],"picked":"Biased Cognition","floor":16},{"not_picked":["Steam+1","Stack+1"],"picked":"Cold Snap","floor":18},{"not_picked":["Coolheaded+1","Rebound"],"picked":"Loop","floor":24},{"not_picked":["Skim+1","Barrage"],"picked":"Heatsinks","floor":25},{"not_picked":["Doom and Gloom","Streamline","Beam Cell"],"picked":"SKIP","floor":27},{"not_picked":["Reinforced Body+1","Ball Lightning"],"picked":"White Noise+1","floor":28},{"not_picked":["Ball Lightning","Turbo+1"],"picked":"Reprogram+1","floor":30},{"not_picked":["Reboot+1","Meteor Strike"],"picked":"Buffer","floor":33},{"not_picked":["Turbo+1","Ball Lightning"],"picked":"Leap+1","floor":35},{"not_picked":["Ball Lightning+1","Coolheaded+1"],"picked":"Fusion+1","floor":36},{"not_picked":["Barrage","Rebound","Leap+1"],"picked":"SKIP","floor":39},{"not_picked":["Self Repair","Gash"],"picked":"Darkness+1","floor":41},{"not_picked":["Scrape","Go for the Eyes"],"picked":"Echo Form","floor":47},{"not_picked":["Streamline","Electrodynamics"],"picked":"Cold Snap+1","floor":54}],"player_experience":1383374,"relics_obtained":[{"floor":6,"key":"Toxic Egg 2"},{"floor":10,"key":"Odd Mushroom"},{"floor":13,"key":"Pantograph"},{"floor":20,"key":"DataDisk"},{"floor":21,"key":"Omamori"},{"floor":24,"key":"Lantern"},{"floor":26,"key":"Bronze Scales"},{"floor":27,"key":"Bottled Lightning"},{"floor":42,"key":"Bird Faced Urn"},{"floor":43,"key":"Shuriken"},{"floor":47,"key":"Centennial Puzzle"},{"floor":54,"key":"Gremlin Horn"}],"event_choices":[{"damage_healed":0,"gold_gain":0,"player_choice":"Success","damage_taken":3,"relics_obtained":["Symbiotic Virus"],"max_hp_gain":0,"max_hp_loss":0,"event_name":"Scrap Ooze","floor":2,"gold_loss":0},{"cards_removed":["Defend_B"],"damage_healed":0,"gold_gain":0,"player_choice":"Card Removal","damage_taken":7,"max_hp_gain":0,"max_hp_loss":0,"event_name":"Golden Wing","floor":4,"gold_loss":0},{"damage_healed":0,"gold_gain":0,"player_choice":"Fought Mushrooms","damage_taken":0,"max_hp_gain":0,"max_hp_loss":0,"event_name":"Mushrooms","floor":10,"gold_loss":0},{"damage_healed":0,"gold_gain":75,"player_choice":"Gather Gold","damage_taken":11,"max_hp_gain":0,"max_hp_loss":0,"event_name":"World of Goop","floor":12,"gold_loss":0},{"damage_healed":0,"gold_gain":0,"player_choice":"Entered Light","damage_taken":14,"max_hp_gain":0,"max_hp_loss":0,"event_name":"Shining Light","floor":14,"gold_loss":0,"cards_upgraded":["Reinforced Body","Strike_B"]},{"cards_removed":["Strike_B"],"damage_healed":0,"gold_gain":0,"player_choice":"Gave Gold","damage_taken":0,"max_hp_gain":0,"max_hp_loss":0,"event_name":"Beggar","floor":19,"gold_loss":75},{"damage_healed":0,"gold_gain":0,"player_choice":"Ignored","damage_taken":0,"max_hp_gain":0,"max_hp_loss":0,"event_name":"Vampires","floor":22,"gold_loss":0},{"damage_healed":0,"gold_gain":0,"player_choice":"Opened","damage_taken":0,"relics_obtained":["Mercury Hourglass"],"max_hp_gain":0,"max_hp_loss":0,"event_name":"The Mausoleum","floor":31,"gold_loss":0},{"damage_healed":18,"gold_gain":0,"player_choice":"Writhe","damage_taken":0,"max_hp_gain":0,"max_hp_loss":0,"event_name":"Winding Halls","floor":37,"gold_loss":0,"cards_obtained":["Writhe"]},{"damage_healed":0,"gold_gain":0,"player_choice":"Upgraded","damage_taken":0,"max_hp_gain":0,"max_hp_loss":0,"event_name":"Upgrade Shrine","floor":38,"gold_loss":0,"cards_upgraded":["Buffer"]},{"damage_healed":0,"gold_gain":0,"player_choice":"Fight","damage_taken":0,"max_hp_gain":0,"max_hp_loss":0,"event_name":"Mysterious Sphere","floor":42,"gold_loss":0},{"damage_healed":0,"gold_gain":0,"player_choice":"Ignored","damage_taken":0,"max_hp_gain":0,"max_hp_loss":0,"event_name":"Tomb of Lord Red Mask","floor":45,"gold_loss":0},{"damage_healed":0,"gold_gain":100,"player_choice":"Pray","damage_taken":0,"max_hp_gain":0,"max_hp_loss":0,"event_name":"Golden Shrine","floor":48,"gold_loss":0}],"is_beta":false,"boss_relics":[{"not_picked":["Eternal Feather","White Beast Statue"],"picked":"Inserter"},{"not_picked":["Black Star","Sozu"],"picked":"FrozenCore"}],"items_purged_floors":[53],"is_endless":false,"potions_floor_spawned":[6,16,18,25,33,39,41,47],"ascension_level":14}