{"gold_per_floor":[115,190,170,189,30,50,50,68,68,89,89,89,117,130,130,205,205,217,233,233],"floor_reached":20,"playtime":616,"items_purged":["Strike_R"],"score":339,"play_id":"daf6989a-56de-4a76-a3fc-0c4c5c6fcb12","local_time":"20190215142436","is_ascension_mode":true,"campfire_choices":[{"data":"Havoc","floor":7.0,"key":"SMITH"},{"data":"Juggernaut","floor":11.0,"key":"SMITH"},{"data":"Metallicize","floor":15.0,"key":"SMITH"}],"neow_cost":"NONE","seed_source_timestamp":0,"circlet_count":0,"master_deck":["AscendersBane","Strike_R","Strike_R","Strike_R","Defend_R","Defend_R","Defend_R","Defend_R","Bash","Twin Strike","Metallicize+1","Havoc+1","Armaments","Juggernaut+1","Warcry","Exhume","Immolate","Feel No Pain","Flame Barrier"],"special_seed":0,"relics":["Burning Blood","NeowsBlessing","Question Card","Odd Mushroom","Centennial Puzzle","Runic Pyramid"],"potions_floor_usage":[20],"damage_taken":[{"damage":0.0,"enemies":"Jaw Worm","floor":1.0,"turns":1.0},{"damage":0.0,"enemies":"2 Louse","floor":4.0,"turns":1.0},{"damage":0.0,"enemies":"Cultist","floor":6.0,"turns":1.0},{"damage":20.0,"enemies":"Red Slaver","floor":8.0,"turns":6.0},{"damage":19.0,"enemies":"The Mushroom Lair","floor":10.0,"turns":6.0},{"damage":15.0,"enemies":"3 Sentries","floor":13.0,"turns":7.0},{"damage":8.0,"enemies":"Looter","floor":14.0,"turns":4.0},{"damage":26.0,"enemies":"Hexaghost","floor":16.0,"turns":11.0},{"damage":34,"enemies":"2 Thieves","floor":18,"turns":4},{"damage":18,"enemies":"3 Byrds","floor":19,"turns":4},{"damage":25,"enemies":"Snake Plant","floor":20,"turns":2}],"seed_played":"-5349924865912527845","potions_obtained":[{"floor":3.0,"key":"Strength Potion"},{"floor":6.0,"key":"Dexterity Potion"},{"floor":16.0,"key":"Swift Potion"}],"is_trial":false,"path_per_floor":["M","?","?","M","$","M","R","M","T","?","R","?","E","M","R","B",null,"M","M","M"],"character_chosen":"IRONCLAD","items_purchased":["Metallicize"],"campfire_rested":0,"item_purchase_floors":[5],"current_hp_per_floor":[74,63,63,69,69,75,75,61,61,48,48,48,39,37,37,17,61,33,21,0],"gold":233,"neow_bonus":"THREE_ENEMY_KILL","is_prod":false,"is_daily":false,"chose_seed":false,"campfire_upgraded":3,"win_rate":0,"timestamp":1550265876,"path_taken":["M","?","?","?","?","M","R","M","T","?","R","?","E","M","R","BOSS","M","?","M"],"build_version":"2019-02-06","purchased_purges":1,"victory":false,"max_hp_per_floor":[75,75,75,75,75,75,75,75,75,75,75,75,75,75,75,75,75,75,75,75],"card_choices":[{"not_picked":["Clash","Iron Wave"],"picked":"Twin Strike","floor":1.0},{"not_picked":["Flex","Reckless Charge","Searing Blow"],"picked":"SKIP","floor":4.0},{"not_picked":["Dual Wield","Anger"],"picked":"Havoc","floor":6.0},{"not_picked":["Iron Wave","Pummel"],"picked":"Armaments","floor":8.0},{"not_picked":["Sword Boomerang","Fire Breathing","Evolve"],"picked":"Juggernaut","floor":10.0},{"not_picked":["Infernal Blade","Cleave","Headbutt"],"picked":"Warcry","floor":13.0},{"not_picked":["Headbutt","Perfected Strike","Body Slam"],"picked":"Exhume","floor":14.0},{"not_picked":["Demon Form","Bludgeon","Double Tap"],"picked":"Immolate","floor":16.0},{"not_picked":["True Grit","Flex","Rampage"],"picked":"Feel No Pain","floor":18},{"not_picked":["Body Slam","Twin Strike","Perfected Strike"],"picked":"Flame Barrier","floor":19}],"player_experience":1087322,"relics_obtained":[{"floor":9.0,"key":"Question Card"},{"floor":10.0,"key":"Odd Mushroom"},{"floor":13.0,"key":"Centennial Puzzle"}],"event_choices":[{"damage_healed":0.0,"max_hp_gain":0.0,"max_hp_loss":0.0,"gold_gain":75.0,"event_name":"World of Goop","player_choice":"Gather Gold","floor":2.0,"gold_loss":0.0,"damage_taken":11.0},{"damage_healed":0.0,"max_hp_gain":0.0,"max_hp_loss":0.0,"gold_gain":0.0,"event_name":"The Woman in Blue","player_choice":"Bought 1 Potion","floor":3.0,"gold_loss":0.0,"damage_taken":0.0},{"damage_healed":0.0,"max_hp_gain":0.0,"max_hp_loss":0.0,"gold_gain":0.0,"event_name":"Mushrooms","player_choice":"Fought Mushrooms","floor":10.0,"gold_loss":0.0,"damage_taken":0.0},{"cards_removed":["Strike_R"],"damage_healed":0.0,"max_hp_gain":0.0,"max_hp_loss":0.0,"gold_gain":0.0,"event_name":"Purifier","player_choice":"Purged","floor":12.0,"gold_loss":0.0,"damage_taken":0.0}],"is_beta":true,"boss_relics":[{"not_picked":["Eternal Feather","Empty Cage"],"picked":"Runic Pyramid"}],"items_purged_floors":[5],"is_endless":false,"potions_floor_spawned":[6,10,16],"killed_by":"Snake Plant","ascension_level":19}