{"path_per_floor":["M","?","$","M","?","R","$","M","T","$","R","T","R","M","R","B",null,"M","$","?","?","M","R","E","M","T","E","M"],"character_chosen":"THE_SILENT","items_purchased":["Molten Egg 2","Outmaneuver","Die Die Die","Well Laid Plans"],"gold_per_floor":[118,368,46,61,61,61,35,46,72,72,72,98,98,112,112,191,221,239,13,13,13,26,26,61,74,74,103,117,117],"floor_reached":29,"campfire_rested":0,"playtime":1383,"current_hp_per_floor":[52,52,52,52,34,34,34,34,34,34,34,34,34,34,34,26,66,52,52,68,68,56,56,30,10,24,4,2,0],"items_purged":["Regret"],"gold":117,"score":464,"play_id":"a2b135e5-87e4-4408-8202-0f7b1fe63632","local_time":"20180411110611","is_prod":false,"is_daily":false,"is_ascension_mode":true,"campfire_upgraded":5,"timestamp":1523459171,"path_taken":["M","?","?","M","?","R","$","M","T","?","R","?","R","M","R","BOSS","M","$","?","?","M","R","E","M","T","E","?","M"],"build_version":"2018-04-05v2","purchased_purges":2,"victory":false,"master_deck":["Defend_G","Defend_G","Defend_G","Defend_G","Defend_G","Strike_G+1","Strike_G","Strike_G","Strike_G","Strike_G","Survivor","Neutralize+1","AscendersBane","Terror+1","Backflip+1","Outmaneuver","Flying Knee+1","Malaise+1","A Thousand Cuts+1","Bouncing Flask","Cloak And Dagger","Die Die Die+1","Well Laid Plans","Riddle With Holes+1","Endless Agony+1","Cloak And Dagger","Dagger Spray+1","Riddle With Holes+1"],"max_hp_per_floor":[73,73,73,73,73,73,73,73,73,73,73,73,73,73,73,73,78,78,78,78,78,78,78,78,78,92,92,92,92],"relics":["Ring of the Snake","Strawberry","Molten Egg 2","Unceasing Top","Art of War","Pen Nib","Tiny House","Gambling Chip","Mango","Bag of Marbles"],"card_choices":[{"not_picked":["Cloak And Dagger","Quick Slash"],"picked":"Terror","floor":1},{"not_picked":["Escape Plan","Outmaneuver"],"picked":"Backflip","floor":4},{"not_picked":["Dagger Spray","Underhanded Strike"],"picked":"Flying Knee","floor":8},{"not_picked":["Calculated Gamble","Escape Plan"],"picked":"Malaise","floor":14},{"not_picked":["Wraith Form","Corpse Explosion"],"picked":"A Thousand Cuts","floor":16},{"not_picked":["Distraction","Dodge and Roll"],"picked":"Bouncing Flask","floor":17},{"not_picked":["Quick Slash","Eviscerate"],"picked":"Cloak And Dagger","floor":18},{"not_picked":["Deadly Poison","Acrobatics"],"picked":"Riddle With Holes","floor":22},{"not_picked":["Reflex","Calculated Gamble"],"picked":"Endless Agony","floor":24},{"not_picked":["Caltrops","Well Laid Plans"],"picked":"Cloak And Dagger","floor":25},{"not_picked":["Noxious Fumes","Terror"],"picked":"Dagger Spray","floor":27},{"not_picked":["Infinite Blades","Reflex"],"picked":"Riddle With Holes","floor":28}],"player_experience":819535,"potions_floor_usage":[18,24,24,28],"damage_taken":[{"damage":14,"enemies":"Cultist","floor":1,"turns":8},{"damage":0,"enemies":"Jaw Worm","floor":4,"turns":3},{"damage":0,"enemies":"2 Louse","floor":8,"turns":5},{"damage":0,"enemies":"Looter","floor":14,"turns":3},{"damage":8,"enemies":"Hexaghost","floor":16,"turns":16},{"damage":14,"enemies":"Chosen","floor":18,"turns":7},{"damage":12,"enemies":"2 Thieves","floor":22,"turns":4},{"damage":26,"enemies":"Gremlin Leader","floor":24,"turns":8},{"damage":20,"enemies":"Centurion and Healer","floor":25,"turns":5},{"damage":20,"enemies":"Slavers","floor":27,"turns":2},{"damage":2,"enemies":"Snecko","floor":28,"turns":3},{"damage":6,"enemies":"Snake Plant","floor":29,"turns":2}],"event_choices":[{"event_name":"Golden Shrine","player_choice":"Desecrate","floor":2,"damage_taken":0},{"event_name":"Scrap Ooze","player_choice":"success","floor":5,"damage_taken":18},{"event_name":"The Library","player_choice":"Heal","floor":20,"damage_taken":0},{"event_name":"Ghosts","player_choice":"Ignored","floor":21,"damage_taken":0}],"boss_relics":[{"not_picked":["Snecko Eye","Astrolabe"],"picked":"Tiny House"}],"potions_floor_spawned":[1,16,25],"seed_played":"-6442489834547900159","killed_by":"Snake Plant","ascension_level":15,"is_trial":false}