{"path_per_floor":["M","$","M","?","M","E","R","M","T","R","?","R","?","E","R","B",null,"M","?","?","$","?","E","$"],"character_chosen":"THE_SILENT","items_purchased":["Infinite Blades","Choke","Explosive Potion","Tough Bandages","Mummified Hand"],"gold_per_floor":[366,133,147,147,162,192,192,212,236,236,236,236,236,268,268,371,371,385,385,300,55,255,285,36],"floor_reached":25,"campfire_rested":0,"playtime":1102,"current_hp_per_floor":[62,60,60,60,60,42,42,38,38,38,58,58,52,47,47,30,58,55,43,43,43,43,8,8],"items_purged":["Parasite"],"gold":36,"score":349,"play_id":"6df673f1-7f5c-4dfa-903a-52df9bc29db1","local_time":"20180320113016","is_prod":false,"is_daily":false,"is_ascension_mode":true,"campfire_upgraded":4,"timestamp":1521559816,"path_taken":["M","$","M","?","?","E","R","M","T","R","?","R","?","E","R","BOSS","M","?","?","$","?","E","$","M"],"build_version":"2018-03-15v3","purchased_purges":3,"victory":false,"master_deck":["Defend_G","Defend_G","Defend_G","Defend_G","Defend_G","Strike_G","Strike_G","Strike_G","Strike_G","Strike_G","Survivor","Neutralize","Caltrops+1","Infinite Blades+1","Choke","Finisher","Dash+1","Infinite Blades+1","Terror","Calculated Gamble","Dagger Throw","After Image","PiercingWail+1","Caltrops+1"],"max_hp_per_floor":[63,60,60,60,60,60,60,60,60,60,60,60,60,67,67,67,67,67,72,72,72,72,72,72],"relics":["Ring of the Snake","Ornamental Fan","Juzu Bracelet","Strawberry","Runic Dome","Pantograph","Tough Bandages","Happy Flower","Mummified Hand"],"card_choices":[{"not_picked":["Flying Knee","Backflip"],"picked":"Caltrops"},{"not_picked":["Quick Slash","Bouncing Flask"],"picked":"Finisher"},{"not_picked":["Endless Agony","PiercingWail"],"picked":"Infinite Blades"},{"not_picked":["Underhanded Strike","Distraction"],"picked":"Terror"},{"not_picked":["Expertise","Underhanded Strike"],"picked":"Calculated Gamble"},{"not_picked":["Backstab","Slice"],"picked":"Dagger Throw"},{"not_picked":["Burst","Bullet Time"],"picked":"After Image"},{"not_picked":["Infinite Blades","Bane"],"picked":"PiercingWail"},{"not_picked":["Glass Knife","Sucker Punch"],"picked":"Caltrops"}],"player_experience":573929,"potions_floor_usage":[6,8,14,16,23,25],"damage_taken":[{"damage":1,"enemies":"Cultist","floor":1,"turns":5},{"damage":0,"enemies":"Small Slimes","floor":3,"turns":3},{"damage":0,"enemies":"Jaw Worm","floor":5,"turns":4},{"damage":18,"enemies":"3 Sentries","floor":6,"turns":6},{"damage":4,"enemies":"Red Slaver","floor":8,"turns":5},{"damage":12,"enemies":"Gremlin Nob","floor":14,"turns":4},{"damage":29,"enemies":"Slime Boss","floor":16,"turns":9},{"damage":3,"enemies":"Shell Parasite","floor":18,"turns":4},{"damage":35,"enemies":"Gremlin Leader","floor":23,"turns":6},{"damage":12,"enemies":"Chosen","floor":25,"turns":2}],"event_choices":[{"event_name":"Match and Keep!","player_choice":"1 cards matched","floor":4,"damage_taken":0},{"event_name":"Big Fish","player_choice":"Banana","floor":11,"damage_taken":0},{"event_name":"Wheel of Change","player_choice":"Damage","floor":13,"damage_taken":0},{"event_name":"Forgotten Altar","player_choice":"Shed Blood","floor":19,"damage_taken":0},{"event_name":"Addict","player_choice":"Obtained Relic","floor":20,"damage_taken":0},{"event_name":"Wheel of Change","player_choice":"Gold","floor":22,"damage_taken":0}],"boss_relics":[{"not_picked":["The Specimen","Velvet Choker"],"picked":"Runic Dome"}],"potions_floor_spawned":[6,8,14,16,18],"seed_played":"-634822972987941","killed_by":"Chosen","ascension_level":11,"is_trial":false}