{"gold_per_floor":[110,110,125,23,23,54,54,54,111,136,136,136,148,183,183,279,279,295,295,314,97,97,129,129,160,160,160,213,213,225,235,235,332,332,342,365,284,284,284,318,318,346,358,40,51,71,71,87,87,87],"floor_reached":51,"playtime":3814,"items_purged":["Strike_G","Prepared+1"],"score":1223,"play_id":"e6c64502-6b19-4528-9c3c-2c29f32f6d50","local_time":"20190511155212","is_ascension_mode":true,"campfire_choices":[{"data":"Neutralize","floor":7,"key":"SMITH"},{"floor":15,"key":"REST"},{"data":"Bullet Time","floor":24,"key":"SMITH"},{"data":"Bouncing Flask","floor":27,"key":"SMITH"},{"data":"Leg Sweep","floor":29,"key":"SMITH"},{"floor":32,"key":"REST"},{"floor":41,"key":"REST"},{"floor":49,"key":"REST"}],"neow_cost":"NONE","seed_source_timestamp":589285350750613,"circlet_count":0,"master_deck":["AscendersBane","Defend_G+1","Defend_G+1","Defend_G+1","Defend_G+1","Defend_G+1","Strike_G+1","Strike_G+1","Strike_G+1","Survivor","Neutralize+1","Deflect+1","Predator","Backflip","Well Laid Plans","Bullet Time+1","Dagger Throw","Backflip+1","A Thousand Cuts+1","Sucker Punch+1","PiercingWail","Leg Sweep+1","Well Laid Plans+1","Envenom+1","Bouncing Flask+1","Dash","Envenom+1","Caltrops+1","Footwork+1","Mayhem+1","Thinking Ahead+1","Acrobatics+1","Choke+1","Blade Dance+1","A Thousand Cuts+1","PiercingWail+1","Deflect+1","Finisher+1"],"relics":["Ring of the Serpent","NeowsBlessing","Art of War","Mummified Hand","Tiny Chest","Omamori","Mercury Hourglass","Frozen Egg 2","Ginger","Gambling Chip","Blue Candle","Kunai","Pen Nib","Fusion Hammer","PreservedInsect","Dream Catcher","MawBank","War Paint","Oddly Smooth Stone"],"potions_floor_usage":[16,50,50],"damage_taken":[{"damage":0,"enemies":"2 Louse","floor":1,"turns":1},{"damage":0,"enemies":"Cultist","floor":3,"turns":1},{"damage":0,"enemies":"Gremlin Nob","floor":6,"turns":1},{"damage":3,"enemies":"3 Sentries","floor":10,"turns":9},{"damage":1,"enemies":"Small Slimes","floor":13,"turns":3},{"damage":6,"enemies":"Lagavulin","floor":14,"turns":7},{"damage":44,"enemies":"Hexaghost","floor":16,"turns":16},{"damage":0,"enemies":"Shell Parasite","floor":18,"turns":6},{"damage":7,"enemies":"3 Byrds","floor":20,"turns":4},{"damage":4,"enemies":"Gremlin Leader","floor":23,"turns":7},{"damage":14,"enemies":"Slavers","floor":25,"turns":5},{"damage":1,"enemies":"Centurion and Healer","floor":30,"turns":4},{"damage":0,"enemies":"Shelled Parasite and Fungi","floor":31,"turns":4},{"damage":2,"enemies":"Automaton","floor":33,"turns":10},{"damage":0,"enemies":"Orb Walker","floor":35,"turns":3},{"damage":14,"enemies":"Nemesis","floor":40,"turns":5},{"damage":0,"enemies":"Giant Head","floor":42,"turns":5},{"damage":10,"enemies":"3 Darklings","floor":45,"turns":3},{"damage":27,"enemies":"Spire Growth","floor":46,"turns":4},{"damage":19,"enemies":"Writhing Mass","floor":48,"turns":3},{"damage":14,"enemies":"Time Eater","floor":50,"turns":11}],"seed_played":"5234957067217781864","potions_obtained":[{"floor":1,"key":"Block Potion"},{"floor":6,"key":"Swift Potion"},{"floor":10,"key":"SneckoOil"},{"floor":31,"key":"GamblersBrew"},{"floor":42,"key":"EssenceOfSteel"},{"floor":45,"key":"Ancient Potion"}],"is_trial":false,"path_per_floor":["M","?","M","$","?","E","R","?","T","E","T","T","M","E","R","B",null,"M","?","M","$","?","E","R","E","T","R","T","R","M","M","R","B",null,"M","T","$","?","?","E","R","E","T","$","M","M","T","M","R","B",null],"character_chosen":"THE_SILENT","items_purchased":["Backflip","Well Laid Plans","Leg Sweep","Well Laid Plans+1","Footwork+1","A Thousand Cuts+1","War Paint"],"campfire_rested":4,"item_purchase_floors":[4,4,21,21,37,44,44],"current_hp_per_floor":[63,63,63,63,63,63,63,49,49,46,46,46,45,39,60,16,57,57,57,50,50,50,46,46,32,32,32,32,32,31,31,52,50,65,65,65,65,70,60,46,67,67,67,67,57,30,30,11,32,18],"gold":87,"neow_bonus":"THREE_ENEMY_KILL","is_prod":false,"is_daily":false,"chose_seed":false,"campfire_upgraded":4,"win_rate":0,"timestamp":1557586332,"path_taken":["M","?","M","?","?","E","R","?","T","E","?","?","M","E","R","BOSS","M","?","?","$","?","E","R","E","T","R","?","R","?","?","R","BOSS","M","?","$","?","?","E","R","E","T","$","M","M","?","?","R","BOSS"],"build_version":"2019-01-23","purchased_purges":2,"victory":true,"max_hp_per_floor":[70,70,70,70,70,70,70,70,70,70,70,70,70,70,70,70,70,70,70,70,70,70,70,70,70,70,70,70,70,70,70,70,70,70,70,70,70,70,70,70,70,70,70,70,70,70,70,70,70,70],"card_choices":[{"not_picked":["Masterful Stab","Skewer"],"picked":"Deflect","floor":1},{"not_picked":["Bane","Reflex"],"picked":"Predator","floor":3},{"not_picked":["Sucker Punch","Bane","Eviscerate"],"picked":"SKIP","floor":6},{"not_picked":["Acrobatics","Dodge and Roll"],"picked":"Bullet Time","floor":10},{"not_picked":["Flying Knee","Prepared"],"picked":"Dagger Throw","floor":13},{"not_picked":["Quick Slash","Reflex"],"picked":"Backflip","floor":14},{"not_picked":["Grand Finale","Venomology"],"picked":"A Thousand Cuts+1","floor":16},{"not_picked":["Poisoned Stab","Calculated Gamble"],"picked":"Sucker Punch+1","floor":18},{"not_picked":["Flying Knee","Sucker Punch"],"picked":"PiercingWail","floor":20},{"not_picked":["Skewer","Backflip"],"picked":"Envenom+1","floor":23},{"not_picked":["Bane","Dodge and Roll+1"],"picked":"Bouncing Flask","floor":25},{"not_picked":["Deadly Poison+1","Backflip"],"picked":"Prepared+1","floor":30},{"not_picked":["Dodge and Roll+1","Reflex"],"picked":"Dash","floor":31},{"not_picked":["Storm of Steel","Night Terror"],"picked":"Envenom+1","floor":33},{"not_picked":["Prepared+1","Bane"],"picked":"Caltrops+1","floor":35},{"not_picked":["Violence","Flash of Steel"],"picked":"Mayhem+1","floor":39},{"not_picked":["Trip","Forethought"],"picked":"Thinking Ahead","floor":39},{"not_picked":["Deflect","Bullet Time"],"picked":"Acrobatics+1","floor":40},{"not_picked":["Predator","Cloak And Dagger"],"picked":"Choke+1","floor":41},{"not_picked":["Deadly Poison+1","Accuracy+1"],"picked":"Blade Dance+1","floor":42},{"not_picked":["Masterful Stab+1","Prepared"],"picked":"PiercingWail+1","floor":45},{"not_picked":["Acrobatics","Sucker Punch"],"picked":"Deflect+1","floor":46},{"not_picked":["Flying Knee+1","Acrobatics"],"picked":"Finisher+1","floor":48}],"player_experience":366705,"relics_obtained":[{"floor":6,"key":"Mummified Hand"},{"floor":9,"key":"Tiny Chest"},{"floor":10,"key":"Omamori"},{"floor":11,"key":"Mercury Hourglass"},{"floor":12,"key":"Frozen Egg 2"},{"floor":14,"key":"Ginger"},{"floor":23,"key":"Gambling Chip"},{"floor":25,"key":"Blue Candle"},{"floor":26,"key":"Kunai"},{"floor":28,"key":"Pen Nib"},{"floor":36,"key":"PreservedInsect"},{"floor":40,"key":"Dream Catcher"},{"floor":42,"key":"MawBank"},{"floor":47,"key":"Oddly Smooth Stone"}],"event_choices":[{"damage_healed":0,"gold_gain":0,"player_choice":"Gave Potion","damage_taken":0,"relics_obtained":["Art of War"],"max_hp_gain":0,"max_hp_loss":0,"event_name":"WeMeetAgain","floor":2,"gold_loss":0},{"damage_healed":0,"gold_gain":0,"player_choice":"Leave","damage_taken":0,"max_hp_gain":0,"max_hp_loss":0,"event_name":"The Cleric","floor":5,"gold_loss":0},{"damage_healed":0,"gold_gain":0,"player_choice":"Entered Light","damage_taken":14,"max_hp_gain":0,"max_hp_loss":0,"event_name":"Shining Light","floor":8,"gold_loss":0,"cards_upgraded":["Deflect","Defend_G"]},{"cards_removed":["Strike_G"],"damage_healed":0,"gold_gain":0,"player_choice":"Purged","damage_taken":0,"max_hp_gain":0,"max_hp_loss":0,"event_name":"Purifier","floor":19,"gold_loss":0},{"damage_healed":0,"gold_gain":0,"player_choice":"Simplicity","damage_taken":0,"max_hp_gain":0,"max_hp_loss":0,"event_name":"Back to Basics","floor":22,"gold_loss":0,"cards_upgraded":["Defend_G","Defend_G","Defend_G","Defend_G","Strike_G","Strike_G","Strike_G"]},{"damage_healed":18,"gold_gain":0,"player_choice":"Writhe","damage_taken":0,"max_hp_gain":0,"max_hp_loss":0,"event_name":"Winding Halls","floor":38,"gold_loss":0,"cards_obtained":["Writhe"]},{"damage_healed":0,"gold_gain":0,"player_choice":"Memory 3","damage_taken":10,"max_hp_gain":0,"max_hp_loss":0,"event_name":"SensoryStone","floor":39,"gold_loss":0}],"is_beta":false,"boss_relics":[{"not_picked":["White Beast Statue","Philosopher\u0027s Stone"],"picked":"Ring of the Serpent"},{"not_picked":["Empty Cage","WristBlade"],"picked":"Fusion Hammer"}],"items_purged_floors":[21,44],"is_endless":false,"potions_floor_spawned":[1,6,10,31,42,45],"ascension_level":11}