{"gold_per_floor":[113,130,143,106,106,106,125,155,155,190,209,209,284,309,309,381,381,394,405,431,431,431,431,15,15,15,48,68,145,60,60,60,60],"floor_reached":33,"playtime":1519,"items_purged":[],"score":642,"play_id":"e0690cf9-9899-4100-b52a-11377eaec0cb","local_time":"20190403025611","is_ascension_mode":true,"campfire_choices":[{"data":"Zap","floor":6,"key":"SMITH"},{"data":"All For One","floor":12,"key":"SMITH"},{"data":"Dualcast","floor":15,"key":"SMITH"},{"data":"Go for the Eyes","floor":23,"key":"SMITH"},{"data":"Static Discharge","floor":25,"key":"SMITH"},{"data":"Creative AI","floor":32,"key":"SMITH"}],"neow_cost":"NONE","seed_source_timestamp":145532233817796,"circlet_count":0,"master_deck":["AscendersBane","Strike_B","Strike_B","Strike_B","Strike_B","Defend_B","Defend_B","Defend_B","Defend_B","Zap+1","Dualcast+1","Cold Snap","Rip and Tear","Leap","Sunder+1","Melter","Glacier","All For One+1","Steam","Creative AI+1","Go for the Eyes+1","Static Discharge+1","Turbo","Self Repair","Recycle+1","Cold Snap+1","Glacier"],"relics":["Cracked Core","Bag of Preparation","Meat on the Bone","Mummified Hand","Ancient Tea Set","Coffee Dripper","Red Mask","Bottled Flame","FossilizedHelix","Dodecahedron","Mercury Hourglass","Question Card"],"potions_floor_usage":[7,10,10,16,16,19,27,27],"damage_taken":[{"damage":7,"enemies":"Jaw Worm","floor":1,"turns":3},{"damage":0,"enemies":"Cultist","floor":2,"turns":3},{"damage":0,"enemies":"2 Louse","floor":3,"turns":2},{"damage":0,"enemies":"Blue Slaver","floor":7,"turns":2},{"damage":16,"enemies":"3 Sentries","floor":8,"turns":6},{"damage":0,"enemies":"Lagavulin","floor":10,"turns":3},{"damage":3,"enemies":"Exordium Thugs","floor":11,"turns":2},{"damage":20,"enemies":"Hexaghost","floor":16,"turns":10},{"damage":22,"enemies":"3 Byrds","floor":18,"turns":6},{"damage":4,"enemies":"Chosen","floor":19,"turns":3},{"damage":12,"enemies":"Masked Bandits","floor":20,"turns":4},{"damage":0,"enemies":"Slavers","floor":27,"turns":4},{"damage":27,"enemies":"Snake Plant","floor":28,"turns":5},{"damage":47,"enemies":"Collector","floor":33,"turns":9}],"seed_played":"-4395620866086592049","potions_obtained":[{"floor":1,"key":"GamblersBrew"},{"floor":2,"key":"FearPotion"},{"floor":7,"key":"Energy Potion"},{"floor":10,"key":"Block Potion"},{"floor":11,"key":"SpeedPotion"},{"floor":18,"key":"GamblersBrew"},{"floor":20,"key":"FearPotion"}],"is_trial":false,"path_per_floor":["M","M","M","$","?","R","M","E","T","E","M","R","?","T","R","B",null,"M","M","?","?","T","R","$","R","T","E","M","T","$","?","R","B"],"character_chosen":"DEFECT","items_purchased":["Sunder","Self Repair","FossilizedHelix","SteroidPotion","Glacier"],"campfire_rested":0,"item_purchase_floors":[4,24,24,24,30],"current_hp_per_floor":[57,57,57,57,57,57,57,41,41,41,38,38,27,27,27,19,58,36,44,44,44,44,44,44,44,44,51,43,43,43,43,43,0],"gold":60,"neow_bonus":"RANDOM_COMMON_RELIC","is_prod":false,"is_daily":false,"chose_seed":false,"campfire_upgraded":6,"win_rate":0,"timestamp":1554274571,"path_taken":["M","M","M","$","?","R","M","E","T","E","?","R","?","?","R","BOSS","M","M","?","?","?","R","?","R","T","E","M","?","$","?","R","BOSS"],"build_version":"2019-01-23","purchased_purges":0,"victory":false,"max_hp_per_floor":[71,71,71,71,71,71,71,71,71,71,71,71,71,71,71,71,71,71,71,71,71,71,71,71,71,71,71,71,71,71,71,71,71],"card_choices":[{"not_picked":["Streamline","Hologram"],"picked":"Cold Snap","floor":1},{"not_picked":["Force Field","Chaos"],"picked":"Rip and Tear","floor":2},{"not_picked":["Rebound","Steam"],"picked":"Leap","floor":3},{"not_picked":["Chaos","Heatsinks"],"picked":"Melter","floor":7},{"not_picked":["Scrape","Doom and Gloom"],"picked":"Glacier","floor":8},{"not_picked":["Auto Shields","Beam Cell"],"picked":"All For One","floor":10},{"not_picked":["Streamline","Steam","Sweeping Beam"],"picked":"SKIP","floor":11},{"not_picked":["Streamline","Sweeping Beam"],"picked":"Steam","floor":11},{"not_picked":["Fission","Meteor Strike"],"picked":"Creative AI","floor":16},{"not_picked":["Turbo","Leap"],"picked":"Go for the Eyes","floor":18},{"not_picked":["Undo","Stack"],"picked":"Static Discharge","floor":19},{"not_picked":["Scrape","Go for the Eyes"],"picked":"Turbo","floor":20},{"not_picked":["Aggregate","Steam"],"picked":"Recycle+1","floor":27},{"not_picked":["Doom and Gloom","Rebound"],"picked":"Cold Snap+1","floor":28}],"player_experience":1551808,"relics_obtained":[{"floor":8,"key":"Meat on the Bone"},{"floor":9,"key":"Mummified Hand"},{"floor":10,"key":"Ancient Tea Set"},{"floor":20,"key":"Red Mask"},{"floor":22,"key":"Bottled Flame"},{"floor":26,"key":"Dodecahedron"},{"floor":27,"key":"Mercury Hourglass"},{"floor":29,"key":"Question Card"}],"event_choices":[{"damage_healed":0,"gold_gain":0,"player_choice":"Forge","damage_taken":0,"max_hp_gain":0,"max_hp_loss":0,"event_name":"Accursed Blacksmith","floor":5,"gold_loss":0,"cards_upgraded":["Sunder"]},{"damage_healed":0,"gold_gain":75,"player_choice":"Gather Gold","damage_taken":11,"max_hp_gain":0,"max_hp_loss":0,"event_name":"World of Goop","floor":13,"gold_loss":0},{"damage_healed":0,"gold_gain":0,"player_choice":"Fought Bandits","damage_taken":0,"max_hp_gain":0,"max_hp_loss":0,"event_name":"Masked Bandits","floor":20,"gold_loss":0},{"damage_healed":0,"gold_gain":0,"player_choice":"Ignored","damage_taken":0,"max_hp_gain":0,"max_hp_loss":0,"event_name":"Ghosts","floor":21,"gold_loss":0},{"damage_healed":0,"gold_gain":0,"player_choice":"Ignored","damage_taken":0,"max_hp_gain":0,"max_hp_loss":0,"event_name":"The Mausoleum","floor":31,"gold_loss":0}],"is_beta":false,"boss_relics":[{"not_picked":["Snecko Eye","White Beast Statue"],"picked":"Coffee Dripper"}],"items_purged_floors":[],"is_endless":false,"potions_floor_spawned":[1,2,7,10,11,18,20],"killed_by":"Collector","ascension_level":20}