{"gold_per_floor":[117,131,150,168,185,185,215,215,215,244,244,264,264,294,294,368,368,368,368,368,368,368,368,368,86,86,86,86,86,86,6,6,6,6,6,6,6,6,6,6,6,6,6,6,6,6,6,6,6,6],"floor_reached":50,"playtime":8882,"items_purged":["Decay","Writhe"],"score":1168,"play_id":"3c12b2ea-ad2a-4afe-b0fb-e9ee3b2fc2eb","local_time":"20190318213803","is_ascension_mode":true,"campfire_choices":[{"data":"True Grit","floor":6,"key":"SMITH"},{"data":"Fiend Fire","floor":8,"key":"SMITH"},{"data":"Whirlwind","floor":11,"key":"SMITH"},{"data":"Battle Trance","floor":13,"key":"SMITH"},{"data":"Bash","floor":15,"key":"SMITH"},{"data":"Spot Weakness","floor":30,"key":"SMITH"},{"floor":32,"key":"REST"},{"data":"Heavy Blade","floor":41,"key":"SMITH"},{"data":"Disarm","floor":45,"key":"SMITH"},{"data":"Disarm","floor":47,"key":"SMITH"},{"floor":49,"key":"REST"}],"neow_cost":"NONE","seed_source_timestamp":148261375780800,"circlet_count":0,"master_deck":["AscendersBane","Strike_R","Strike_R","Strike_R","Strike_R","Strike_R","Defend_R","Defend_R","Defend_R","Defend_R","Bash+1","Cleave","True Grit+1","Sever Soul","Power Through","Fiend Fire+1","Whirlwind+1","Battle Trance+1","Spot Weakness+1","Disarm+1","RitualDagger","Headbutt+1","Disarm+1","Dark Embrace+1","Feel No Pain+1","Heavy Blade+1","Evolve+1","Havoc+1"],"relics":["Burning Blood","Frozen Egg 2","Darkstone Periapt","The Courier","Oddly Smooth Stone","Ectoplasm","Pear","Bottled Flame","Bird Faced Urn","Vajra","Mercury Hourglass","Velvet Choker","Strawberry","Bottled Lightning"],"potions_floor_usage":[5,10,10,23,27,27,33,38,40,40,42],"damage_taken":[{"damage":1,"enemies":"Cultist","floor":1,"turns":3},{"damage":10,"enemies":"Small Slimes","floor":2,"turns":4},{"damage":0,"enemies":"2 Louse","floor":3,"turns":3},{"damage":10,"enemies":"Looter","floor":4,"turns":4},{"damage":13,"enemies":"Gremlin Gang","floor":5,"turns":3},{"damage":44,"enemies":"Lagavulin","floor":7,"turns":8},{"damage":0,"enemies":"Gremlin Nob","floor":10,"turns":2},{"damage":0,"enemies":"3 Louse","floor":12,"turns":1},{"damage":15,"enemies":"3 Sentries","floor":14,"turns":8},{"damage":32,"enemies":"Slime Boss","floor":16,"turns":5},{"damage":3,"enemies":"3 Byrds","floor":18,"turns":4},{"damage":2,"enemies":"Chosen","floor":20,"turns":3},{"damage":66,"enemies":"Slavers","floor":23,"turns":5},{"damage":18,"enemies":"Snake Plant","floor":24,"turns":3},{"damage":28,"enemies":"Book of Stabbing","floor":27,"turns":5},{"damage":0,"enemies":"Cultist and Chosen","floor":28,"turns":4},{"damage":57,"enemies":"Champ","floor":33,"turns":13},{"damage":16,"enemies":"Orb Walker","floor":35,"turns":2},{"damage":0,"enemies":"3 Darklings","floor":36,"turns":2},{"damage":15,"enemies":"Spire Growth","floor":38,"turns":4},{"damage":29,"enemies":"Maw","floor":40,"turns":8},{"damage":14,"enemies":"Transient","floor":42,"turns":6},{"damage":3,"enemies":"4 Shapes","floor":44,"turns":5},{"damage":23,"enemies":"3 Darklings","floor":46,"turns":3},{"damage":67,"enemies":"Reptomancer","floor":48,"turns":6},{"damage":80,"enemies":"Time Eater","floor":50,"turns":10}],"seed_played":"3839910169450400129","potions_obtained":[{"floor":3,"key":"AttackPotion"},{"floor":5,"key":"Swift Potion"},{"floor":7,"key":"Swift Potion"},{"floor":14,"key":"LiquidBronze"},{"floor":16,"key":"Fire Potion"},{"floor":24,"key":"LiquidBronze"},{"floor":27,"key":"Weak Potion"},{"floor":33,"key":"Poison Potion"},{"floor":35,"key":"PowerPotion"},{"floor":38,"key":"Swift Potion"},{"floor":40,"key":"SkillPotion"}],"is_trial":false,"path_per_floor":["M","M","M","M","M","R","E","R","T","E","R","M","R","E","R","B",null,"M","?","M","?","?","E","M","$","T","E","M","?","R","$","R","B",null,"M","M","?","M","?","M","R","M","T","M","R","M","R","E","R","B"],"character_chosen":"IRONCLAD","items_purchased":["Bottled Flame"],"campfire_rested":2,"item_purchase_floors":[25],"current_hp_per_floor":[80,76,82,78,71,71,33,33,33,39,39,45,45,36,36,10,64,67,73,77,71,98,48,36,36,36,14,20,26,26,26,60,9,88,78,84,113,110,110,93,93,91,98,107,107,90,90,35,73,0],"gold":6,"neow_bonus":"TEN_PERCENT_HP_BONUS","is_prod":false,"is_daily":false,"chose_seed":false,"campfire_upgraded":9,"win_rate":0,"timestamp":1552959483,"path_taken":["M","M","M","?","M","R","E","R","T","E","R","M","R","E","R","BOSS","M","?","M","?","?","E","M","$","T","E","?","?","R","$","R","BOSS","M","M","?","M","?","M","R","M","T","M","R","?","R","E","R","BOSS"],"build_version":"2019-01-23","purchased_purges":2,"victory":false,"max_hp_per_floor":[82,82,82,82,82,82,82,82,82,82,82,82,82,82,82,82,82,82,88,88,88,98,108,108,108,108,108,108,114,114,114,114,114,114,114,114,120,120,120,120,120,120,127,127,127,127,127,127,127,127],"card_choices":[{"not_picked":["Armaments","Intimidate"],"picked":"Cleave","floor":1},{"not_picked":["Seeing Red","Clash"],"picked":"True Grit","floor":2},{"not_picked":["Bloodletting","True Grit"],"picked":"Sever Soul","floor":3},{"not_picked":["Warcry","Havoc"],"picked":"Power Through","floor":4},{"not_picked":["Warcry","Havoc","Thunderclap"],"picked":"SKIP","floor":5},{"not_picked":["Armaments","Rupture"],"picked":"Fiend Fire","floor":7},{"not_picked":["Perfected Strike","True Grit"],"picked":"Whirlwind","floor":10},{"not_picked":["Sentinel","Dual Wield"],"picked":"Battle Trance","floor":12},{"not_picked":["Warcry","Clash"],"picked":"Spot Weakness","floor":14},{"not_picked":["Juggernaut+1","Offering"],"picked":"Brutality+1","floor":16},{"not_picked":["Spot Weakness","Twin Strike"],"picked":"Disarm","floor":18},{"not_picked":["Havoc","Thunderclap+1","Blood for Blood"],"picked":"SKIP","floor":20},{"not_picked":["Thunderclap","Clothesline"],"picked":"Headbutt+1","floor":23},{"not_picked":["Wild Strike","Fiend Fire"],"picked":"Disarm","floor":24},{"not_picked":["Cleave","Wild Strike","Battle Trance"],"picked":"SKIP","floor":27},{"not_picked":["Sever Soul","Heavy Blade","Thunderclap"],"picked":"SKIP","floor":28},{"not_picked":["Juggernaut+1","Limit Break"],"picked":"Dark Embrace+1","floor":33},{"not_picked":["Combust+1","Headbutt"],"picked":"Feel No Pain+1","floor":35},{"not_picked":["Havoc","Sword Boomerang"],"picked":"Heavy Blade","floor":36},{"not_picked":["Disarm","Power Through+1"],"picked":"Evolve+1","floor":38},{"not_picked":["Iron Wave","Bloodletting","Headbutt"],"picked":"SKIP","floor":40},{"not_picked":["Flame Barrier","Wild Strike","Headbutt"],"picked":"SKIP","floor":42},{"not_picked":["Sword Boomerang","Twin Strike","Battle Trance"],"picked":"SKIP","floor":44},{"not_picked":["Clash","Reckless Charge"],"picked":"Havoc+1","floor":46},{"not_picked":["Fire Breathing+1","Bloodletting","Heavy Blade+1"],"picked":"SKIP","floor":48}],"player_experience":1223778,"relics_obtained":[{"floor":7,"key":"Frozen Egg 2"},{"floor":9,"key":"Darkstone Periapt"},{"floor":10,"key":"The Courier"},{"floor":14,"key":"Oddly Smooth Stone"},{"floor":23,"key":"Pear"},{"floor":26,"key":"Bird Faced Urn"},{"floor":27,"key":"Vajra"},{"floor":43,"key":"Strawberry"},{"floor":48,"key":"Bottled Lightning"}],"event_choices":[{"damage_healed":0,"gold_gain":0,"player_choice":"Smashed Altar","damage_taken":0,"max_hp_gain":0,"max_hp_loss":0,"event_name":"Forgotten Altar","floor":19,"gold_loss":0,"cards_obtained":["Decay"]},{"damage_healed":0,"gold_gain":0,"player_choice":"Joined the Cult","damage_taken":6,"max_hp_gain":0,"max_hp_loss":0,"event_name":"Nest","floor":21,"gold_loss":0,"cards_obtained":["RitualDagger"]},{"cards_removed":["Brutality"],"damage_healed":17,"gold_gain":0,"player_choice":"Offered Rare","damage_taken":0,"max_hp_gain":10,"max_hp_loss":0,"event_name":"Bonfire Elementals","floor":22,"gold_loss":0},{"damage_healed":0,"gold_gain":0,"player_choice":"Opened","damage_taken":0,"relics_obtained":["Mercury Hourglass"],"max_hp_gain":0,"max_hp_loss":0,"event_name":"The Mausoleum","floor":29,"gold_loss":0,"cards_obtained":["Writhe"]},{"damage_healed":23,"gold_gain":0,"player_choice":"Writhe","damage_taken":0,"max_hp_gain":0,"max_hp_loss":0,"event_name":"Winding Halls","floor":37,"gold_loss":0,"cards_obtained":["Writhe"]},{"cards_removed":["Writhe"],"damage_healed":0,"gold_gain":0,"player_choice":"Card Removal","damage_taken":0,"max_hp_gain":0,"max_hp_loss":0,"event_name":"Wheel of Change","floor":39,"gold_loss":0}],"is_beta":false,"boss_relics":[{"not_picked":["White Beast Statue","Runic Cube"],"picked":"Ectoplasm"},{"not_picked":["Runic Dome","Runic Pyramid"],"picked":"Velvet Choker"}],"items_purged_floors":[25,31],"is_endless":false,"potions_floor_spawned":[3,5,7,14,16,24,27,33,35,38,40],"killed_by":"Time Eater","ascension_level":20}