{"gold_per_floor":[99,99,99,99,99,99,99,99,99,99,74,74,74,74,74,74,74,74,74,74,74,74,74,74,74,74,74,74,74,74,74,74,74,74,74,74,74,74,74,74,74,74,74,74,74,74,74,74,74,74],"floor_reached":51,"playtime":3560,"items_purged":[],"score":877,"play_id":"caf44863-759b-47cf-a3d8-f8583bc94870","local_time":"20180714140633","is_ascension_mode":true,"campfire_choices":[{"data":"Beam Cell","floor":7,"key":"SMITH"},{"data":"Dualcast","floor":10,"key":"SMITH"},{"data":"Tempest","floor":15,"key":"SMITH"},{"floor":23,"key":"REST"},{"floor":32,"key":"REST"},{"data":"1","floor":49,"key":"LIFT"}],"neow_cost":"NONE","seed_source_timestamp":283324127480531,"circlet_count":0,"master_deck":["Defend_B","Defend_B","Defend_B","Zap+1","Dualcast+1","Beam Cell+1","Redo","Tempest+1","Go for the Eyes+1","Melter+1","All For One+1","RitualDagger+1","Bite+1","Bite+1","Bite+1","Bite+1","Bite+1","Static Discharge","Chill+1","Steam Power+1","Defragment+1","Rainbow","Ball Lightning+1","Static Discharge+1","Cold Snap+1","Hello World+1","Rebound+1","Rebound+1","Defragment+1","Secret Technique","Flash of Steel+1","Swift Strike+1","Heatsinks+1","Redo+1"],"relics":["Ectoplasm","Lantern","Bird Faced Urn","Molten Egg 2","Fusion Hammer","Darkstone Periapt","Dodecahedron","Frozen Egg 2","Pantograph","Orrery","Incense Burner","Mango","Calipers","Bottled Tornado","Girya"],"potions_floor_usage":[6,6,6,6,8,14,16,16,21,22,24,25,33,33,41,41,50,50,50],"damage_taken":[{"damage":1,"enemies":"Jaw Worm","floor":1,"turns":4},{"damage":0,"enemies":"Cultist","floor":4,"turns":3},{"damage":6,"enemies":"Gremlin Nob","floor":6,"turns":3},{"damage":21,"enemies":"Lagavulin","floor":8,"turns":5},{"damage":8,"enemies":"Small Slimes","floor":12,"turns":3},{"damage":0,"enemies":"Blue Slaver","floor":14,"turns":2},{"damage":3,"enemies":"Hexaghost","floor":16,"turns":7},{"damage":10,"enemies":"Chosen","floor":18,"turns":3},{"damage":0,"enemies":"Shell Parasite","floor":21,"turns":2},{"damage":15,"enemies":"Snecko","floor":22,"turns":4},{"damage":27,"enemies":"Centurion and Healer","floor":24,"turns":3},{"damage":31,"enemies":"Gremlin Leader","floor":25,"turns":5},{"damage":16,"enemies":"Snake Plant","floor":28,"turns":3},{"damage":4,"enemies":"3 Cultists","floor":29,"turns":3},{"damage":17,"enemies":"Slavers","floor":30,"turns":3},{"damage":51,"enemies":"Champ","floor":33,"turns":7},{"damage":5,"enemies":"Flame Bruiser 1 Orb","floor":35,"turns":4},{"damage":0,"enemies":"3 Darklings","floor":36,"turns":4},{"damage":0,"enemies":"Sphere and 2 Shapes","floor":37,"turns":4},{"damage":22,"floor":39,"turns":4},{"damage":31,"enemies":"Nemesis","floor":40,"turns":5},{"damage":3,"enemies":"Flame Bruiser 2 Orb","floor":41,"turns":4},{"damage":15,"enemies":"2 Orb Walkers","floor":42,"turns":4},{"damage":0,"enemies":"Giant Head","floor":45,"turns":6},{"damage":0,"enemies":"Transient","floor":46,"turns":5},{"damage":0,"enemies":"Sphere and 2 Shapes","floor":47,"turns":3},{"damage":0,"enemies":"3 Darklings","floor":48,"turns":4},{"damage":64,"enemies":"Time Eater","floor":50,"turns":8}],"seed_played":"5370988668852768959","potions_obtained":[{"floor":2,"key":"EntropicBrew"},{"floor":2,"key":"PowerPotion"},{"floor":2,"key":"Poison Potion"},{"floor":8,"key":"EssenceOfSteel"},{"floor":12,"key":"Block Potion"},{"floor":14,"key":"Swift Potion"},{"floor":16,"key":"SkillPotion"},{"floor":21,"key":"Ancient Potion"},{"floor":22,"key":"PowerPotion"},{"floor":25,"key":"Energy Potion"},{"floor":28,"key":"Ancient Potion"},{"floor":30,"key":"Swift Potion"},{"floor":39,"key":"Explosive Potion"},{"floor":41,"key":"Dexterity Potion"},{"floor":47,"key":"Poison Potion"},{"floor":48,"key":"Explosive Potion"}],"is_trial":false,"path_per_floor":["M","?","?","M","$","E","R","E","T","R","$","M","?","M","R","B",null,"M","?","?","M","M","R","M","E","T","?","M","M","E","T","R","B",null,"M","M","M","?","?","E","M","E","T","?","E","M","M","M","R","B"],"character_chosen":"DEFECT","items_purchased":["Go for the Eyes+1"],"campfire_rested":2,"item_purchase_floors":[11],"current_hp_per_floor":[74,74,74,74,74,68,68,47,47,47,47,39,39,39,39,36,75,65,59,52,52,40,52,39,22,22,39,35,43,43,43,52,16,52,47,52,52,52,43,41,57,60,60,50,66,66,66,66,66,31],"gold":74,"neow_bonus":"BOSS_RELIC","is_prod":false,"is_daily":false,"chose_seed":false,"campfire_upgraded":3,"win_rate":0,"timestamp":1531591593,"path_taken":["M","?","?","M","$","E","R","E","T","R","$","?","?","M","R","BOSS","M","?","?","M","?","R","M","E","T","?","M","?","E","?","R","BOSS","M","M","?","?","?","E","M","E","T","?","E","?","M","M","R","BOSS"],"build_version":"2018-07-12","purchased_purges":0,"victory":true,"max_hp_per_floor":[75,75,75,75,75,75,75,75,75,75,75,75,75,75,75,75,75,75,75,52,52,52,52,52,52,52,52,52,52,52,52,52,52,52,52,52,52,52,52,66,66,66,66,66,66,66,66,66,66,66],"card_choices":[{"not_picked":["Sweeping Beam","Self Repair"],"picked":"Beam Cell","floor":1},{"not_picked":["Streamline","Loop"],"picked":"Redo","floor":4},{"not_picked":["Stack","Biased Cognition","Beam Cell"],"picked":"SKIP","floor":6},{"not_picked":["Fusion","Skim"],"picked":"Tempest","floor":8},{"not_picked":["Stack","Heatsinks","Force Field"],"picked":"SKIP","floor":12},{"not_picked":["Coolheaded","Sunder+1"],"picked":"Melter+1","floor":14},{"not_picked":["Seek","Biased Cognition"],"picked":"All For One+1","floor":16},{"not_picked":["Aggregate","Gash+1","Stack"],"picked":"SKIP","floor":18},{"not_picked":["Genetic Algorithm","Skim"],"picked":"Static Discharge","floor":21},{"not_picked":["Compile Driver+1","Chill","Streamline+1"],"picked":"SKIP","floor":22},{"not_picked":["Conserve Battery","Coolheaded","Self Repair"],"picked":"SKIP","floor":24},{"not_picked":["Steam Power","Coolheaded+1","Beam Cell+1"],"picked":"SKIP","floor":25},{"not_picked":["Steam+1","Gash+1"],"picked":"Chill+1","floor":28},{"not_picked":["Rebound+1","Compile Driver+1"],"picked":"Steam Power+1","floor":29},{"not_picked":["Leap","Blizzard+1"],"picked":"Defragment","floor":30},{"not_picked":["Core Surge+1","Reboot"],"picked":"Rainbow","floor":33},{"not_picked":["Turbo","Gash+1"],"picked":"Ball Lightning+1","floor":34},{"not_picked":["Force Field+1","White Noise+1"],"picked":"Static Discharge+1","floor":34},{"not_picked":["Beam Cell+1","BootSequence"],"picked":"Cold Snap+1","floor":34},{"not_picked":["Ball Lightning+1","Melter+1","Cold Snap+1"],"picked":"SKIP","floor":35},{"not_picked":["Conserve Battery","White Noise","Go for the Eyes+1"],"picked":"SKIP","floor":36},{"not_picked":["Coolheaded+1","Multi-Cast"],"picked":"Hello World+1","floor":37},{"not_picked":["Streamline+1","Redo"],"picked":"Rebound+1","floor":39},{"not_picked":["Leap+1","Beam Cell+1"],"picked":"Defragment+1","floor":40},{"not_picked":["Coolheaded+1","Skim","Force Field+1"],"picked":"SKIP","floor":41},{"not_picked":["Darkness","Ball Lightning+1","Amplify"],"picked":"SKIP","floor":42},{"not_picked":["Deep Breath","Trip"],"picked":"Secret Technique","floor":44},{"not_picked":["Dark Shackles","Madness"],"picked":"Flash of Steel+1","floor":44},{"not_picked":["Sadistic Nature+1","Master of Strategy"],"picked":"Swift Strike+1","floor":44},{"not_picked":["FTL+1","Hello World+1"],"picked":"Heatsinks+1","floor":45},{"not_picked":["Go for the Eyes+1","Compile Driver+1","Rip and Tear+1"],"picked":"SKIP","floor":46},{"not_picked":["Ball Lightning+1","Scrape+1"],"picked":"Redo+1","floor":47},{"not_picked":["Leap","Sweeping Beam+1","Stack"],"picked":"SKIP","floor":48}],"player_experience":949884,"relics_obtained":[{"floor":6,"key":"Lantern"},{"floor":8,"key":"Bird Faced Urn"},{"floor":9,"key":"Molten Egg 2"},{"floor":25,"key":"Darkstone Periapt"},{"floor":26,"key":"Dodecahedron"},{"floor":30,"key":"Frozen Egg 2"},{"floor":31,"key":"Pantograph"},{"floor":39,"key":"Incense Burner"},{"floor":40,"key":"Mango"},{"floor":42,"key":"Calipers"},{"floor":43,"key":"Bottled Tornado"},{"floor":45,"key":"Girya"}],"event_choices":[{"event_name":"The Lab","player_choice":"Got Potions","floor":2,"damage_taken":0},{"event_name":"Accursed Blacksmith","player_choice":"Forge","floor":3,"damage_taken":0},{"event_name":"Liars Game","player_choice":"disagreed","floor":13,"damage_taken":0},{"event_name":"Nest","player_choice":"Joined the Cult","floor":19,"damage_taken":0},{"event_name":"Vampires","player_choice":"Became a vampire","floor":20,"damage_taken":0},{"event_name":"The Library","player_choice":"Heal","floor":27,"damage_taken":0},{"event_name":"Transmorgrifier","player_choice":"Transform","floor":38,"damage_taken":0},{"event_name":"Mysterious Sphere","player_choice":"Fight","floor":39,"damage_taken":0},{"event_name":"SensoryStone","player_choice":"Memory 3","floor":44,"damage_taken":0}],"boss_relics":[{"not_picked":["Eternal Feather","Cursed Key"],"picked":"Fusion Hammer"},{"not_picked":["Calling Bell","Velvet Choker"],"picked":"Orrery"}],"items_purged_floors":[],"is_endless":false,"potions_floor_spawned":[8,12,14,16,21,22,25,28,30,39,41,47,48],"ascension_level":1}