{"gold_per_floor":[116,127,145,165,165,165,193,243,243,277,277,306,306,325,325,396,396,414,205,220,235,253,253,267,332,332,332,7,7,7],"floor_reached":30,"playtime":1398,"items_purged":["Defend_R","Defend_R"],"score":517,"play_id":"3d427d1a-a5ad-41f6-bd20-00f56586eb55","local_time":"20190315015422","is_ascension_mode":true,"campfire_choices":[{"data":"Rage","floor":6,"key":"SMITH"},{"data":"Bash","floor":11,"key":"SMITH"},{"data":"Sword Boomerang","floor":13,"key":"SMITH"},{"data":"Fire Breathing","floor":15,"key":"SMITH"},{"data":"Immolate","floor":23,"key":"SMITH"}],"neow_cost":"NONE","seed_source_timestamp":138597708742113,"circlet_count":0,"master_deck":["AscendersBane","Strike_R","Strike_R","Strike_R","Strike_R","Strike_R+1","Defend_R","Defend_R","Bash+1","Inflame+1","Rage+1","Clash","Sword Boomerang+1","Fire Breathing+1","Offering","Cleave","Immolate+1","Metallicize","Seeing Red+1","Pommel Strike+1","Dropkick+1","Clash","Shockwave"],"relics":["Burning Blood","Shuriken","Pocketwatch","Shovel","Gremlin Horn","White Beast Statue","Tiny Chest","Thread and Needle","Nilry\u0027s Codex","Bronze Scales"],"potions_floor_usage":[4,12,14,20,21,22,24,25,29],"damage_taken":[{"damage":14,"enemies":"Jaw Worm","floor":1,"turns":6},{"damage":4,"enemies":"Small Slimes","floor":2,"turns":5},{"damage":0,"enemies":"Cultist","floor":3,"turns":3},{"damage":4,"enemies":"Red Slaver","floor":4,"turns":4},{"damage":30,"enemies":"3 Sentries","floor":7,"turns":9},{"damage":8,"enemies":"Gremlin Nob","floor":10,"turns":3},{"damage":11,"enemies":"3 Sentries","floor":12,"turns":5},{"damage":1,"enemies":"Blue Slaver","floor":14,"turns":3},{"damage":15,"enemies":"Hexaghost","floor":16,"turns":7},{"damage":16,"enemies":"Chosen","floor":18,"turns":4},{"damage":3,"enemies":"3 Byrds","floor":20,"turns":5},{"damage":7,"enemies":"3 Cultists","floor":21,"turns":3},{"damage":20,"enemies":"Snake Plant","floor":22,"turns":2},{"damage":0,"enemies":"Sentry and Sphere","floor":24,"turns":3},{"damage":30,"enemies":"Slavers","floor":25,"turns":2},{"damage":0,"enemies":"Snecko","floor":29,"turns":2},{"damage":12,"enemies":"Book of Stabbing","floor":30,"turns":1}],"seed_played":"-4808606392032635060","potions_obtained":[{"floor":2,"key":"Block Potion"},{"floor":7,"key":"Block Potion"},{"floor":10,"key":"PowerPotion"},{"floor":18,"key":"Dexterity Potion"},{"floor":20,"key":"Poison Potion"},{"floor":21,"key":"SteroidPotion"},{"floor":22,"key":"Swift Potion"},{"floor":24,"key":"Poison Potion"},{"floor":25,"key":"SmokeBomb"}],"is_trial":false,"path_per_floor":["M","M","M","M","?","R","E","?","T","E","R","E","R","M","R","B",null,"M","$","M","M","M","R","M","E","T","?","$","M","E"],"character_chosen":"IRONCLAD","items_purchased":["Metallicize","Fire Potion","Bronze Scales","Energy Potion"],"campfire_rested":0,"item_purchase_floors":[19,19,28,28],"current_hp_per_floor":[67,69,75,77,52,52,28,28,28,26,26,21,21,26,26,17,66,56,56,59,58,44,44,50,26,26,5,5,11,0],"gold":7,"neow_bonus":"TEN_PERCENT_HP_BONUS","is_prod":false,"is_daily":false,"chose_seed":false,"campfire_upgraded":5,"win_rate":0,"timestamp":1552629262,"path_taken":["M","M","M","M","?","R","E","?","T","E","R","E","R","M","R","BOSS","M","?","?","M","M","R","M","E","T","?","$","M","E"],"build_version":"2019-01-23","purchased_purges":2,"victory":false,"max_hp_per_floor":[82,82,82,82,82,82,82,82,82,82,82,82,82,82,82,82,82,82,82,82,82,82,82,82,82,82,82,82,82,82],"card_choices":[{"not_picked":["Body Slam","Combust"],"picked":"Inflame","floor":1},{"not_picked":["Sword Boomerang","True Grit"],"picked":"Rage","floor":2},{"not_picked":["Burning Pact","Flex"],"picked":"Clash","floor":3},{"not_picked":["Flex","Sentinel"],"picked":"Sword Boomerang","floor":4},{"not_picked":["Bloodletting","Wild Strike"],"picked":"Fire Breathing","floor":7},{"not_picked":["Sword Boomerang","Searing Blow"],"picked":"Offering","floor":10},{"not_picked":["Perfected Strike","Rampage"],"picked":"Cleave","floor":12},{"not_picked":["Havoc","Wild Strike","Infernal Blade"],"picked":"SKIP","floor":14},{"not_picked":["Reaper","Double Tap"],"picked":"Immolate","floor":16},{"not_picked":["Pommel Strike","Havoc","Rampage"],"picked":"SKIP","floor":18},{"not_picked":["True Grit","Headbutt"],"picked":"Seeing Red+1","floor":20},{"not_picked":["Anger","Pummel"],"picked":"Pommel Strike+1","floor":21},{"not_picked":["Brutality","Pommel Strike"],"picked":"Dropkick+1","floor":22},{"not_picked":["Sever Soul","Iron Wave+1"],"picked":"Clash","floor":24},{"not_picked":["Shockwave","Warcry","Hemokinesis"],"picked":"SKIP","floor":25},{"not_picked":["Warcry","Hemokinesis"],"picked":"Shockwave","floor":25}],"player_experience":1125421,"relics_obtained":[{"floor":7,"key":"Shuriken"},{"floor":9,"key":"Pocketwatch"},{"floor":10,"key":"Shovel"},{"floor":12,"key":"Gremlin Horn"},{"floor":25,"key":"Tiny Chest"},{"floor":26,"key":"Thread and Needle"},{"floor":27,"key":"Nilry\u0027s Codex"}],"event_choices":[{"damage_healed":0,"gold_gain":0,"player_choice":"Entered Light","damage_taken":25,"max_hp_gain":0,"max_hp_loss":0,"event_name":"Shining Light","floor":5,"gold_loss":0,"cards_upgraded":["Strike_R","Inflame"]},{"damage_healed":0,"gold_gain":50,"player_choice":"Pray","damage_taken":0,"max_hp_gain":0,"max_hp_loss":0,"event_name":"Golden Shrine","floor":8,"gold_loss":0},{"damage_healed":0,"gold_gain":0,"player_choice":"Obtained Book","damage_taken":21,"max_hp_gain":0,"max_hp_loss":0,"event_name":"Cursed Tome","floor":27,"gold_loss":0}],"is_beta":false,"boss_relics":[{"not_picked":["Pandora\u0027s Box","Runic Pyramid"],"picked":"White Beast Statue"}],"items_purged_floors":[19,28],"is_endless":false,"potions_floor_spawned":[2,7,10,18,20,21,22,24,25,29],"killed_by":"Book of Stabbing","ascension_level":18}