{"gold_per_floor":[119,44,44,44,69,69,84,84,84,108,124,139,139,163,163,163],"floor_reached":16,"playtime":526,"items_purged":["Strike_G"],"score":183,"play_id":"dd8f4eed-0d6a-4f6d-9d06-c85a8fb3f837","local_time":"20180826235100","is_ascension_mode":true,"campfire_choices":[{"data":"Neutralize","floor":6,"key":"SMITH"},{"data":"Cloak And Dagger","floor":8,"key":"SMITH"},{"data":"Dodge and Roll","floor":13,"key":"SMITH"},{"data":"Cloak And Dagger","floor":15,"key":"SMITH"}],"neow_cost":"NONE","seed_source_timestamp":1001004205191045,"circlet_count":0,"master_deck":["Defend_G","Defend_G","Defend_G","Defend_G","Defend_G","Strike_G","Strike_G","Survivor","Neutralize+1","AscendersBane","Cloak And Dagger+1","Poisoned Stab","Infinite Blades","Crippling Poison","Dash","Dagger Spray","Backstab","Dodge and Roll+1","Cloak And Dagger+1"],"relics":["Ring of the Snake","Golden Idol","Paper Crane"],"potions_floor_usage":[16,16],"damage_taken":[{"damage":1,"enemies":"2 Louse","floor":1,"turns":5},{"damage":0,"enemies":"Cultist","floor":5,"turns":4},{"damage":0,"enemies":"Jaw Worm","floor":7,"turns":4},{"damage":0,"enemies":"2 Fungi Beasts","floor":10,"turns":4},{"damage":2,"enemies":"Lots of Slimes","floor":11,"turns":4},{"damage":0,"enemies":"Exordium Thugs","floor":12,"turns":5},{"damage":0,"enemies":"2 Fungi Beasts","floor":14,"turns":3},{"damage":63,"enemies":"Slime Boss","floor":16,"turns":13}],"seed_played":"-4785281933475683973","potions_obtained":[{"floor":1,"key":"PowerPotion"},{"floor":11,"key":"SkillPotion"}],"is_trial":false,"path_per_floor":["M","$","?","?","M","R","M","R","T","M","M","M","R","M","R"],"character_chosen":"THE_SILENT","items_purchased":[],"campfire_rested":0,"item_purchase_floors":[],"current_hp_per_floor":[58,58,58,58,58,58,58,58,58,58,56,56,56,56,56,0],"gold":163,"neow_bonus":"TRANSFORM_CARD","is_prod":false,"is_daily":false,"chose_seed":false,"campfire_upgraded":4,"win_rate":0,"timestamp":1535352660,"path_taken":["M","$","?","?","M","R","M","R","T","M","M","M","R","?","R","BOSS"],"build_version":"2018-08-23v2","purchased_purges":1,"victory":false,"max_hp_per_floor":[66,66,66,60,60,60,60,60,60,60,60,60,60,60,60,60],"card_choices":[{"not_picked":["Predator","Deadly Poison"],"picked":"Poisoned Stab","floor":1},{"not_picked":["Poisoned Stab","Deflect"],"picked":"Crippling Poison","floor":5},{"not_picked":["Tactician","Finisher"],"picked":"Dash","floor":7},{"not_picked":["Prepared","Quick Slash"],"picked":"Dagger Spray","floor":10},{"not_picked":["Slice","Dagger Spray"],"picked":"Backstab","floor":11},{"not_picked":["Corpse Explosion","Choke"],"picked":"Dodge and Roll","floor":12},{"not_picked":["Prepared","Flechettes"],"picked":"Cloak And Dagger","floor":14}],"player_experience":906123,"relics_obtained":[{"floor":9,"key":"Paper Crane"}],"event_choices":[{"event_name":"Transmorgrifier","player_choice":"Transform","floor":3,"damage_taken":0},{"event_name":"Golden Idol","player_choice":"Lose Max HP","floor":4,"damage_taken":0}],"is_beta":true,"boss_relics":[],"items_purged_floors":[2],"is_endless":false,"potions_floor_spawned":[1,11,14],"killed_by":"Slime Boss","ascension_level":19}