{"gold_per_floor":[113,125,125,125,145,178,178,210,234,246,268,280,311,323,335,347],"floor_reached":16,"playtime":272,"items_purged":[],"score":220,"play_id":"3093f2f5-4496-4ba9-98c2-1bf053599d49","local_time":"20190215200958","is_ascension_mode":true,"campfire_choices":[{"data":"Uppercut","floor":7,"key":"SMITH"},{"floor":10,"key":"REST"},{"floor":15,"key":"REST"}],"neow_cost":"NONE","seed_source_timestamp":34682356281167,"circlet_count":0,"master_deck":["AscendersBane","Strike_R","Strike_R","Strike_R","Strike_R","Strike_R","Defend_R","Defend_R","Defend_R","Defend_R","Bash","Flame Barrier+1","Carnage","Pain","Disarm+1","Uppercut+1","Cleave","Immolate","Pommel Strike"],"relics":["Burning Blood","NeowsBlessing","WarpedTongs","War Paint","Potion Belt","MawBank","Golden Idol","Happy Flower"],"potions_floor_usage":[16,16],"damage_taken":[{"damage":0,"enemies":"Cultist","floor":1,"turns":1},{"damage":0,"enemies":"Jaw Worm","floor":2,"turns":1},{"damage":0,"enemies":"Small Slimes","floor":5,"turns":1},{"damage":34,"enemies":"Gremlin Nob","floor":6,"turns":4},{"damage":43,"enemies":"3 Sentries","floor":8,"turns":9},{"damage":19,"enemies":"Exordium Thugs","floor":11,"turns":4},{"damage":7,"enemies":"Exordium Wildlife","floor":13,"turns":3},{"damage":31,"enemies":"Hexaghost","floor":16,"turns":10}],"seed_played":"1037663976738743712","potions_obtained":[{"floor":5,"key":"GamblersBrew"},{"floor":8,"key":"EssenceOfSteel"},{"floor":11,"key":"Weak Potion"}],"is_trial":false,"path_per_floor":["M","M","?","?","M","E","R","E","T","R","M","?","M","?","R","B"],"character_chosen":"IRONCLAD","items_purchased":[],"campfire_rested":2,"item_purchase_floors":[],"current_hp_per_floor":[74,75,80,80,80,52,52,15,15,39,26,26,25,7,28,0],"gold":347,"neow_bonus":"THREE_ENEMY_KILL","is_prod":false,"is_daily":false,"chose_seed":false,"campfire_upgraded":1,"win_rate":0,"timestamp":1550286598,"path_taken":["M","?","?","?","?","E","R","E","T","R","M","?","M","?","R","BOSS"],"build_version":"2019-02-06","purchased_purges":0,"victory":false,"max_hp_per_floor":[75,75,80,80,80,80,80,80,80,80,80,72,72,72,72,72],"card_choices":[{"not_picked":["Cleave","Sever Soul"],"picked":"Flame Barrier","floor":1},{"not_picked":["Fire Breathing","Warcry"],"picked":"Carnage","floor":2},{"not_picked":["Warcry","Rampage"],"picked":"Disarm","floor":5},{"not_picked":["Evolve","Shrug It Off"],"picked":"Uppercut","floor":6},{"not_picked":["Fire Breathing","Spot Weakness"],"picked":"Cleave","floor":8},{"not_picked":["Warcry","Heavy Blade"],"picked":"Immolate","floor":11},{"not_picked":["Reckless Charge","Seeing Red"],"picked":"Pommel Strike","floor":13}],"player_experience":1094192,"relics_obtained":[{"floor":6,"key":"War Paint"},{"floor":8,"key":"Potion Belt"},{"floor":9,"key":"MawBank"}],"event_choices":[{"damage_healed":0,"gold_gain":0,"player_choice":"Donut","damage_taken":0,"max_hp_gain":5,"max_hp_loss":0,"event_name":"Big Fish","floor":3,"gold_loss":0},{"damage_healed":0,"gold_gain":0,"player_choice":"Rummage","damage_taken":0,"relics_obtained":["WarpedTongs"],"max_hp_gain":0,"max_hp_loss":0,"event_name":"Accursed Blacksmith","floor":4,"gold_loss":0,"cards_obtained":["Pain"]},{"damage_healed":0,"gold_gain":0,"player_choice":"Lose Max HP","damage_taken":0,"relics_obtained":["Golden Idol"],"max_hp_gain":0,"max_hp_loss":8,"event_name":"Golden Idol","floor":12,"gold_loss":0},{"damage_healed":0,"gold_gain":0,"player_choice":"Success","damage_taken":18,"relics_obtained":["Happy Flower"],"max_hp_gain":0,"max_hp_loss":0,"event_name":"Scrap Ooze","floor":14,"gold_loss":0}],"is_beta":true,"boss_relics":[],"items_purged_floors":[],"is_endless":false,"potions_floor_spawned":[5,8,11],"killed_by":"Hexaghost","ascension_level":20}