{"gold_per_floor":[109,109,34,45,63,98,98,116,116,116,266,323,323],"floor_reached":13,"playtime":471,"items_purged":[],"score":145,"play_id":"12d2bfeb-faac-42d4-8a6d-6a90c1caeecd","local_time":"20180908214727","is_ascension_mode":true,"campfire_choices":[{"data":"Fire Breathing","floor":7,"key":"SMITH"},{"data":"True Grit","floor":10,"key":"SMITH"}],"neow_cost":"NONE","seed_source_timestamp":530627998333609,"circlet_count":0,"master_deck":["Strike_R","Strike_R","Strike_R","Strike_R","Defend_R","Defend_R","Defend_R","Defend_R","Bash","AscendersBane","True Grit+1","Wild Strike","Fire Breathing+1","Clothesline","Flex","Doubt","Dual Wield"],"relics":["Burning Blood","NeowsBlessing","Ginger","WingedGreaves","Kunai"],"potions_floor_usage":[12],"damage_taken":[{"damage":0,"enemies":"Jaw Worm","floor":1,"turns":1},{"damage":0,"enemies":"Cultist","floor":4,"turns":1},{"damage":0,"enemies":"2 Louse","floor":5,"turns":1},{"damage":32,"enemies":"Gremlin Nob","floor":6,"turns":5},{"damage":2,"enemies":"2 Fungi Beasts","floor":8,"turns":4},{"damage":45,"enemies":"Lagavulin Event","floor":12,"turns":7},{"damage":21,"enemies":"3 Sentries","floor":13,"turns":3}],"seed_played":"494400202452091304","potions_obtained":[{"floor":6,"key":"SkillPotion"},{"floor":8,"key":"LiquidBronze"}],"is_trial":false,"path_per_floor":["M","?","?","M","M","E","R","M","T","R","?","?"],"character_chosen":"IRONCLAD","items_purchased":[],"campfire_rested":0,"item_purchase_floors":[],"current_hp_per_floor":[74,74,74,75,75,49,49,53,53,53,53,14,0],"gold":323,"neow_bonus":"THREE_ENEMY_KILL","is_prod":false,"is_daily":false,"chose_seed":false,"campfire_upgraded":2,"win_rate":0,"timestamp":1536457647,"path_taken":["M","?","?","M","?","E","R","M","T","R","?","?","E"],"build_version":"2018-09-06","purchased_purges":0,"victory":false,"max_hp_per_floor":[75,75,75,75,75,75,75,75,75,75,75,75,75],"card_choices":[{"not_picked":["Clash","Pummel"],"picked":"True Grit","floor":1},{"not_picked":["Flex","True Grit"],"picked":"Wild Strike","floor":4},{"not_picked":["Iron Wave","Dual Wield"],"picked":"Fire Breathing","floor":5},{"not_picked":["Corruption","Second Wind"],"picked":"Clothesline","floor":6},{"not_picked":["Spot Weakness","Heavy Blade"],"picked":"Flex","floor":8},{"not_picked":["Battle Trance","Spot Weakness"],"picked":"Dual Wield","floor":12}],"player_experience":985431,"relics_obtained":[{"floor":6,"key":"Ginger"},{"floor":9,"key":"WingedGreaves"},{"floor":12,"key":"Kunai"}],"event_choices":[{"event_name":"WeMeetAgain","player_choice":"Attack","floor":2,"damage_taken":0},{"event_name":"The Cleric","player_choice":"Card Removal","floor":3,"damage_taken":0},{"event_name":"Liars Game","player_choice":"agreed","floor":11,"damage_taken":0},{"event_name":"Dead Adventurer","player_choice":"Searched \u00272\u0027 times","floor":12,"damage_taken":0}],"is_beta":false,"boss_relics":[],"items_purged_floors":[],"is_endless":false,"potions_floor_spawned":[6,8],"killed_by":"3 Sentries","ascension_level":15}