{"gold_per_floor":[109,109,30,30,41,41,68,68,68,68,80,25,56,74,74,148,148,162,162,2,2,14,14,40,40,65,65,65,100,200,216,216,216],"floor_reached":33,"playtime":1540,"items_purged":[],"score":578,"play_id":"dd1a72ad-152c-47b5-9273-98671b90af31","local_time":"20190404055837","is_ascension_mode":true,"campfire_choices":[{"data":"Bash","floor":6,"key":"SMITH"},{"data":"Clothesline","floor":8,"key":"SMITH"},{"data":"Feel No Pain","floor":10,"key":"SMITH"},{"data":"Disarm","floor":15,"key":"SMITH"},{"data":"Demon Form","floor":23,"key":"SMITH"},{"data":"True Grit","floor":28,"key":"SMITH"},{"data":"Immolate","floor":32,"key":"SMITH"}],"neow_cost":"NONE","seed_source_timestamp":242858277226982,"circlet_count":0,"master_deck":["AscendersBane","Strike_R+1","Strike_R+1","Strike_R+1","Strike_R+1","Strike_R+1","Defend_R+1","Defend_R+1","Defend_R+1","Defend_R+1","Bash+1","Feel No Pain+1","Clothesline+1","Spot Weakness","Uppercut","Pommel Strike","Disarm+1","Demon Form+1","Shrug It Off","Decay","True Grit+1","Metallicize+1","Immolate+1"],"relics":["Burning Blood","Happy Flower","Self Forming Clay","Ornamental Fan","Mercury Hourglass","Matryoshka","Regal Pillow","Mark of Pain","Anchor","Shuriken","Boot","Orichalcum","Thread and Needle","Pantograph"],"potions_floor_usage":[7,13,14,16,22,29,33,33],"damage_taken":[{"damage":10,"enemies":"Small Slimes","floor":1,"turns":4},{"damage":4,"enemies":"Jaw Worm","floor":5,"turns":5},{"damage":14,"enemies":"3 Sentries","floor":7,"turns":12},{"damage":0,"enemies":"Cultist","floor":11,"turns":2},{"damage":22,"enemies":"Lagavulin","floor":13,"turns":5},{"damage":8,"enemies":"Large Slime","floor":14,"turns":4},{"damage":23,"enemies":"The Guardian","floor":16,"turns":14},{"damage":11,"enemies":"Chosen","floor":18,"turns":5},{"damage":9,"enemies":"Shell Parasite","floor":22,"turns":2},{"damage":14,"enemies":"Book of Stabbing","floor":24,"turns":5},{"damage":21,"enemies":"Slavers","floor":29,"turns":5},{"damage":16,"enemies":"Colosseum Slavers","floor":30,"turns":5},{"damage":27,"enemies":"Colosseum Nobs","floor":30,"turns":5},{"damage":8,"enemies":"Chosen and Byrds","floor":31,"turns":5},{"damage":46,"enemies":"Collector","floor":33,"turns":7}],"seed_played":"-3848210843290176706","potions_obtained":[{"floor":1,"key":"Block Potion"},{"floor":7,"key":"Weak Potion"},{"floor":13,"key":"BloodPotion"},{"floor":16,"key":"SteroidPotion"},{"floor":22,"key":"SteroidPotion"},{"floor":30,"key":"Fire Potion"},{"floor":31,"key":"SkillPotion"}],"is_trial":false,"path_per_floor":["M","?","$","?","M","R","E","R","T","R","M","$","E","M","R","B",null,"M","?","$","?","M","R","E","$","T","?","R","E","?","M","R","B"],"character_chosen":"IRONCLAD","items_purchased":["Feel No Pain","Fire Potion","Anchor"],"campfire_rested":0,"item_purchase_floors":[3,12,20],"current_hp_per_floor":[64,38,38,38,40,40,32,32,32,32,38,38,22,20,20,10,59,54,54,54,54,51,51,43,43,43,58,58,43,12,10,10,0],"gold":216,"neow_bonus":"RANDOM_COMMON_RELIC","is_prod":false,"is_daily":false,"chose_seed":false,"campfire_upgraded":7,"win_rate":0,"timestamp":1554371917,"path_taken":["M","?","$","?","M","R","E","R","T","R","M","$","E","M","R","BOSS","M","?","$","?","M","R","E","?","T","?","R","E","?","M","R","BOSS"],"build_version":"2019-01-23","purchased_purges":0,"victory":false,"max_hp_per_floor":[75,75,75,75,75,75,75,75,75,75,75,75,75,75,75,75,75,75,75,75,75,75,75,75,75,75,75,75,75,75,75,75,75],"card_choices":[{"not_picked":["Cleave","Warcry"],"picked":"Headbutt","floor":1},{"not_picked":["Body Slam","Anger"],"picked":"Clothesline","floor":5},{"not_picked":["Infernal Blade","Anger"],"picked":"Spot Weakness","floor":7},{"not_picked":["Entrench","Pommel Strike"],"picked":"Uppercut","floor":11},{"not_picked":["Seeing Red","Power Through"],"picked":"Pommel Strike","floor":13},{"not_picked":["Intimidate","Infernal Blade"],"picked":"Disarm","floor":14},{"not_picked":["Double Tap","Barricade"],"picked":"Demon Form","floor":16},{"not_picked":["Warcry","Sword Boomerang"],"picked":"Shrug It Off","floor":18},{"not_picked":["Havoc+1","Spot Weakness","Twin Strike"],"picked":"SKIP","floor":22},{"not_picked":["Heavy Blade","Body Slam"],"picked":"True Grit","floor":24},{"not_picked":["Pommel Strike","Armaments","Fire Breathing"],"picked":"SKIP","floor":29},{"not_picked":["Entrench","Combust"],"picked":"Metallicize+1","floor":30},{"not_picked":["Iron Wave+1","Anger"],"picked":"Immolate","floor":31}],"player_experience":1591590,"relics_obtained":[{"floor":7,"key":"Mercury Hourglass"},{"floor":9,"key":"Matryoshka"},{"floor":13,"key":"Regal Pillow"},{"floor":24,"key":"Shuriken"},{"floor":26,"key":"Boot"},{"floor":29,"key":"Orichalcum"},{"floor":30,"key":"Thread and Needle"},{"floor":30,"key":"Pantograph"}],"event_choices":[{"damage_healed":0,"gold_gain":0,"player_choice":"Success","damage_taken":26,"relics_obtained":["Self Forming Clay"],"max_hp_gain":0,"max_hp_loss":0,"event_name":"Scrap Ooze","floor":2,"gold_loss":0},{"cards_removed":["Headbutt"],"damage_healed":0,"gold_gain":0,"player_choice":"Gave Card","damage_taken":0,"relics_obtained":["Ornamental Fan"],"max_hp_gain":0,"max_hp_loss":0,"event_name":"WeMeetAgain","floor":4,"gold_loss":0},{"damage_healed":0,"gold_gain":0,"player_choice":"Smashed Altar","damage_taken":0,"max_hp_gain":0,"max_hp_loss":0,"event_name":"Forgotten Altar","floor":19,"gold_loss":0,"cards_obtained":["Decay"]},{"damage_healed":0,"gold_gain":0,"player_choice":"Simplicity","damage_taken":0,"max_hp_gain":0,"max_hp_loss":0,"event_name":"Back to Basics","floor":21,"gold_loss":0,"cards_upgraded":["Strike_R","Strike_R","Strike_R","Strike_R","Strike_R","Defend_R","Defend_R","Defend_R","Defend_R"]},{"damage_healed":15,"gold_gain":0,"player_choice":"Heal","damage_taken":0,"max_hp_gain":0,"max_hp_loss":0,"event_name":"The Library","floor":27,"gold_loss":0},{"damage_healed":0,"gold_gain":0,"player_choice":"Fight","damage_taken":0,"max_hp_gain":0,"max_hp_loss":0,"event_name":"Colosseum","floor":30,"gold_loss":0},{"damage_healed":0,"gold_gain":0,"player_choice":"Fought Nobs","damage_taken":0,"max_hp_gain":0,"max_hp_loss":0,"event_name":"Colosseum","floor":30,"gold_loss":0}],"is_beta":false,"boss_relics":[{"not_picked":["Lizard Tail","Orrery"],"picked":"Mark of Pain"}],"items_purged_floors":[],"is_endless":false,"potions_floor_spawned":[1,7,13,16,22,30,30,31],"killed_by":"Collector","ascension_level":20}