{"gold_per_floor":[114,114,39,58,34,64,79,79,133,54,66,79,89,104,104,208,208,221,237,237,237,250,250,350,350],"floor_reached":25,"playtime":2866,"items_purged":["Strike_G"],"score":255,"play_id":"53cd9cc6-a6cd-46f4-a602-2ebd73c51b4f","local_time":"20190511161919","is_ascension_mode":false,"campfire_choices":[{"data":"Dagger Spray","floor":8,"key":"SMITH"},{"data":"Reflex","floor":15,"key":"SMITH"},{"data":"Night Terror","floor":23,"key":"SMITH"}],"neow_cost":"NONE","seed_source_timestamp":588428005869480,"circlet_count":0,"master_deck":["Defend_G","Defend_G","Defend_G","Defend_G","Defend_G","Strike_G","Strike_G","Strike_G","Strike_G","Survivor","Neutralize","Dodge and Roll+1","Bouncing Flask","Cloak And Dagger","Catalyst","Dagger Spray+1","Footwork","Dagger Throw","Escape Plan","Reflex+1","Dagger Throw","Night Terror+1","Acrobatics","RitualDagger","Noxious Fumes","Blur"],"relics":["Ring of the Snake","Lantern","Anchor","Sozu","Shovel","Molten Egg 2"],"potions_floor_usage":[11,16,16,25],"damage_taken":[{"damage":0,"enemies":"2 Louse","floor":1,"turns":3},{"damage":1,"enemies":"Cultist","floor":4,"turns":5},{"damage":23,"enemies":"3 Sentries","floor":6,"turns":11},{"damage":1,"enemies":"Jaw Worm","floor":7,"turns":3},{"damage":4,"enemies":"Gremlin Gang","floor":11,"turns":6},{"damage":0,"enemies":"Exordium Wildlife","floor":12,"turns":3},{"damage":0,"enemies":"3 Louse","floor":13,"turns":3},{"damage":0,"enemies":"2 Fungi Beasts","floor":14,"turns":2},{"damage":0,"enemies":"Slime Boss","floor":16,"turns":9},{"damage":0,"enemies":"3 Byrds","floor":18,"turns":2},{"damage":0,"enemies":"Chosen","floor":19,"turns":4},{"damage":6,"enemies":"Snake Plant","floor":22,"turns":4},{"damage":16,"enemies":"Colosseum Slavers","floor":24,"turns":5},{"damage":24,"enemies":"Colosseum Nobs","floor":24,"turns":5},{"damage":6,"enemies":"Slavers","floor":25,"turns":2}],"seed_played":"-7288127679324990818","potions_obtained":[{"floor":0,"key":"EssenceOfSteel"},{"floor":0,"key":"Fire Potion"},{"floor":0,"key":"Strength Potion"},{"floor":4,"key":"PowerPotion"},{"floor":6,"key":"Regen Potion"},{"floor":7,"key":"Fire Potion"},{"floor":14,"key":"AttackPotion"}],"is_trial":false,"path_per_floor":["M","?","$","M","$","E","M","R","T","$","M","M","M","M","R","B",null,"M","M","?","?","M","R","?","E"],"character_chosen":"THE_SILENT","items_purchased":["Cloak And Dagger","Footwork"],"campfire_rested":0,"item_purchase_floors":[5,10],"current_hp_per_floor":[70,70,70,69,69,46,45,45,45,45,56,56,56,56,56,56,70,70,70,64,51,45,45,5,0],"gold":350,"neow_bonus":"THREE_SMALL_POTIONS","is_prod":false,"is_daily":false,"chose_seed":false,"campfire_upgraded":3,"win_rate":0.0,"timestamp":1557609559,"path_taken":["M","?","?","M","$","E","M","R","T","$","M","?","?","M","R","BOSS","M","M","?","?","M","R","?","E"],"build_version":"2019-01-23","purchased_purges":1,"victory":false,"max_hp_per_floor":[70,70,70,70,70,70,70,70,70,70,70,70,70,70,70,70,70,70,70,70,75,75,75,75,75],"card_choices":[{"not_picked":["Dagger Throw","PiercingWail"],"picked":"Dodge and Roll","floor":1},{"not_picked":["Flying Knee","Riddle With Holes"],"picked":"Bouncing Flask","floor":4},{"not_picked":["Dagger Spray","Cloak And Dagger"],"picked":"Catalyst","floor":6},{"not_picked":["Dagger Throw","Dodge and Roll"],"picked":"Dagger Spray","floor":7},{"not_picked":["Underhanded Strike","All Out Attack"],"picked":"Dagger Throw","floor":11},{"not_picked":["All Out Attack","Poisoned Stab"],"picked":"Escape Plan","floor":12},{"not_picked":["Cloak And Dagger","Sucker Punch"],"picked":"Reflex","floor":13},{"not_picked":["Distraction","Malaise"],"picked":"Dagger Throw","floor":14},{"not_picked":["Malaise","Venomology"],"picked":"Night Terror","floor":16},{"not_picked":["Bane","Outmaneuver+1"],"picked":"Acrobatics","floor":18},{"not_picked":["Heel Hook","Eviscerate","Slice"],"picked":"SKIP","floor":19},{"not_picked":["Flying Knee","Reflex"],"picked":"Noxious Fumes","floor":22},{"not_picked":["Acrobatics","Prepared"],"picked":"Blur","floor":24}],"player_experience":31820,"relics_obtained":[{"floor":6,"key":"Lantern"},{"floor":9,"key":"Anchor"},{"floor":24,"key":"Shovel"},{"floor":24,"key":"Molten Egg 2"}],"event_choices":[{"damage_healed":0,"gold_gain":0,"player_choice":"Forge","damage_taken":0,"max_hp_gain":0,"max_hp_loss":0,"event_name":"Accursed Blacksmith","floor":2,"gold_loss":0,"cards_upgraded":["Dodge and Roll"]},{"damage_healed":0,"gold_gain":0,"player_choice":"Joined the Cult","damage_taken":6,"max_hp_gain":0,"max_hp_loss":0,"event_name":"Nest","floor":20,"gold_loss":0,"cards_obtained":["RitualDagger"]},{"damage_healed":0,"gold_gain":0,"player_choice":"Shed Blood","damage_taken":18,"max_hp_gain":5,"max_hp_loss":0,"event_name":"Forgotten Altar","floor":21,"gold_loss":0},{"damage_healed":0,"gold_gain":0,"player_choice":"Fight","damage_taken":0,"max_hp_gain":0,"max_hp_loss":0,"event_name":"Colosseum","floor":24,"gold_loss":0},{"damage_healed":0,"gold_gain":0,"player_choice":"Fought Nobs","damage_taken":0,"max_hp_gain":0,"max_hp_loss":0,"event_name":"Colosseum","floor":24,"gold_loss":0}],"is_beta":false,"boss_relics":[{"not_picked":["Ectoplasm","Philosopher\u0027s Stone"],"picked":"Sozu"}],"items_purged_floors":[3],"is_endless":false,"potions_floor_spawned":[4,6,7,14,24,24],"killed_by":"Slavers","ascension_level":0}