{"gold_per_floor":[114,114,39,59,59,71,101,152,187,230,265,277,304,359,371,476,488,520,548,17,17,17,17,17],"floor_reached":24,"playtime":1202,"items_purged":["Strike_R","Strike_R"],"score":428,"play_id":"35023d40-7468-46db-8896-f7c4939a9ead","local_time":"20190510155359","is_ascension_mode":true,"campfire_choices":[{"data":"Combust","floor":6,"key":"SMITH"},{"floor":12,"key":"REST"},{"data":"Bash","floor":15,"key":"SMITH"}],"neow_cost":"NONE","seed_source_timestamp":283529006769667,"circlet_count":0,"master_deck":["AscendersBane","Strike_R","Strike_R","Strike_R","Defend_R","Defend_R","Defend_R","Defend_R","Bash+1","Pummel","Combust+1","Disarm","Bludgeon","Iron Wave","Power Through","Reaper","Headbutt","Armaments","Spot Weakness","Inflame"],"relics":["Burning Blood","Golden Idol","MawBank","Bag of Preparation","Lantern","Happy Flower","Oddly Smooth Stone","Cursed Key","Paper Frog"],"potions_floor_usage":[8,18,19],"damage_taken":[{"damage":5,"enemies":"Small Slimes","floor":1,"turns":4},{"damage":0,"enemies":"2 Louse","floor":4,"turns":4},{"damage":7,"enemies":"Cultist","floor":7,"turns":4},{"damage":32,"enemies":"Lagavulin","floor":8,"turns":7},{"damage":15,"enemies":"3 Sentries","floor":10,"turns":5},{"damage":3,"enemies":"Looter","floor":11,"turns":2},{"damage":3,"enemies":"Blue Slaver","floor":13,"turns":3},{"damage":22,"enemies":"Lagavulin","floor":14,"turns":6},{"damage":24,"enemies":"The Guardian","floor":16,"turns":13},{"damage":22,"enemies":"Shell Parasite","floor":18,"turns":5},{"damage":17,"enemies":"Spheric Guardian","floor":19,"turns":4},{"damage":56,"enemies":"Book of Stabbing","floor":24,"turns":6}],"seed_played":"7672740347018237073","potions_obtained":[{"floor":4,"key":"Explosive Potion"},{"floor":10,"key":"BloodPotion"},{"floor":13,"key":"FairyPotion"},{"floor":16,"key":"SpeedPotion"}],"is_trial":false,"path_per_floor":["M","?","$","M","?","R","M","E","T","E","M","R","M","E","R","B",null,"M","M","$","?","?","$","E"],"character_chosen":"IRONCLAD","items_purchased":["Paper Frog","Spot Weakness","Inflame"],"campfire_rested":1,"item_purchase_floors":[20,20,20],"current_hp_per_floor":[69,68,68,68,68,68,67,41,41,32,35,55,58,42,42,24,57,51,43,43,43,43,43,0],"gold":17,"neow_bonus":"THREE_CARDS","is_prod":false,"is_daily":false,"chose_seed":false,"campfire_upgraded":2,"win_rate":0,"timestamp":1557528839,"path_taken":["M","?","$","M","?","R","M","E","T","E","?","R","M","E","R","BOSS","M","M","$","?","?","$","E"],"build_version":"2019-05-07","purchased_purges":2,"victory":false,"max_hp_per_floor":[75,68,68,68,68,68,68,68,68,68,68,68,68,68,68,68,68,68,68,68,68,68,68,68],"card_choices":[{"not_picked":["Seeing Red","Searing Blow"],"picked":"Pummel","floor":0},{"not_picked":["Body Slam","Burning Pact"],"picked":"Combust","floor":1},{"not_picked":["Entrench","Evolve","Flex"],"picked":"SKIP","floor":4},{"not_picked":["Blood for Blood","Warcry"],"picked":"Disarm","floor":7},{"not_picked":["Cleave","Sever Soul"],"picked":"Bludgeon","floor":8},{"not_picked":["Flex","Perfected Strike","Clash"],"picked":"SKIP","floor":10},{"not_picked":["Body Slam","Cleave"],"picked":"Iron Wave","floor":11},{"not_picked":["Heavy Blade","Sword Boomerang"],"picked":"Power Through","floor":13},{"not_picked":["Wild Strike","Heavy Blade","Carnage"],"picked":"SKIP","floor":14},{"not_picked":["Limit Break","Fiend Fire"],"picked":"Reaper","floor":16},{"not_picked":["Carnage","Sword Boomerang"],"picked":"Headbutt","floor":18},{"not_picked":["Heavy Blade","Dropkick"],"picked":"Armaments","floor":19}],"player_experience":6340830,"relics_obtained":[{"floor":5,"key":"MawBank"},{"floor":8,"key":"Bag of Preparation"},{"floor":9,"key":"Lantern"},{"floor":10,"key":"Happy Flower"},{"floor":14,"key":"Oddly Smooth Stone"}],"event_choices":[{"damage_healed":0,"gold_gain":0,"player_choice":"Lose Max HP","damage_taken":0,"relics_obtained":["Golden Idol"],"max_hp_gain":0,"max_hp_loss":7,"event_name":"Golden Idol","floor":2,"gold_loss":0},{"damage_healed":0,"gold_gain":0,"player_choice":"Relic","damage_taken":0,"max_hp_gain":0,"max_hp_loss":0,"event_name":"Wheel of Change","floor":5,"gold_loss":0},{"damage_healed":0,"gold_gain":0,"player_choice":"Ignored","damage_taken":0,"max_hp_gain":0,"max_hp_loss":0,"event_name":"Beggar","floor":21,"gold_loss":0},{"damage_healed":0,"gold_gain":0,"player_choice":"Ignored","damage_taken":0,"max_hp_gain":0,"max_hp_loss":0,"event_name":"Ghosts","floor":22,"gold_loss":0}],"is_beta":true,"boss_relics":[{"not_picked":["White Beast Statue","Sozu"],"picked":"Cursed Key"}],"items_purged_floors":[3,20],"is_endless":false,"potions_floor_spawned":[4,10,13,16],"killed_by":"Book of Stabbing","ascension_level":20}