{"gold_per_floor":[117,117,117,136,136,174,139,139,165,165,68,68,103,127,127,226,226,249,270,291,307,307,307,351,376,376,501,501,544,544,469,469,469],"floor_reached":33,"playtime":2576,"items_purged":[],"score":757,"play_id":"51df8bfe-7359-4a17-9192-92f7dacf11cb","local_time":"20190430082825","is_ascension_mode":true,"campfire_choices":[{"data":"Zap","floor":8.0,"key":"SMITH"},{"data":"Capacitor","floor":12.0,"key":"SMITH"},{"data":"Reinforced Body","floor":15.0,"key":"SMITH"},{"data":"Chill","floor":23,"key":"SMITH"},{"floor":28,"key":"REST"},{"floor":32,"key":"REST"}],"neow_cost":"NONE","seed_source_timestamp":654762242272840,"circlet_count":0,"master_deck":["AscendersBane","Defend_B","Defend_B","Defend_B","Defend_B+1","Dualcast","Glacier","Glacier+1","Chill+1","Capacitor+1","Chill","Reinforced Body+1","Core Surge","Doom and Gloom","Coolheaded","Leap+1","Redo+1","Ghostly","Ghostly","Ghostly","Seek","Loop+1","Bite","Bite","Bite","Bite","Bite"],"special_seed":0,"relics":["Cracked Core","NeowsBlessing","Golden Idol","Bronze Scales","Omamori","Cursed Key","Dodecahedron","Cables","Turnip","Frozen Egg 2","Du-Vu Doll"],"potions_floor_usage":[16,21,24],"damage_taken":[{"damage":0.0,"enemies":"2 Louse","floor":1.0,"turns":1.0},{"damage":0.0,"enemies":"Small Slimes","floor":4.0,"turns":1.0},{"damage":0.0,"enemies":"Gremlin Nob","floor":6.0,"turns":1.0},{"damage":14.0,"enemies":"3 Sentries","floor":13.0,"turns":7.0},{"damage":0.0,"enemies":"Jaw Worm","floor":14.0,"turns":5.0},{"damage":19,"enemies":"Hexaghost","floor":16,"turns":12},{"damage":5,"enemies":"Spheric Guardian","floor":18,"turns":8},{"damage":3,"enemies":"Shell Parasite","floor":19,"turns":8},{"damage":7,"enemies":"Snake Plant","floor":20,"turns":6},{"damage":32,"enemies":"Cultist and Chosen","floor":21,"turns":9},{"damage":12,"enemies":"Book of Stabbing","floor":24,"turns":7},{"damage":0,"enemies":"Shelled Parasite and Fungi","floor":25,"turns":10},{"damage":0,"enemies":"Colosseum Slavers","floor":27,"turns":5},{"damage":15,"enemies":"Colosseum Nobs","floor":27,"turns":7},{"damage":0,"enemies":"Slavers","floor":29,"turns":5},{"damage":66,"enemies":"Champ","floor":33,"turns":15}],"seed_played":"6903510351467130437","potions_obtained":[{"floor":6.0,"key":"SpeedPotion"},{"floor":14.0,"key":"AttackPotion"},{"floor":16,"key":"FearPotion"}],"is_trial":false,"path_per_floor":["M","?","?","M","?","E","?","R","T","?","$","R","E","M","R","B",null,"M","M","M","M","?","R","E","M","T","?","R","E","?","?","R","B"],"character_chosen":"DEFECT","items_purchased":["Capacitor","Explosive Potion"],"campfire_rested":2,"item_purchase_floors":[11,11],"current_hp_per_floor":[64,69,43,43,20,20,39,39,39,39,39,39,25,27,27,10,60,57,56,51,21,21,21,11,13,13,2,13,15,15,15,26,0],"gold":469,"neow_bonus":"THREE_ENEMY_KILL","is_prod":false,"is_daily":false,"chose_seed":false,"campfire_upgraded":4,"win_rate":0,"timestamp":1556627305,"path_taken":["M","?","?","?","?","E","?","R","T","?","$","R","E","?","R","BOSS","M","M","?","M","?","R","E","M","T","?","R","E","?","?","R","BOSS"],"build_version":"2019-01-23","purchased_purges":0,"victory":false,"max_hp_per_floor":[71,76,76,76,76,76,76,76,76,76,76,76,76,76,76,76,76,76,76,76,76,38,38,38,38,38,38,38,38,38,38,38,38],"card_choices":[{"not_picked":["Sweeping Beam","Heatsinks"],"picked":"Glacier","floor":1.0},{"not_picked":["Redo","Barrage"],"picked":"Glacier","floor":4.0},{"not_picked":["Gash","Steam Power"],"picked":"Chill","floor":6.0},{"not_picked":["Compile Driver","Turbo"],"picked":"Chill","floor":13.0},{"not_picked":["FTL","Cold Snap"],"picked":"Reinforced Body","floor":14.0},{"not_picked":["Thunder Strike","Electrodynamics"],"picked":"Core Surge","floor":16},{"not_picked":["Gash","Skim"],"picked":"Doom and Gloom","floor":18},{"not_picked":["Sweeping Beam","Cold Snap"],"picked":"Coolheaded","floor":19},{"not_picked":["Skim","Steam"],"picked":"Leap+1","floor":20},{"not_picked":["Go for the Eyes","Rebound"],"picked":"Redo+1","floor":21},{"not_picked":["Gash","Stack"],"picked":"Seek","floor":24},{"not_picked":["Sweeping Beam","Ball Lightning","Melter+1"],"picked":"SKIP","floor":25},{"not_picked":["Reinforced Body","Go for the Eyes"],"picked":"Loop","floor":27},{"not_picked":["Ball Lightning","Scrape+1","Streamline"],"picked":"SKIP","floor":29}],"player_experience":2148803,"relics_obtained":[{"floor":6.0,"key":"Bronze Scales"},{"floor":9.0,"key":"Omamori"},{"floor":13.0,"key":"Blood Vial"},{"floor":24,"key":"Dodecahedron"},{"floor":26,"key":"Cables"},{"floor":27,"key":"Turnip"},{"floor":27,"key":"Frozen Egg 2"},{"floor":29,"key":"Du-Vu Doll"}],"event_choices":[{"damage_healed":0.0,"max_hp_gain":5.0,"max_hp_loss":0.0,"gold_gain":0.0,"event_name":"Big Fish","player_choice":"Donut","floor":2.0,"gold_loss":0.0,"damage_taken":0.0},{"damage_healed":0.0,"max_hp_gain":0.0,"max_hp_loss":0.0,"gold_gain":0.0,"event_name":"Golden Idol","player_choice":"Take Damage","floor":3.0,"gold_loss":0.0,"damage_taken":26.0,"relics_obtained":["Golden Idol"]},{"damage_healed":0.0,"max_hp_gain":0.0,"max_hp_loss":0.0,"gold_gain":0.0,"event_name":"Shining Light","player_choice":"Entered Light","floor":5.0,"gold_loss":0.0,"damage_taken":23.0,"cards_upgraded":["Defend_B","Glacier"]},{"damage_healed":19.0,"max_hp_gain":0.0,"max_hp_loss":0.0,"gold_gain":0.0,"event_name":"The Cleric","player_choice":"Healed","floor":7.0,"gold_loss":35.0,"damage_taken":0.0},{"cards_removed":["Strike_B"],"damage_healed":0.0,"max_hp_gain":0.0,"max_hp_loss":0.0,"gold_gain":0.0,"event_name":"Purifier","player_choice":"Purged","floor":10.0,"gold_loss":0.0,"damage_taken":0.0},{"damage_healed":0,"gold_gain":0,"player_choice":"Became a Ghost","damage_taken":0,"max_hp_gain":0,"max_hp_loss":38,"event_name":"Ghosts","floor":22,"gold_loss":0,"cards_obtained":["Ghostly","Ghostly","Ghostly"]},{"damage_healed":0,"gold_gain":0,"player_choice":"Fight","damage_taken":0,"max_hp_gain":0,"max_hp_loss":0,"event_name":"Colosseum","floor":27,"gold_loss":0},{"damage_healed":0,"gold_gain":0,"player_choice":"Fought Nobs","damage_taken":0,"max_hp_gain":0,"max_hp_loss":0,"event_name":"Colosseum","floor":27,"gold_loss":0},{"damage_healed":0,"gold_gain":0,"player_choice":"Became a vampire (Vial)","damage_taken":0,"max_hp_gain":0,"max_hp_loss":0,"event_name":"Vampires","floor":30,"relics_lost":["Blood Vial"],"gold_loss":0,"cards_obtained":["Bite","Bite","Bite","Bite","Bite"]},{"cards_removed":["Zap"],"damage_healed":0,"gold_gain":0,"player_choice":"Gave Gold","damage_taken":0,"max_hp_gain":0,"max_hp_loss":0,"event_name":"Beggar","floor":31,"gold_loss":75}],"is_beta":false,"boss_relics":[{"not_picked":["Sozu","Empty Cage"],"picked":"Cursed Key"}],"items_purged_floors":[],"is_endless":false,"potions_floor_spawned":[6,14,16,19,20,27],"killed_by":"Champ","ascension_level":20}