{"path_per_floor":["M","M","?","?","?","R","M","E","T","M","M","R","M","E","R","B",null,"M","$","M","M","M","R","E","M","T"],"character_chosen":"THE_SILENT","items_purchased":["Gremlin Horn"],"gold_per_floor":[112,123,123,198,198,198,218,250,305,325,341,341,359,387,387,483,483,493,251,224,240,255,255,289,306,306],"floor_reached":27,"campfire_rested":1,"playtime":3957,"current_hp_per_floor":[63,59,64,53,53,53,53,40,40,38,34,56,71,68,68,60,71,71,71,53,52,41,41,21,36,36],"items_purged":[],"gold":306,"score":321,"play_id":"41e04997-1561-4a5b-ba85-ee15746086ff","is_prod":false,"is_daily":false,"is_ascension_mode":true,"campfire_upgraded":3,"path_taken":["M","M","?","?","?","R","M","E","T","?","M","R","M","E","R","BOSS","M","$","M","?","M","R","E","M","T","M"],"build_version":"2018-02-15-PROD1","purchased_purges":1,"victory":false,"master_deck":["Defend_G","Defend_G","Defend_G","Defend_G","Defend_G","Strike_G","Strike_G","Strike_G","Strike_G","Survivor","Neutralize+1","PiercingWail","Blur","Flying Knee","Blur","Dagger Throw","Footwork+1","Leg Sweep","Terror","Burst+1","Malaise+1","Dagger Throw+1","Outmaneuver+1","Injury","Infinite Blades"],"max_hp_per_floor":[70,70,75,75,75,75,75,75,75,75,75,75,75,75,75,75,75,75,75,75,75,75,75,75,75,75],"relics":["Ring of the Snake","Pen Nib","Centennial Puzzle","Dream Catcher","Prayer Wheel","Cursed Key","Gremlin Horn","Art of War","Peace Pipe"],"card_choices":[{"not_picked":["Acrobatics","Endless Agony"],"picked":"PiercingWail"},{"not_picked":["Sucker Punch","Slice"],"picked":"Blur"},{"not_picked":["Poisoned Stab","Outmaneuver"],"picked":"Flying Knee"},{"not_picked":["All Out Attack","Wraith Form"],"picked":"Blur"},{"not_picked":["Underhanded Strike","Poisoned Stab"],"picked":"Dagger Throw"},{"not_picked":["Outmaneuver","Skewer"],"picked":"Footwork"},{"not_picked":["Escape Plan","Dagger Throw"],"picked":"Leg Sweep"},{"not_picked":["Prepared","Outmaneuver"],"picked":"Terror"},{"not_picked":["Venomology","Bullet Time"],"picked":"Burst"},{"not_picked":["Acrobatics","Skewer"],"picked":"Malaise"},{"not_picked":["Slice","Sucker Punch"],"picked":"Dagger Throw"},{"not_picked":["Prepared","Bouncing Flask"],"picked":"Outmaneuver"},{"not_picked":["Bane","Deadly Poison"],"picked":"Infinite Blades"}],"player_experience":376449,"potions_floor_usage":[8,11,13,16,16,20,24,25,27],"damage_taken":[{"damage":0,"enemies":"Small Slimes","floor":1,"turns":4},{"damage":4,"enemies":"Jaw Worm","floor":2,"turns":6},{"damage":0,"enemies":"2 Louse","floor":7,"turns":4},{"damage":13,"enemies":"3 Sentries","floor":8,"turns":12},{"damage":2,"enemies":"Looter","floor":10,"turns":4},{"damage":4,"enemies":"Large Slime","floor":11,"turns":6},{"damage":0,"enemies":"Red Slaver","floor":13,"turns":7},{"damage":3,"enemies":"Lagavulin","floor":14,"turns":7},{"damage":8,"enemies":"Slime Boss","floor":16,"turns":12},{"damage":0,"enemies":"Spheric Guardian","floor":18,"turns":8},{"damage":18,"enemies":"2 Thieves","floor":20,"turns":5},{"damage":1,"enemies":"Snecko","floor":21,"turns":11},{"damage":11,"enemies":"Slaver and Parasite","floor":22,"turns":12},{"damage":20,"enemies":"Gremlin Leader","floor":24,"turns":9},{"damage":0,"enemies":"3 Cultists","floor":25,"turns":9},{"damage":53,"enemies":"Cultist and Chosen","floor":27,"turns":10}],"event_choices":[{"event_name":"Big Fish","player_choice":"Donut","floor":3,"damage_taken":0},{"event_name":"World of Goop","player_choice":"Gather Gold","floor":4,"damage_taken":0},{"event_name":"Purifier","player_choice":"One Purge","floor":5,"damage_taken":0}],"boss_relics":[{"not_picked":["Orrery","Black Star"],"picked":"Cursed Key"}],"potions_floor_spawned":[2,8,10,11,13,16,20,24,25],"seed_played":"693212323481306179","killed_by":"Cultist and Chosen","ascension_level":6,"is_trial":false}