{"gold_per_floor":[109,109,122,122,146,146,159,159,159,28,47,77,77,89,89,161,161,178,93,119,131,147,147,158,158,183,183,183,183,194,77,77,152,152,170,0,0,13,13,13,13],"floor_reached":41,"playtime":1209,"items_purged":["Writhe"],"score":828,"play_id":"10914f1c-1b99-4daa-9166-d2deb4b9ae2b","local_time":"20190304201227","is_ascension_mode":true,"campfire_choices":[{"data":"Bash","floor":6,"key":"SMITH"},{"data":"Feed","floor":8,"key":"SMITH"},{"data":"Inflame","floor":13,"key":"SMITH"},{"data":"Clothesline","floor":15,"key":"SMITH"},{"data":"True Grit","floor":23,"key":"SMITH"},{"data":"Havoc","floor":25,"key":"SMITH"},{"data":"Armaments","floor":27,"key":"SMITH"},{"data":"True Grit","floor":29,"key":"SMITH"},{"floor":32,"key":"REST"},{"floor":40,"key":"RECALL"}],"neow_cost":"TEN_PERCENT_HP_LOSS","seed_source_timestamp":290495222677101,"circlet_count":0,"master_deck":["AscendersBane","Strike_R","Strike_R","Strike_R","Strike_R","Defend_R","Defend_R+1","Defend_R","Defend_R","Bash+1","Feed+1","Twin Strike","Havoc+1","Shrug It Off+1","True Grit+1","Inflame+1","Warcry","Armaments+1","Clothesline+1","Immolate","Spot Weakness","True Grit+1","Clothesline+1","Demon Form","Corruption","Reaper","Shrug It Off","True Grit"],"relics":["Burning Blood","Anchor","Red Skull","War Paint","Pen Nib","Sozu","Ornamental Fan","Bronze Scales","Bag of Preparation","Matryoshka","Fusion Hammer","Red Mask","Centennial Puzzle","Pear"],"potions_floor_usage":[12,16,16,22],"damage_taken":[{"damage":21,"enemies":"Jaw Worm","floor":1,"turns":6},{"damage":8,"enemies":"Small Slimes","floor":3,"turns":3},{"damage":2,"enemies":"Cultist","floor":7,"turns":4},{"damage":6,"enemies":"2 Fungi Beasts","floor":11,"turns":4},{"damage":4,"enemies":"Lagavulin","floor":12,"turns":3},{"damage":0,"enemies":"Large Slime","floor":14,"turns":5},{"damage":7,"enemies":"The Guardian","floor":16,"turns":11},{"damage":13,"enemies":"3 Byrds","floor":18,"turns":6},{"damage":25,"enemies":"Chosen","floor":21,"turns":6},{"damage":19,"enemies":"3 Cultists","floor":22,"turns":6},{"damage":12,"enemies":"Snake Plant","floor":24,"turns":4},{"damage":14,"enemies":"Shelled Parasite and Fungi","floor":30,"turns":6},{"damage":45,"enemies":"Collector","floor":33,"turns":9},{"damage":21,"enemies":"3 Shapes","floor":35,"turns":12},{"damage":10,"enemies":"Orb Walker","floor":38,"turns":4},{"damage":117,"enemies":"Giant Head","floor":41,"turns":8}],"seed_played":"-5140215854110665483","potions_obtained":[{"floor":7,"key":"Fire Potion"},{"floor":11,"key":"AttackPotion"},{"floor":14,"key":"SkillPotion"},{"floor":16,"key":"Fire Potion"}],"is_trial":false,"path_per_floor":["M","?","M","?","T","R","M","R","T","$","M","E","R","M","R","B",null,"M","?","T","M","M","R","M","R","T","R","?","R","M","$","R","B",null,"M","?","T","M","?","R","E"],"character_chosen":"IRONCLAD","items_purchased":["True Grit","Inflame","Corruption"],"campfire_rested":1,"item_purchase_floors":[10,10,31],"current_hp_per_floor":[56,21,22,22,22,22,29,29,29,29,33,39,39,49,49,52,83,80,80,80,61,52,52,46,46,46,46,46,46,38,38,68,29,83,92,92,102,102,102,102,0],"gold":13,"neow_bonus":"THREE_RARE_CARDS","is_prod":false,"is_daily":false,"chose_seed":false,"campfire_upgraded":8,"win_rate":0,"timestamp":1551755547,"path_taken":["M","?","M","?","?","R","M","R","T","$","M","E","R","?","R","BOSS","M","?","?","?","M","R","M","R","T","R","?","R","M","$","R","BOSS","M","?","?","M","?","R","E"],"build_version":"2019-02-06","purchased_purges":1,"victory":false,"max_hp_per_floor":[71,71,74,74,74,74,77,77,77,77,81,85,85,89,89,93,93,97,97,97,97,101,101,101,101,101,101,101,101,101,101,101,101,101,105,105,115,119,113,113,113],"card_choices":[{"not_picked":["Barricade","Impervious"],"picked":"Feed","floor":0},{"not_picked":["Warcry","Clash"],"picked":"Twin Strike","floor":1},{"not_picked":["Pommel Strike","Cleave"],"picked":"Havoc","floor":3},{"not_picked":["Power Through","Cleave"],"picked":"Shrug It Off","floor":7},{"not_picked":["Thunderclap","Twin Strike"],"picked":"Warcry","floor":11},{"not_picked":["Dropkick","Fiend Fire"],"picked":"Armaments","floor":12},{"not_picked":["Thunderclap","Heavy Blade"],"picked":"Clothesline","floor":14},{"not_picked":["Fiend Fire","Feed"],"picked":"Immolate","floor":16},{"not_picked":["Hemokinesis","Twin Strike"],"picked":"Spot Weakness","floor":18},{"not_picked":["Pummel","Havoc"],"picked":"True Grit","floor":21},{"not_picked":["Fire Breathing","Iron Wave","Body Slam+1"],"picked":"SKIP","floor":22},{"not_picked":["Cleave","Warcry"],"picked":"Clothesline+1","floor":24},{"not_picked":["Shrug It Off","Heavy Blade"],"picked":"Demon Form","floor":30},{"not_picked":["Barricade","Feed"],"picked":"Reaper","floor":33},{"not_picked":["Fire Breathing","Pommel Strike+1"],"picked":"Shrug It Off","floor":35},{"not_picked":["Armaments","Havoc+1"],"picked":"True Grit","floor":38}],"player_experience":1153682,"relics_obtained":[{"floor":5,"key":"Red Skull"},{"floor":9,"key":"War Paint"},{"floor":12,"key":"Pen Nib"},{"floor":20,"key":"Bronze Scales"},{"floor":26,"key":"Bag of Preparation"},{"floor":37,"key":"Centennial Puzzle"},{"floor":37,"key":"Pear"}],"event_choices":[{"damage_healed":0,"gold_gain":0,"player_choice":"Success","damage_taken":35,"relics_obtained":["Anchor"],"max_hp_gain":0,"max_hp_loss":0,"event_name":"Scrap Ooze","floor":2,"gold_loss":0},{"cards_removed":["Strike_R"],"damage_healed":0,"gold_gain":0,"player_choice":"Forget","damage_taken":0,"max_hp_gain":0,"max_hp_loss":0,"event_name":"Living Wall","floor":4,"gold_loss":0},{"damage_healed":0,"gold_gain":0,"player_choice":"Obtained Relic","damage_taken":0,"relics_obtained":["Ornamental Fan"],"max_hp_gain":0,"max_hp_loss":0,"event_name":"Addict","floor":19,"gold_loss":85},{"damage_healed":0,"gold_gain":0,"player_choice":"Opened","damage_taken":0,"relics_obtained":["Matryoshka"],"max_hp_gain":0,"max_hp_loss":0,"event_name":"The Mausoleum","floor":28,"gold_loss":0,"cards_obtained":["Writhe"]},{"damage_healed":0,"gold_gain":0,"player_choice":"Paid","damage_taken":0,"relics_obtained":["Red Mask"],"max_hp_gain":0,"max_hp_loss":0,"event_name":"Tomb of Lord Red Mask","floor":36,"gold_loss":170},{"damage_healed":0,"gold_gain":0,"player_choice":"Max HP","damage_taken":0,"max_hp_gain":0,"max_hp_loss":6,"event_name":"Winding Halls","floor":39,"gold_loss":0}],"is_beta":true,"boss_relics":[{"not_picked":["Lizard Tail","Cursed Key"],"picked":"Sozu"},{"not_picked":["Black Blood","Tiny House"],"picked":"Fusion Hammer"}],"items_purged_floors":[31],"is_endless":false,"potions_floor_spawned":[7,11,14,16,30,33,38],"killed_by":"Giant Head","ascension_level":20}