{"gold_per_floor":[116,131,151,163,181,181,201,217,217,246,246,301,301,331,331,427,427,439,529,4,24,35,69,147,180,206,226,226,254,268,15,15,15],"floor_reached":33,"playtime":2414,"items_purged":["Strike_R","Strike_R"],"score":319,"play_id":"d45dd766-422b-484f-a5e5-188731acf16c","local_time":"20190320030000","is_ascension_mode":false,"campfire_choices":[{"data":"Demon Form","floor":6,"key":"SMITH"},{"data":"True Grit","floor":11,"key":"SMITH"},{"data":"Rampage","floor":13,"key":"SMITH"},{"data":"Bash","floor":15,"key":"SMITH"},{"data":"Metallicize","floor":28,"key":"SMITH"},{"floor":32,"key":"RECALL"}],"neow_cost":"NONE","seed_source_timestamp":262456462722368,"circlet_count":0,"master_deck":["Strike_R","Strike_R","Strike_R","Defend_R","Defend_R","Defend_R","Defend_R","Bash+1","Metallicize+1","Pommel Strike","Clothesline","Demon Form+1","Rampage+1","True Grit+1","Pommel Strike","Impervious","Battle Trance","Shrug It Off+1","Offering+1","Sentinel+1","Shrug It Off+1","Thinking Ahead+1","Shockwave+1","Burning Pact+1","Inflame+1","Hemokinesis+1","Pommel Strike+1"],"relics":["Black Blood","Champion Belt","Mercury Hourglass","Anchor","Toxic Egg 2","Frozen Egg 2","StoneCalendar","WingedGreaves","Centennial Puzzle","Molten Egg 2","PreservedInsect"],"potions_floor_usage":[4,10,16,18,22,23,23,23,25,29,30,33,33],"damage_taken":[{"damage":6,"enemies":"Cultist","floor":1,"turns":3},{"damage":9,"enemies":"Small Slimes","floor":2,"turns":5},{"damage":0,"enemies":"2 Louse","floor":3,"turns":3},{"damage":9,"enemies":"Gremlin Gang","floor":4,"turns":4},{"damage":30,"enemies":"Exordium Thugs","floor":5,"turns":7},{"damage":3,"enemies":"2 Fungi Beasts","floor":7,"turns":4},{"damage":0,"enemies":"Looter","floor":8,"turns":4},{"damage":20,"enemies":"3 Sentries","floor":10,"turns":7},{"damage":26,"enemies":"Lagavulin Event","floor":12,"turns":6},{"damage":11,"enemies":"Lagavulin","floor":14,"turns":6},{"damage":14,"enemies":"Hexaghost","floor":16,"turns":8},{"damage":6,"enemies":"2 Thieves","floor":18,"turns":3},{"damage":10,"enemies":"Shell Parasite","floor":21,"turns":7},{"damage":4,"enemies":"Cultist and Chosen","floor":22,"turns":6},{"damage":14,"enemies":"Gremlin Leader","floor":23,"turns":8},{"damage":12,"enemies":"Book of Stabbing","floor":25,"turns":5},{"damage":13,"enemies":"3 Cultists","floor":27,"turns":6},{"damage":26,"enemies":"Slavers","floor":29,"turns":6},{"damage":17,"enemies":"Snake Plant","floor":30,"turns":5},{"damage":53,"enemies":"Automaton","floor":33,"turns":10}],"seed_played":"8534939664982904695","potions_obtained":[{"floor":1,"key":"SpeedPotion"},{"floor":3,"key":"EssenceOfSteel"},{"floor":5,"key":"Explosive Potion"},{"floor":12,"key":"FearPotion"},{"floor":14,"key":"Ancient Potion"},{"floor":16,"key":"FearPotion"},{"floor":18,"key":"EntropicBrew"},{"floor":23,"key":"SteroidPotion"},{"floor":27,"key":"Block Potion"},{"floor":29,"key":"SkillPotion"}],"is_trial":false,"path_per_floor":["M","M","M","M","M","R","M","M","T","E","R","?","R","E","R","B",null,"M","?","$","M","M","E","T","E","T","M","R","E","M","$","R","B"],"character_chosen":"IRONCLAD","items_purchased":["Frozen Egg 2","Shrug It Off+1","Thinking Ahead+1","PreservedInsect"],"campfire_rested":0,"item_purchase_floors":[20,20,20,31],"current_hp_per_floor":[88,85,88,85,61,61,64,70,70,56,56,36,36,31,31,23,88,88,72,72,72,78,74,74,72,72,69,69,53,46,46,46,0],"gold":15,"neow_bonus":"TEN_PERCENT_HP_BONUS","is_prod":false,"is_daily":false,"chose_seed":false,"campfire_upgraded":5,"win_rate":0,"timestamp":1553065200,"path_taken":["M","M","M","M","M","R","M","?","T","E","R","?","R","E","R","BOSS","M","?","$","M","?","E","?","E","T","?","R","E","?","$","R","BOSS"],"build_version":"2019-01-23","purchased_purges":2,"victory":false,"max_hp_per_floor":[88,88,88,88,88,88,88,88,88,88,88,88,88,88,88,88,88,88,88,88,88,88,88,88,88,88,88,88,88,88,88,88,88],"card_choices":[{"not_picked":["Body Slam","Havoc"],"picked":"Metallicize","floor":1},{"not_picked":["Armaments","Heavy Blade"],"picked":"Pommel Strike","floor":2},{"not_picked":["Pummel","Infernal Blade"],"picked":"Clothesline","floor":3},{"not_picked":["Wild Strike","Burning Pact"],"picked":"Demon Form","floor":4},{"not_picked":["Pummel","Warcry"],"picked":"Rampage","floor":5},{"not_picked":["Cleave","Corruption"],"picked":"True Grit","floor":7},{"not_picked":["Thunderclap","Havoc"],"picked":"Pommel Strike","floor":8},{"not_picked":["Sword Boomerang","Clothesline"],"picked":"Impervious","floor":10},{"not_picked":["True Grit","Dropkick"],"picked":"Battle Trance","floor":12},{"not_picked":["Clash","Perfected Strike"],"picked":"Shrug It Off","floor":14},{"not_picked":["Reaper","Dark Embrace"],"picked":"Offering+1","floor":16},{"not_picked":["Iron Wave","Anger"],"picked":"Sentinel+1","floor":18},{"not_picked":["Armaments+1","Twin Strike"],"picked":"Shockwave+1","floor":21},{"not_picked":["Headbutt","Armaments+1"],"picked":"Burning Pact+1","floor":22},{"not_picked":["Iron Wave","Clash+1"],"picked":"Inflame+1","floor":23},{"not_picked":["Rage+1","Sword Boomerang"],"picked":"Hemokinesis+1","floor":25},{"not_picked":["Clash","Infernal Blade+1","Headbutt"],"picked":"SKIP","floor":27},{"not_picked":["Wild Strike","Berserk+1","Flex+1"],"picked":"SKIP","floor":29},{"not_picked":["Dropkick+1","Burning Pact+1"],"picked":"Pommel Strike+1","floor":30}],"player_experience":1284821,"relics_obtained":[{"floor":9,"key":"Champion Belt"},{"floor":10,"key":"Mercury Hourglass"},{"floor":12,"key":"Anchor"},{"floor":14,"key":"Toxic Egg 2"},{"floor":23,"key":"StoneCalendar"},{"floor":25,"key":"WingedGreaves"},{"floor":26,"key":"Centennial Puzzle"},{"floor":29,"key":"Molten Egg 2"}],"event_choices":[{"damage_healed":0,"gold_gain":30,"player_choice":"Searched \u00272\u0027 times","damage_taken":0,"max_hp_gain":0,"max_hp_loss":0,"event_name":"Dead Adventurer","floor":12,"gold_loss":0},{"damage_healed":0,"gold_gain":90,"player_choice":"GOLD ","damage_taken":16,"max_hp_gain":0,"max_hp_loss":0,"event_name":"Knowing Skull","floor":19,"potions_obtained":[],"gold_loss":0,"cards_obtained":[]}],"is_beta":false,"boss_relics":[{"not_picked":["Runic Cube","Runic Dome"],"picked":"Black Blood"}],"items_purged_floors":[20,31],"is_endless":false,"potions_floor_spawned":[1,3,5,12,14,16,18,23,27,29],"killed_by":"Automaton","ascension_level":0}