{"gold_per_floor":[17,17,36,49,49,49,83,107,107,107,32,32,57,90,90,180,180,195,218,218,237,237,272,272,305,350,31,47,7,7,24,24,98,98,111,125,125,141,141,166,166,201,226,240,252,252,280,23,23,23,23],"floor_reached":51,"playtime":3451,"items_purged":["Strike_B"],"score":1695,"play_id":"bbb0c1fa-ce54-4a6d-8699-49016753b515","local_time":"20190508191041","is_ascension_mode":true,"campfire_choices":[{"floor":6,"key":"REST"},{"data":"Defragment","floor":12,"key":"SMITH"},{"data":"Defragment","floor":15,"key":"SMITH"},{"floor":24,"key":"REST"},{"data":"Defragment","floor":30,"key":"SMITH"},{"floor":32,"key":"REST"},{"data":"Defragment","floor":41,"key":"SMITH"},{"floor":46,"key":"RECALL"},{"data":"Defragment","floor":49,"key":"SMITH"}],"neow_cost":"NO_GOLD","seed_source_timestamp":120282610742571,"circlet_count":0,"master_deck":["AscendersBane","Strike_B","Strike_B","Defend_B","Defend_B","Defend_B","Defend_B","Zap+1","Dualcast+1","Electrodynamics","Defragment+1","Conserve Battery","Reinforced Body","Hologram","Defragment+1","Defragment+1","Seek","Leap+1","Storm","Defragment+1","Steam","PanicButton","Hologram","Defragment+1","Thunder Strike","Capacitor","PanicButton","Chill","Chill","Seek","Chill+1","Go for the Eyes+1","Dark Shackles"],"relics":["Cracked Core","Bloody Idol","Bottled Lightning","Dead Branch","StoneCalendar","Philosopher\u0027s Stone","Blue Candle","Cables","Ancient Tea Set","Bronze Scales","OrangePellets","Snecko Eye","Molten Egg 2","Boot","The Courier","Centennial Puzzle"],"potions_floor_usage":[4,21,23,28,31,31,42,50],"damage_taken":[{"damage":7,"enemies":"Jaw Worm","floor":1,"turns":3},{"damage":0,"enemies":"Small Slimes","floor":3,"turns":2},{"damage":0,"enemies":"Cultist","floor":4,"turns":3},{"damage":13,"enemies":"3 Sentries","floor":7,"turns":5},{"damage":2,"enemies":"Exordium Wildlife","floor":8,"turns":4},{"damage":6,"enemies":"Large Slime","floor":13,"turns":3},{"damage":3,"enemies":"Lagavulin","floor":14,"turns":7},{"damage":0,"enemies":"The Guardian","floor":16,"turns":8},{"damage":0,"enemies":"3 Byrds","floor":18,"turns":2},{"damage":21,"enemies":"Chosen","floor":19,"turns":5},{"damage":18,"enemies":"Snake Plant","floor":21,"turns":3},{"damage":0,"enemies":"Gremlin Leader","floor":23,"turns":3},{"damage":39,"enemies":"Book of Stabbing","floor":25,"turns":4},{"damage":3,"enemies":"Shelled Parasite and Fungi","floor":28,"turns":3},{"damage":19,"enemies":"Centurion and Healer","floor":31,"turns":5},{"damage":9,"enemies":"Champ","floor":33,"turns":6},{"damage":0,"enemies":"3 Shapes","floor":35,"turns":2},{"damage":4,"enemies":"Orb Walker","floor":36,"turns":4},{"damage":0,"enemies":"Sphere and 2 Shapes","floor":38,"turns":3},{"damage":40,"enemies":"Nemesis","floor":40,"turns":7},{"damage":2,"enemies":"Reptomancer","floor":42,"turns":4},{"damage":0,"enemies":"Transient","floor":44,"turns":6},{"damage":7,"enemies":"Spire Growth","floor":45,"turns":4},{"damage":5,"enemies":"Nemesis","floor":47,"turns":5},{"damage":26,"enemies":"Awakened One","floor":50,"turns":35},{"damage":69,"enemies":"Time Eater","floor":51,"turns":3}],"seed_played":"6068293076058569576","potions_obtained":[{"floor":1,"key":"Energy Potion"},{"floor":8,"key":"FearPotion"},{"floor":16,"key":"Fire Potion"},{"floor":18,"key":"Swift Potion"},{"floor":21,"key":"Energy Potion"},{"floor":25,"key":"SkillPotion"},{"floor":28,"key":"Regen Potion"},{"floor":35,"key":"Swift Potion"},{"floor":40,"key":"FairyPotion"},{"floor":42,"key":"Explosive Potion"},{"floor":45,"key":"Fire Potion"}],"is_trial":false,"path_per_floor":["M","?","M","M","?","R","E","M","T","?","$","R","M","E","R","B",null,"M","M","?","M","T","E","R","E","T","$","M","$","R","M","R","B",null,"M","M","?","M","?","E","R","E","T","M","M","R","E","$","R","B","B"],"character_chosen":"DEFECT","items_purchased":["OrangePellets","PanicButton","Defragment","Centennial Puzzle","Go for the Eyes+1","Dark Shackles"],"campfire_rested":3,"item_purchase_floors":[27,27,29,48,48,48],"current_hp_per_floor":[57,36,36,36,36,55,42,40,40,64,64,64,58,55,55,55,62,62,41,41,28,28,33,52,18,23,23,25,25,25,23,42,38,58,63,64,64,64,54,19,19,22,27,32,30,30,30,30,30,4,0],"gold":23,"neow_bonus":"THREE_RARE_CARDS","is_prod":false,"is_daily":false,"chose_seed":false,"campfire_upgraded":5,"win_rate":0,"timestamp":1557367841,"path_taken":["M","?","M","M","?","R","E","M","T","?","$","R","M","E","R","BOSS","M","M","?","M","?","E","R","E","T","$","M","$","R","M","R","BOSS","M","M","?","M","?","E","R","E","T","M","M","R","E","$","R","BOSS","BOSS"],"build_version":"2019-05-07","purchased_purges":1,"victory":false,"max_hp_per_floor":[71,71,71,71,64,64,64,64,64,64,64,64,64,64,64,64,64,64,64,64,64,64,64,64,64,64,64,64,64,64,64,64,64,64,64,64,64,64,64,64,64,64,64,64,64,64,64,64,64,64,64],"card_choices":[{"not_picked":["Amplify","Hyperbeam"],"picked":"Electrodynamics","floor":0},{"not_picked":["Chill","Conserve Battery"],"picked":"Defragment","floor":1},{"not_picked":["Steam","Beam Cell"],"picked":"Conserve Battery","floor":3},{"not_picked":["Beam Cell","Streamline","Rebound"],"picked":"SKIP","floor":4},{"not_picked":["Melter","Hologram"],"picked":"Reinforced Body","floor":7},{"not_picked":["Gash","Go for the Eyes"],"picked":"Hologram","floor":8},{"not_picked":["Barrage","Compile Driver"],"picked":"Defragment","floor":13},{"not_picked":["Aggregate","Beam Cell"],"picked":"Defragment","floor":14},{"not_picked":["Multi-Cast","Hyperbeam"],"picked":"Seek","floor":16},{"not_picked":["Redo","Stack","Leap+1"],"picked":"SKIP","floor":18},{"not_picked":["Redo","Stack"],"picked":"Leap+1","floor":18},{"not_picked":["Gash","Turbo"],"picked":"Storm","floor":19},{"not_picked":["Chaos","Stack"],"picked":"Defragment","floor":21},{"not_picked":["Scrape","Streamline","Sweeping Beam"],"picked":"SKIP","floor":23},{"not_picked":["Compile Driver+1","Beam Cell"],"picked":"Steam","floor":25},{"not_picked":["Fusion","Scrape"],"picked":"Hologram","floor":28},{"not_picked":["Go for the Eyes","Chaos"],"picked":"Thunder Strike","floor":31},{"not_picked":["Gash+1","FTL","Conserve Battery"],"picked":"SKIP","floor":35},{"not_picked":["Go for the Eyes","Sweeping Beam"],"picked":"Capacitor","floor":36},{"not_picked":["Redo","Steam","Ball Lightning"],"picked":"SKIP","floor":38},{"not_picked":["Impatience","Purity"],"picked":"PanicButton","floor":39},{"not_picked":["Consume","Compile Driver"],"picked":"Chill","floor":40},{"not_picked":["Loop","Self Repair"],"picked":"Chill","floor":42},{"not_picked":["Heatsinks","Ball Lightning+1","Beam Cell+1"],"picked":"SKIP","floor":44},{"not_picked":["Ball Lightning+1","Force Field"],"picked":"Seek","floor":45},{"not_picked":["Rip and Tear+1","Barrage+1"],"picked":"Chill+1","floor":47}],"player_experience":6284394,"relics_obtained":[{"floor":7,"key":"Bottled Lightning"},{"floor":9,"key":"Dead Branch"},{"floor":14,"key":"StoneCalendar"},{"floor":22,"key":"Blue Candle"},{"floor":23,"key":"Cables"},{"floor":25,"key":"Ancient Tea Set"},{"floor":26,"key":"Bronze Scales"},{"floor":40,"key":"Molten Egg 2"},{"floor":42,"key":"Boot"},{"floor":47,"key":"The Courier"}],"event_choices":[{"damage_healed":0,"gold_gain":0,"player_choice":"Entered Light","damage_taken":21,"max_hp_gain":0,"max_hp_loss":0,"event_name":"Shining Light","floor":2,"gold_loss":0,"cards_upgraded":["Dualcast","Zap"]},{"damage_healed":0,"gold_gain":0,"player_choice":"Lose Max HP","damage_taken":0,"relics_obtained":["Golden Idol"],"max_hp_gain":0,"max_hp_loss":7,"event_name":"Golden Idol","floor":5,"gold_loss":0},{"damage_healed":24,"gold_gain":0,"player_choice":"Full Heal","damage_taken":0,"max_hp_gain":0,"max_hp_loss":0,"event_name":"Wheel of Change","floor":10,"gold_loss":0},{"damage_healed":0,"gold_gain":0,"player_choice":"Gave Idol","damage_taken":0,"relics_obtained":["Bloody Idol"],"max_hp_gain":0,"max_hp_loss":0,"event_name":"Forgotten Altar","floor":20,"relics_lost":["Golden Idol"],"gold_loss":0},{"cards_removed":["Strike_B"],"damage_healed":0,"gold_gain":0,"player_choice":"Removed Attack","damage_taken":0,"max_hp_gain":0,"max_hp_loss":0,"event_name":"Falling","floor":37,"gold_loss":0},{"damage_healed":0,"gold_gain":0,"player_choice":"Memory 3","damage_taken":10,"max_hp_gain":0,"max_hp_loss":0,"event_name":"SensoryStone","floor":39,"gold_loss":0}],"is_beta":true,"boss_relics":[{"not_picked":["Pandora\u0027s Box","Orrery"],"picked":"Philosopher\u0027s Stone"},{"not_picked":["Velvet Choker","Black Star"],"picked":"Snecko Eye"}],"items_purged_floors":[11],"is_endless":false,"potions_floor_spawned":[1,8,16,18,21,25,28,35,40,42,45],"killed_by":"Time Eater","ascension_level":20}