{"gold_per_floor":[117,63,80,80,99,99,11,29,56,106,132,132,146,177,177,177],"floor_reached":16,"playtime":938,"items_purged":[],"score":220,"play_id":"6e3878c2-7ed1-47ed-b560-e09ae0dd1407","local_time":"20190511070435","is_ascension_mode":true,"campfire_choices":[{"floor":6.0,"key":"REST"},{"floor":12.0,"key":"REST"},{"data":"Uppercut","floor":15.0,"key":"SMITH"}],"neow_cost":"NONE","seed_source_timestamp":3494185030950289,"circlet_count":0,"master_deck":["AscendersBane","Strike_R","Strike_R","Strike_R","Strike_R","Strike_R","Defend_R","Defend_R","Defend_R","Defend_R","Bash","Headbutt","Warcry","Clothesline","Uppercut+1","Bludgeon"],"special_seed":0,"relics":["Burning Blood","Vajra","Anchor","Blood Vial","Ancient Tea Set","Gambling Chip"],"potions_floor_usage":[],"damage_taken":[{"damage":1.0,"enemies":"Cultist","floor":1.0,"turns":3.0},{"damage":14.0,"enemies":"Small Slimes","floor":3.0,"turns":3.0},{"damage":2.0,"enemies":"Jaw Worm","floor":5.0,"turns":3.0},{"damage":18.0,"enemies":"Exordium Thugs","floor":8.0,"turns":5.0},{"damage":18.0,"enemies":"3 Sentries","floor":11.0,"turns":8.0},{"damage":8.0,"enemies":"Blue Slaver","floor":13.0,"turns":3.0},{"damage":15.0,"enemies":"Lagavulin","floor":14.0,"turns":5.0},{"damage":55,"enemies":"Hexaghost","floor":16,"turns":9}],"seed_played":"3494772733925601451","potions_obtained":[{"floor":3.0,"key":"PowerPotion"},{"floor":8.0,"key":"Block Potion"},{"floor":13.0,"key":"Swift Potion"},{"floor":14.0,"key":"Fire Potion"}],"is_trial":false,"path_per_floor":["M","$","M","?","M","R","$","M","T","?","E","R","M","E","R","B"],"character_chosen":"IRONCLAD","items_purchased":["Warcry","Uppercut"],"campfire_rested":2,"item_purchase_floors":[2,7],"current_hp_per_floor":[73,73,65,30,34,56,56,44,44,44,34,56,56,49,49,0],"gold":177,"neow_bonus":"RANDOM_COMMON_RELIC","is_prod":false,"is_daily":false,"chose_seed":false,"campfire_upgraded":1,"win_rate":0,"timestamp":1557576275,"path_taken":["M","?","M","?","M","R","$","M","T","?","E","R","?","E","R","BOSS"],"build_version":"2019-01-23","purchased_purges":0,"victory":false,"max_hp_per_floor":[75,75,75,75,75,75,75,75,75,75,75,75,75,75,75,75],"card_choices":[{"not_picked":["True Grit","Body Slam"],"picked":"Headbutt","floor":1.0},{"not_picked":["Flex","Blood for Blood"],"picked":"Clothesline","floor":3.0},{"not_picked":["Anger","Dual Wield","Pommel Strike"],"picked":"SKIP","floor":5.0},{"not_picked":["True Grit","Wild Strike","Thunderclap"],"picked":"SKIP","floor":8.0},{"not_picked":["Perfected Strike","Second Wind","Power Through"],"picked":"SKIP","floor":11.0},{"not_picked":["Carnage","Havoc"],"picked":"Bludgeon","floor":13.0},{"not_picked":["Hemokinesis","Clash","True Grit"],"picked":"SKIP","floor":14.0}],"player_experience":685304,"relics_obtained":[{"floor":9.0,"key":"Blood Vial"},{"floor":11.0,"key":"Ancient Tea Set"},{"floor":14.0,"key":"Gambling Chip"}],"event_choices":[{"damage_healed":0.0,"max_hp_gain":0.0,"max_hp_loss":0.0,"gold_gain":0.0,"event_name":"Scrap Ooze","player_choice":"Success","floor":4.0,"gold_loss":0.0,"damage_taken":35.0,"relics_obtained":["Anchor"]},{"damage_healed":0.0,"max_hp_gain":0.0,"max_hp_loss":0.0,"gold_gain":50.0,"event_name":"Golden Shrine","player_choice":"Pray","floor":10.0,"gold_loss":0.0,"damage_taken":0.0}],"is_beta":false,"boss_relics":[],"items_purged_floors":[],"is_endless":false,"potions_floor_spawned":[3,8,13,14],"killed_by":"Hexaghost","ascension_level":20}