{"gold_per_floor":[112,187,187,206,216,216,9,9,9,26,37,72,72,72,72,168,168,179,193,41,59,76,76,108,140,165,165,165,199,214,214],"floor_reached":31,"playtime":2389,"items_purged":["Strike_B"],"score":399,"play_id":"ff8b74c6-04ff-411f-9ee4-421c644de4d7","local_time":"20190507180216","is_ascension_mode":true,"campfire_choices":[{"data":"Zap","floor":6,"key":"SMITH"},{"data":"Zap","floor":8,"key":"SMITH"},{"data":"Dualcast","floor":13,"key":"SMITH"},{"floor":15,"key":"REST"},{"floor":23,"key":"REST"},{"floor":28,"key":"REST"}],"neow_cost":"NONE","seed_source_timestamp":252902141684229,"circlet_count":0,"master_deck":["Strike_B","Strike_B","Defend_B","Defend_B","Defend_B","Zap+1","Dualcast+1","Ball Lightning","Compile Driver","Dark Shackles","Zap+1","BootSequence","Genetic Algorithm","Undo","Ball Lightning","Conserve Battery","Conserve Battery","Skim","Biased Cognition","White Noise+1","Reinforced Body","Capacitor","Machine Learning","Force Field+1","Capacitor","Self Repair+1","Electrodynamics","Go for the Eyes"],"relics":["Empty Cage","Omamori","Lantern","FaceOfCleric","Eternal Feather","Tiny Chest","Red Mask","Incense Burner","Smiling Mask","Kunai","Darkstone Periapt"],"potions_floor_usage":[16,24,24,25,29],"damage_taken":[{"damage":5,"enemies":"Small Slimes","floor":1,"turns":3},{"damage":1,"enemies":"Cultist","floor":4,"turns":3},{"damage":0,"enemies":"Jaw Worm","floor":5,"turns":2},{"damage":2,"enemies":"Exordium Wildlife","floor":10,"turns":4},{"damage":0,"enemies":"Looter","floor":11,"turns":3},{"damage":23,"enemies":"3 Sentries","floor":12,"turns":7},{"damage":19,"enemies":"Slime Boss","floor":16,"turns":9},{"damage":23,"enemies":"3 Byrds","floor":18,"turns":4},{"damage":2,"enemies":"Shell Parasite","floor":19,"turns":5},{"damage":6,"enemies":"Centurion and Healer","floor":21,"turns":8},{"damage":21,"enemies":"Sentry and Sphere","floor":22,"turns":7},{"damage":14,"enemies":"Masked Bandits","floor":24,"turns":4},{"damage":29,"enemies":"Book of Stabbing","floor":25,"turns":6},{"damage":27,"enemies":"Slavers","floor":29,"turns":8},{"damage":24,"enemies":"Snake Plant","floor":30,"turns":5},{"damage":29,"enemies":"Book of Stabbing","floor":31,"turns":6}],"seed_played":"865730930708605159","potions_obtained":[{"floor":4,"key":"Poison Potion"},{"floor":16,"key":"Explosive Potion"},{"floor":18,"key":"Fire Potion"},{"floor":19,"key":"FocusPotion"},{"floor":25,"key":"Energy Potion"}],"is_trial":false,"path_per_floor":["M","?","?","M","M","R","$","R","T","M","M","E","R","?","R","B",null,"M","M","$","M","M","R","?","E","T","T","R","E","M","E"],"character_chosen":"DEFECT","items_purchased":["Undo","Ball Lightning","Capacitor","Tiny Chest"],"campfire_rested":3,"item_purchase_floors":[7,7,20,20],"current_hp_per_floor":[63,52,52,51,51,51,51,51,51,49,49,26,26,26,48,30,65,43,42,42,37,17,53,40,12,12,12,51,35,22,0],"gold":214,"neow_bonus":"BOSS_RELIC","is_prod":false,"is_daily":false,"chose_seed":false,"campfire_upgraded":3,"win_rate":0,"timestamp":1557248536,"path_taken":["M","?","?","M","M","R","$","R","T","?","M","E","R","?","R","BOSS","M","M","?","M","?","R","?","E","T","?","R","E","M","E"],"build_version":"2019-01-23","purchased_purges":1,"victory":false,"max_hp_per_floor":[75,75,75,75,75,75,75,75,75,75,75,75,75,75,75,76,76,77,78,78,79,80,80,81,82,82,82,82,83,84,84],"card_choices":[{"not_picked":["Hologram","Stack"],"picked":"Ball Lightning","floor":1},{"not_picked":["Conserve Battery","Beam Cell"],"picked":"BootSequence","floor":4},{"not_picked":["Sweeping Beam","Steam"],"picked":"Genetic Algorithm","floor":5},{"not_picked":["Multi-Cast","Gash"],"picked":"Conserve Battery","floor":10},{"not_picked":["Redo","Cold Snap"],"picked":"Conserve Battery","floor":11},{"not_picked":["Streamline","Static Discharge"],"picked":"Skim","floor":12},{"not_picked":["Seek","All For One"],"picked":"Biased Cognition","floor":16},{"not_picked":["Sweeping Beam+1","Blizzard"],"picked":"White Noise+1","floor":18},{"not_picked":["Steam","Streamline+1"],"picked":"Reinforced Body","floor":19},{"not_picked":["Steam","Hologram"],"picked":"Machine Learning","floor":21},{"not_picked":["Melter","Redo"],"picked":"Force Field+1","floor":22},{"not_picked":["Gash","Hologram"],"picked":"Capacitor","floor":24},{"not_picked":["Ball Lightning","Redo"],"picked":"Self Repair+1","floor":25},{"not_picked":["Lockon+1","Doom and Gloom+1"],"picked":"Electrodynamics","floor":29},{"not_picked":["Lockon","Barrage"],"picked":"Go for the Eyes","floor":30}],"player_experience":330169,"relics_obtained":[{"floor":9,"key":"Omamori"},{"floor":12,"key":"Lantern"},{"floor":24,"key":"Red Mask"},{"floor":25,"key":"Incense Burner"},{"floor":26,"key":"Smiling Mask"},{"floor":27,"key":"Kunai"},{"floor":29,"key":"Darkstone Periapt"}],"event_choices":[{"damage_healed":0,"gold_gain":75,"player_choice":"Gather Gold","damage_taken":11,"max_hp_gain":0,"max_hp_loss":0,"event_name":"World of Goop","floor":2,"gold_loss":0},{"damage_healed":0,"gold_gain":0,"player_choice":"3 cards matched","damage_taken":0,"max_hp_gain":0,"max_hp_loss":0,"event_name":"Match and Keep!","floor":3,"gold_loss":0,"cards_obtained":["Compile Driver","Dark Shackles","Zap"]},{"damage_healed":0,"gold_gain":0,"player_choice":"Trade","damage_taken":0,"relics_obtained":["FaceOfCleric"],"max_hp_gain":0,"max_hp_loss":0,"event_name":"FaceTrader","floor":14,"gold_loss":0},{"damage_healed":0,"gold_gain":0,"player_choice":"Fought Bandits","damage_taken":0,"max_hp_gain":0,"max_hp_loss":0,"event_name":"Masked Bandits","floor":24,"gold_loss":0}],"is_beta":false,"boss_relics":[{"not_picked":["Runic Pyramid","Snecko Eye"],"picked":"Eternal Feather"}],"items_purged_floors":[7],"is_endless":false,"potions_floor_spawned":[4,16,18,19,22,25],"killed_by":"Book of Stabbing","ascension_level":9}