{"gold_per_floor":[112,112,132,149,163,195,195,195],"floor_reached":8,"playtime":429,"items_purged":[],"score":116,"play_id":"a8d883e2-72d8-4cc1-ba85-1a9c2b683e95","local_time":"20190325174013","is_ascension_mode":true,"campfire_choices":[{"floor":7,"key":"REST"}],"neow_cost":"NONE","seed_source_timestamp":749339088008039,"circlet_count":0,"master_deck":["AscendersBane","Defend_G","Defend_G","Defend_G","Defend_G","Strike_G","Strike_G","Strike_G","Strike_G","Strike_G","Survivor","Neutralize+1","Crippling Poison","PiercingWail","Dodge and Roll","Footwork","Blur"],"relics":["Ring of the Snake","Centennial Puzzle"],"potions_floor_usage":[6,6],"damage_taken":[{"damage":0,"enemies":"Jaw Worm","floor":1,"turns":5},{"damage":0,"enemies":"Cultist","floor":3,"turns":4},{"damage":4,"enemies":"2 Louse","floor":4,"turns":3},{"damage":3,"enemies":"Red Slaver","floor":5,"turns":6},{"damage":64,"enemies":"Gremlin Nob","floor":6,"turns":7},{"damage":23,"enemies":"Lagavulin","floor":8,"turns":6}],"seed_played":"-8319127741656120294","potions_obtained":[{"floor":1,"key":"Regen Potion"},{"floor":3,"key":"Regen Potion"}],"is_trial":false,"path_per_floor":["M","?","M","M","M","E","R","E"],"character_chosen":"THE_SILENT","items_purchased":[],"campfire_rested":1,"item_purchase_floors":[],"current_hp_per_floor":[59,59,59,55,52,23,42,19],"gold":195,"neow_bonus":"UPGRADE_CARD","is_prod":false,"is_daily":false,"chose_seed":false,"campfire_upgraded":0,"win_rate":0,"timestamp":1553550013,"path_taken":["M","?","M","?","M","E","R","E"],"build_version":"2019-01-23","purchased_purges":0,"victory":false,"max_hp_per_floor":[66,66,66,66,66,66,66,66],"card_choices":[{"not_picked":["Eviscerate","Poisoned Stab"],"picked":"Crippling Poison","floor":1},{"not_picked":["Poisoned Stab","Slice"],"picked":"PiercingWail","floor":3},{"not_picked":["Setup","PiercingWail"],"picked":"Dodge and Roll","floor":4},{"not_picked":["Flying Knee","Choke"],"picked":"Footwork","floor":5},{"not_picked":["Quick Slash","Underhanded Strike"],"picked":"Blur","floor":6}],"player_experience":1405441,"relics_obtained":[{"floor":6,"key":"Centennial Puzzle"}],"event_choices":[{"cards_removed":["Defend_G"],"damage_healed":0,"gold_gain":0,"player_choice":"Offered Basic","damage_taken":0,"max_hp_gain":0,"max_hp_loss":0,"event_name":"Bonfire Elementals","floor":2,"gold_loss":0}],"is_beta":false,"boss_relics":[],"items_purged_floors":[],"is_endless":false,"potions_floor_spawned":[1,3,4],"killed_by":"Lagavulin","ascension_level":20}