{"gold_per_floor":[113,113,125,145,145,175,175,185,236,262,187,220,57,73,73,73],"floor_reached":16,"playtime":712,"items_purged":[],"score":228,"play_id":"1b48f0b6-ac74-4618-824c-6b212323e05f","local_time":"20190313171321","is_ascension_mode":true,"campfire_choices":[{"data":"Feel No Pain","floor":7,"key":"SMITH"},{"data":"True Grit","floor":15,"key":"SMITH"}],"neow_cost":"CURSE","seed_source_timestamp":21597716477066,"circlet_count":0,"master_deck":["AscendersBane","Strike_R","Strike_R","Strike_R","Strike_R+1","Strike_R+1","Defend_R","Defend_R","Defend_R","Defend_R","Bash","Discovery","PanicButton","Injury","Cleave+1","Spot Weakness","Feel No Pain+1","True Grit+1","Intimidate","Corruption+1","Mayhem+1","Feel No Pain+1"],"relics":["Burning Blood","Frozen Egg 2","Vajra","Whetstone","Blood Vial","The Courier"],"potions_floor_usage":[6,10,16,16],"damage_taken":[{"damage":2,"enemies":"Jaw Worm","floor":1,"turns":3},{"damage":0,"enemies":"2 Louse","floor":3,"turns":2},{"damage":0,"enemies":"Small Slimes","floor":4,"turns":2},{"damage":22,"enemies":"Lagavulin","floor":6,"turns":5},{"damage":14,"enemies":"Looter","floor":8,"turns":3},{"damage":22,"enemies":"3 Sentries","floor":10,"turns":7},{"damage":20,"enemies":"Lagavulin","floor":12,"turns":7},{"damage":8,"enemies":"Blue Slaver","floor":14,"turns":6},{"damage":27,"enemies":"The Guardian","floor":16,"turns":6}],"seed_played":"3829138122603765405","potions_obtained":[{"floor":3,"key":"AttackPotion"},{"floor":4,"key":"Dexterity Potion"},{"floor":6,"key":"LiquidBronze"},{"floor":10,"key":"LiquidBronze"}],"is_trial":false,"path_per_floor":["M","?","M","M","?","E","R","M","T","E","?","E","$","M","R","B"],"character_chosen":"IRONCLAD","items_purchased":["Mayhem+1"],"campfire_rested":0,"item_purchase_floors":[13],"current_hp_per_floor":[72,72,75,75,75,59,59,51,51,35,35,23,23,23,23,0],"gold":73,"neow_bonus":"RANDOM_COLORLESS_2","is_prod":false,"is_daily":false,"chose_seed":false,"campfire_upgraded":2,"win_rate":0,"timestamp":1552511601,"path_taken":["M","?","M","M","?","E","R","M","T","E","?","E","?","M","R","BOSS"],"build_version":"2019-01-23","purchased_purges":0,"victory":false,"max_hp_per_floor":[75,75,75,75,75,75,75,75,75,75,75,75,75,75,75,75],"card_choices":[{"not_picked":["Perfected Strike","Rage"],"picked":"Cleave","floor":1},{"not_picked":["Searing Blow","Clash"],"picked":"Spot Weakness","floor":3},{"not_picked":["Havoc","Combust"],"picked":"Feel No Pain","floor":4},{"not_picked":["Searing Blow","Cleave","Entrench"],"picked":"SKIP","floor":6},{"not_picked":["Flex","Perfected Strike"],"picked":"True Grit","floor":8},{"not_picked":["Shockwave","Shrug It Off"],"picked":"Intimidate","floor":10},{"not_picked":["Shockwave","Havoc"],"picked":"Corruption+1","floor":12},{"not_picked":["Heavy Blade","Intimidate"],"picked":"Feel No Pain+1","floor":14}],"player_experience":1088178,"relics_obtained":[{"floor":6,"key":"Vajra"},{"floor":9,"key":"Whetstone"},{"floor":10,"key":"Blood Vial"},{"floor":12,"key":"The Courier"}],"event_choices":[{"damage_healed":0,"gold_gain":0,"player_choice":"Grow","damage_taken":0,"max_hp_gain":0,"max_hp_loss":0,"event_name":"Living Wall","floor":2,"gold_loss":0,"cards_upgraded":["Cleave"]},{"damage_healed":0,"gold_gain":0,"player_choice":"Box","damage_taken":0,"relics_obtained":["Frozen Egg 2"],"max_hp_gain":0,"max_hp_loss":0,"event_name":"Big Fish","floor":5,"gold_loss":0,"cards_obtained":["Regret"]},{"cards_removed":["Regret"],"damage_healed":0,"gold_gain":0,"player_choice":"Card Removal","damage_taken":0,"max_hp_gain":0,"max_hp_loss":0,"event_name":"The Cleric","floor":11,"gold_loss":75}],"is_beta":false,"boss_relics":[],"items_purged_floors":[],"is_endless":false,"potions_floor_spawned":[3,4,6,10],"killed_by":"The Guardian","ascension_level":18}