{"gold_per_floor":[361,373,373,6,0,0,0,31,80,114,114,149,173,186,186,281,281,304,304,3,16,16,16,16,16,89,89,122,21,21,36,36,36],"floor_reached":33,"playtime":1708,"items_purged":["Writhe"],"score":648,"play_id":"3b8c36e2-530c-4756-963b-ae87da4f45de","local_time":"20190509011603","is_ascension_mode":true,"campfire_choices":[{"data":"Defragment","floor":6,"key":"SMITH"},{"floor":11,"key":"REST"},{"floor":15,"key":"REST"},{"floor":23,"key":"REST"},{"floor":27,"key":"REST"},{"data":"Zap","floor":30,"key":"PURGE"},{"floor":32,"key":"REST"}],"neow_cost":"TEN_PERCENT_HP_LOSS","seed_source_timestamp":1407545745519645,"circlet_count":0,"master_deck":["AscendersBane","Strike_B+1","Strike_B+1","Strike_B+1","Strike_B+1","Defend_B+1","Defend_B+1","Defend_B+1","Defend_B+1","Dualcast","Sweeping Beam","Cold Snap","FTL","Doom and Gloom","Defragment+1","Conserve Battery","Genetic Algorithm","Compile Driver","Rainbow+1","Fission+1","Sweeping Beam","Darkness+1","Redo+1"],"relics":["Cracked Core","Vajra","Golden Idol","Blue Candle","Regal Pillow","Peace Pipe","Toxic Egg 2","Busted Crown","Anchor","Sling","Symbiotic Virus","Ginger"],"potions_floor_usage":[8,18,25,33],"damage_taken":[{"damage":0,"enemies":"2 Louse","floor":1,"turns":4},{"damage":9,"enemies":"Jaw Worm","floor":2,"turns":3},{"damage":4,"enemies":"Gremlin Nob","floor":8,"turns":3},{"damage":7,"enemies":"3 Sentries","floor":10,"turns":5},{"damage":30,"enemies":"Gremlin Nob","floor":12,"turns":4},{"damage":0,"enemies":"Cultist","floor":13,"turns":2},{"damage":6,"enemies":"Blue Slaver","floor":14,"turns":3},{"damage":36,"enemies":"The Guardian","floor":16,"turns":10},{"damage":14,"enemies":"3 Byrds","floor":18,"turns":5},{"damage":0,"enemies":"2 Thieves","floor":21,"turns":3},{"damage":51,"enemies":"Book of Stabbing","floor":25,"turns":6},{"damage":0,"enemies":"Gremlin Leader","floor":28,"turns":6},{"damage":0,"enemies":"Chosen and Byrds","floor":31,"turns":4},{"damage":62,"enemies":"Automaton","floor":33,"turns":8}],"seed_played":"-8589539808313725487","potions_obtained":[{"floor":1,"key":"SteroidPotion"},{"floor":13,"key":"SkillPotion"},{"floor":14,"key":"SmokeBomb"}],"is_trial":false,"path_per_floor":["M","M","?","$","?","R","?","E","T","E","R","E","M","M","R","B",null,"M","?","$","M","$","R","?","E","T","R","E","$","R","M","R","B"],"character_chosen":"DEFECT","items_purchased":["Vajra","FTL","Doom and Gloom","Defragment","Sling","Darkness+1","Energy Potion"],"campfire_rested":5,"item_purchase_floors":[4,4,4,4,20,29,29],"current_hp_per_floor":[64,55,36,36,36,36,36,32,32,25,57,27,27,21,53,17,48,34,34,34,34,34,58,58,7,7,39,39,39,39,39,58,0],"gold":36,"neow_bonus":"TWO_FIFTY_GOLD","is_prod":false,"is_daily":false,"chose_seed":false,"campfire_upgraded":1,"win_rate":0,"timestamp":1557378963,"path_taken":["M","M","?","$","?","R","?","E","T","E","R","E","M","M","R","BOSS","M","?","$","M","$","R","?","E","T","R","E","?","R","?","R","BOSS"],"build_version":"2019-01-23","purchased_purges":1,"victory":false,"max_hp_per_floor":[64,64,64,64,64,64,58,58,58,58,58,58,58,58,58,58,58,58,58,58,58,58,58,58,58,58,58,58,58,58,58,58,58],"card_choices":[{"not_picked":["Turbo","Auto Shields"],"picked":"Sweeping Beam","floor":1},{"not_picked":["Undo","Barrage"],"picked":"Cold Snap","floor":2},{"not_picked":["Stack","Coolheaded"],"picked":"Conserve Battery","floor":8},{"not_picked":["Beam Cell","Double Energy"],"picked":"Genetic Algorithm","floor":10},{"not_picked":["Defragment","Turbo"],"picked":"Compile Driver","floor":12},{"not_picked":["Steam+1","Beam Cell"],"picked":"Rainbow+1","floor":13},{"not_picked":["Rebound","Streamline","Lockon"],"picked":"SKIP","floor":14},{"not_picked":["Echo Form","Hyperbeam"],"picked":"Fission+1","floor":16},{"not_picked":[],"picked":"Sweeping Beam","floor":18},{"not_picked":["Blizzard"],"picked":"SKIP","floor":21},{"not_picked":["Rebound"],"picked":"SKIP","floor":28},{"not_picked":[],"picked":"Redo+1","floor":31}],"player_experience":2492997,"relics_obtained":[{"floor":8,"key":"Blue Candle"},{"floor":9,"key":"Regal Pillow"},{"floor":10,"key":"Peace Pipe"},{"floor":12,"key":"Toxic Egg 2"},{"floor":26,"key":"Symbiotic Virus"},{"floor":28,"key":"Ginger"}],"event_choices":[{"damage_healed":0,"gold_gain":0,"player_choice":"Entered Light","damage_taken":19,"max_hp_gain":0,"max_hp_loss":0,"event_name":"Shining Light","floor":3,"gold_loss":0,"cards_upgraded":["Strike_B","Strike_B"]},{"damage_healed":0,"gold_gain":0,"player_choice":"Left Gold","damage_taken":0,"max_hp_gain":0,"max_hp_loss":0,"event_name":"World of Goop","floor":5,"gold_loss":6},{"damage_healed":0,"gold_gain":0,"player_choice":"Lose Max HP","damage_taken":0,"relics_obtained":["Golden Idol"],"max_hp_gain":0,"max_hp_loss":6,"event_name":"Golden Idol","floor":7,"gold_loss":0},{"damage_healed":0,"gold_gain":0,"player_choice":"Opened","damage_taken":0,"relics_obtained":["Anchor"],"max_hp_gain":0,"max_hp_loss":0,"event_name":"The Mausoleum","floor":19,"gold_loss":0,"cards_obtained":["Writhe"]},{"damage_healed":0,"gold_gain":0,"player_choice":"Simplicity","damage_taken":0,"max_hp_gain":0,"max_hp_loss":0,"event_name":"Back to Basics","floor":24,"gold_loss":0,"cards_upgraded":["Strike_B","Strike_B","Defend_B","Defend_B","Defend_B","Defend_B"]}],"is_beta":false,"boss_relics":[{"not_picked":["Velvet Choker","Calling Bell"],"picked":"Busted Crown"}],"items_purged_floors":[20],"is_endless":false,"potions_floor_spawned":[1,13,14,25],"killed_by":"Automaton","ascension_level":20}