{"gold_per_floor":[112,112,122,135,147,147,159,159,159,169,169,94,122,136,136,210,210,227,139,155,155,155],"floor_reached":22,"playtime":500,"items_purged":["Strike_R"],"score":367,"play_id":"243fcdc2-7ba2-46e9-a338-44c6be068f5b","local_time":"20190209133158","is_ascension_mode":true,"campfire_choices":[{"data":"Bash","floor":6,"key":"SMITH"},{"data":"Havoc","floor":8,"key":"SMITH"},{"data":"Disarm","floor":11,"key":"SMITH"},{"data":"Clothesline","floor":15,"key":"SMITH"}],"neow_cost":"NONE","seed_source_timestamp":10660540052877,"circlet_count":0,"master_deck":["AscendersBane","Strike_R","Strike_R","Strike_R","Strike_R","Defend_R","Defend_R","Defend_R","Defend_R","Bash+1","Iron Wave","Disarm","Cleave","Flame Barrier","Clothesline+1","Havoc+1","Disarm+1","Disarm","Shockwave","Juggernaut","Feel No Pain","Corruption","Ghostly","Ghostly","Ghostly"],"relics":["Burning Blood","NeowsBlessing","Paper Frog","StoneCalendar","Sozu"],"potions_floor_usage":[10,13,16],"damage_taken":[{"damage":0,"enemies":"Small Slimes","floor":1,"turns":1},{"damage":0,"enemies":"Cultist","floor":3,"turns":1},{"damage":0,"enemies":"2 Louse","floor":4,"turns":1},{"damage":26,"enemies":"Exordium Wildlife","floor":5,"turns":6},{"damage":14,"enemies":"Looter","floor":7,"turns":4},{"damage":0,"enemies":"Exordium Thugs","floor":10,"turns":3},{"damage":27,"enemies":"Lagavulin","floor":13,"turns":8},{"damage":12,"enemies":"Blue Slaver","floor":14,"turns":4},{"damage":20,"enemies":"Slime Boss","floor":16,"turns":8},{"damage":35,"enemies":"2 Thieves","floor":18,"turns":5},{"damage":22,"enemies":"Shell Parasite","floor":20,"turns":6},{"damage":14,"enemies":"Masked Bandits","floor":22,"turns":2}],"seed_played":"6219308521496955860","potions_obtained":[{"floor":4,"key":"Swift Potion"},{"floor":7,"key":"Fire Potion"},{"floor":14,"key":"Explosive Potion"}],"is_trial":false,"path_per_floor":["M","?","M","M","M","R","M","R","T","M","R","$","E","M","R","B",null,"M","$","M","?","?"],"character_chosen":"IRONCLAD","items_purchased":["Corruption"],"campfire_rested":0,"item_purchase_floors":[19],"current_hp_per_floor":[74,74,75,75,55,55,47,47,47,53,53,53,32,26,26,12,59,30,30,14,14,0],"gold":155,"neow_bonus":"THREE_ENEMY_KILL","is_prod":false,"is_daily":false,"chose_seed":false,"campfire_upgraded":4,"win_rate":0,"timestamp":1549744318,"path_taken":["M","?","?","M","M","R","M","R","T","M","R","$","E","M","R","BOSS","M","$","M","?","?"],"build_version":"2019-02-06","purchased_purges":1,"victory":false,"max_hp_per_floor":[75,75,75,75,75,75,75,75,75,75,75,75,75,75,75,75,75,75,75,75,37,37],"card_choices":[{"not_picked":["Entrench","Headbutt"],"picked":"Iron Wave","floor":1},{"not_picked":["Perfected Strike","Wild Strike"],"picked":"Cleave","floor":3},{"not_picked":["Havoc","Bloodletting"],"picked":"Flame Barrier","floor":4},{"not_picked":["Perfected Strike","Flex"],"picked":"Clothesline","floor":5},{"not_picked":["Heavy Blade","Dual Wield"],"picked":"Havoc","floor":7},{"not_picked":["Blood for Blood","Anger"],"picked":"Disarm","floor":10},{"not_picked":["Entrench","Pummel"],"picked":"Disarm","floor":13},{"not_picked":["Anger","Clash"],"picked":"Shockwave","floor":14},{"not_picked":["Bludgeon","Berserk"],"picked":"Juggernaut","floor":16},{"not_picked":["Rampage","Havoc"],"picked":"Feel No Pain","floor":18},{"not_picked":["Evolve","Clothesline","Wild Strike"],"picked":"SKIP","floor":20}],"player_experience":1086697,"relics_obtained":[{"floor":9,"key":"Paper Frog"},{"floor":13,"key":"StoneCalendar"}],"event_choices":[{"damage_healed":0,"gold_gain":0,"player_choice":"1 cards matched","damage_taken":0,"max_hp_gain":0,"max_hp_loss":0,"event_name":"Match and Keep!","floor":2,"gold_loss":0,"cards_obtained":["Disarm"]},{"damage_healed":0,"gold_gain":0,"player_choice":"Became a Ghost","damage_taken":0,"max_hp_gain":0,"max_hp_loss":38,"event_name":"Ghosts","floor":21,"gold_loss":0,"cards_obtained":["Ghostly","Ghostly","Ghostly"]},{"damage_healed":0,"gold_gain":0,"player_choice":"Fought Bandits","damage_taken":0,"max_hp_gain":0,"max_hp_loss":0,"event_name":"Masked Bandits","floor":22,"gold_loss":0}],"is_beta":true,"boss_relics":[{"not_picked":["Busted Crown","Astrolabe"],"picked":"Sozu"}],"items_purged_floors":[12],"is_endless":false,"potions_floor_spawned":[4,7,14,18],"killed_by":"Masked Bandits","ascension_level":19}