{"gold_per_floor":[113,163,143,27,27,27,37,47,47,47,61,61,80,114,114,192,192,210,260,276,79,0,0,20,20,20,20,30,42,42,121,121,192,192,205,205,205,205],"floor_reached":38,"playtime":1321,"items_purged":["Strike_B"],"score":701,"play_id":"083f9581-920e-46e9-bf95-261523439a51","local_time":"20180803095813","is_ascension_mode":true,"campfire_choices":[{"data":"Zap","floor":6,"key":"SMITH"},{"data":"Creative AI","floor":10,"key":"SMITH"},{"data":"Blizzard","floor":12,"key":"SMITH"},{"data":"Hologram","floor":15,"key":"SMITH"},{"data":"Seek","floor":23,"key":"SMITH"},{"data":"Ghostly","floor":27,"key":"SMITH"},{"data":"Ghostly","floor":32,"key":"SMITH"}],"neow_cost":"TEN_PERCENT_HP_LOSS","seed_source_timestamp":88797982067145,"circlet_count":0,"master_deck":["Strike_B+1","Strike_B+1","Strike_B+1","Defend_B+1","Defend_B+1","Defend_B+1","Defend_B+1","Zap+1","Dualcast+1","AscendersBane","Creative AI+1","Cold Snap+1","Blizzard+1","Leap+1","Cold Snap+1","Seek+1","Conserve Battery+1","Stack+1","Hologram+1","Conserve Battery+1","Storm+1","Conserve Battery+1","BootSequence+1","Ghostly+1","Ghostly+1","Ghostly+1","Ghostly+1","Ghostly+1","Cold Snap+1","Cold Snap+1","Biased Cognition+1","Stack+1"],"relics":["FrozenCore","Mummified Hand","Letter Opener","Coffee Dripper","Bronze Scales","Matryoshka","Mark of the Bloom"],"potions_floor_usage":[16,29,38],"damage_taken":[{"damage":4,"enemies":"Small Slimes","floor":1,"turns":3},{"damage":0,"enemies":"Cultist","floor":7,"turns":4},{"damage":5,"enemies":"Jaw Worm","floor":8,"turns":4},{"damage":0,"enemies":"Large Slime","floor":11,"turns":6},{"damage":22,"enemies":"Exordium Thugs","floor":13,"turns":5},{"damage":2,"enemies":"Lagavulin","floor":14,"turns":7},{"damage":15,"enemies":"Hexaghost","floor":16,"turns":10},{"damage":11,"enemies":"3 Byrds","floor":18,"turns":5},{"damage":11,"enemies":"Spheric Guardian","floor":20,"turns":6},{"damage":12,"enemies":"Centurion and Healer","floor":24,"turns":8},{"damage":0,"enemies":"Sentry and Sphere","floor":28,"turns":4},{"damage":2,"enemies":"Slaver and Parasite","floor":29,"turns":6},{"damage":16,"enemies":"Collector","floor":33,"turns":9},{"damage":0,"enemies":"3 Darklings","floor":35,"turns":6},{"damage":35,"enemies":"Time Eater","floor":38,"turns":13}],"seed_played":"6720345581259750448","potions_obtained":[{"floor":3,"key":"EntropicBrew"},{"floor":5,"key":"FairyPotion"},{"floor":5,"key":"Regen Potion"},{"floor":16,"key":"Weak Potion"},{"floor":29,"key":"Ancient Potion"},{"floor":33,"key":"Dexterity Potion"}],"is_trial":false,"path_per_floor":["M","?","?","$","?","R","M","M","T","R","M","R","M","E","R","B",null,"M","?","M","$","?","R","M","?","T","R","M","M","$","T","R","B",null,"M","?","?"],"character_chosen":"DEFECT","items_purchased":["Blizzard","Leap","Storm","Conserve Battery"],"campfire_rested":0,"item_purchase_floors":[4,4,21,21],"current_hp_per_floor":[60,60,60,60,60,60,60,55,55,55,55,55,33,31,31,31,56,45,45,34,34,34,34,22,22,22,22,22,20,20,20,20,4,25,25,25,25,0],"gold":205,"neow_bonus":"THREE_RARE_CARDS","is_prod":false,"is_daily":false,"chose_seed":false,"campfire_upgraded":7,"win_rate":0,"timestamp":1533315493,"path_taken":["M","?","?","$","?","R","M","M","T","R","?","R","M","E","R","BOSS","M","?","?","$","?","R","M","?","T","R","M","?","$","?","R","BOSS","M","?","?","BOSS"],"build_version":"2018-08-01","purchased_purges":1,"victory":false,"max_hp_per_floor":[64,64,64,64,64,64,64,64,64,64,64,64,64,64,64,64,64,64,64,64,64,64,64,64,32,32,32,32,32,32,32,32,32,32,32,32,32,32],"card_choices":[{"not_picked":["Multi-Cast","Amplify"],"picked":"Creative AI","floor":0},{"not_picked":["Barrage","Streamline"],"picked":"Cold Snap","floor":1},{"not_picked":["Darkness","Leap"],"picked":"Cold Snap","floor":7},{"not_picked":["Leap","Rebound"],"picked":"Seek","floor":8},{"not_picked":["Consume","Coolheaded"],"picked":"Conserve Battery","floor":11},{"not_picked":["Streamline","Doom and Gloom"],"picked":"Stack","floor":13},{"not_picked":["Sweeping Beam","Beam Cell"],"picked":"Hologram","floor":14},{"not_picked":["Hologram","Streamline"],"picked":"Conserve Battery","floor":18},{"not_picked":["Barrage","Gash","Recycle"],"picked":"SKIP","floor":20},{"not_picked":["Auto Shields","Steam"],"picked":"BootSequence","floor":24},{"not_picked":["Ball Lightning","Steam+1"],"picked":"Cold Snap","floor":28},{"not_picked":["Force Field","Compile Driver"],"picked":"Cold Snap","floor":29},{"not_picked":["Seek","Amplify"],"picked":"Biased Cognition","floor":33},{"not_picked":["Go for the Eyes+1","Turbo"],"picked":"Stack","floor":35}],"player_experience":830524,"relics_obtained":[{"floor":9,"key":"Mummified Hand"},{"floor":14,"key":"Letter Opener"},{"floor":26,"key":"Bronze Scales"},{"floor":31,"key":"Matryoshka"}],"event_choices":[{"event_name":"Golden Shrine","player_choice":"Pray","floor":2,"damage_taken":0},{"event_name":"The Woman in Blue","player_choice":"Bought 1 Potion","floor":3,"damage_taken":0},{"event_name":"The Lab","player_choice":"Got Potions","floor":5,"damage_taken":0},{"event_name":"The Joust","player_choice":"Bet on Murderer","floor":19,"damage_taken":0},{"event_name":"Masked Bandits","player_choice":"Paid Bandits 79 gold","floor":22,"damage_taken":0},{"event_name":"Ghosts","player_choice":"Became a Ghost","floor":25,"damage_taken":0},{"event_name":"MindBloom","player_choice":"Upgrade","floor":36,"damage_taken":0},{"event_name":"SecretPortal","player_choice":"Took Portal.","floor":37,"damage_taken":0}],"is_beta":true,"boss_relics":[{"not_picked":["Orrery","Black Star"],"picked":"Coffee Dripper"},{"not_picked":["Velvet Choker","Cursed Key"],"picked":"FrozenCore"}],"items_purged_floors":[21],"is_endless":false,"potions_floor_spawned":[7,8,16,20,28,29,33,35],"killed_by":"Time Eater","ascension_level":15}