{"gold_per_floor":[110,127,402,421,437,437,472,472,525,525],"floor_reached":10,"playtime":415,"items_purged":[],"score":68,"play_id":"6119509b-24bb-4bf5-a1eb-23a2f227d96e","local_time":"20190302224018","is_ascension_mode":false,"campfire_choices":[{"data":"Neutralize","floor":6,"key":"SMITH"},{"floor":8,"key":"REST"}],"neow_cost":"TEN_PERCENT_HP_LOSS","seed_source_timestamp":106444548304623,"circlet_count":0,"master_deck":["Defend_G","Defend_G","Defend_G","Defend_G","Strike_G","Strike_G","Strike_G","Strike_G","Survivor","Neutralize+1","Slice","Slice","Regret","Terror","Heel Hook","Dagger Spray"],"relics":["Ring of the Snake","Singing Bowl"],"potions_floor_usage":[10],"damage_taken":[{"damage":0,"enemies":"Jaw Worm","floor":1,"turns":4},{"damage":0,"enemies":"Cultist","floor":2,"turns":4},{"damage":0,"enemies":"Small Slimes","floor":4,"turns":3},{"damage":9,"enemies":"2 Fungi Beasts","floor":5,"turns":4},{"damage":47,"enemies":"3 Sentries","floor":7,"turns":13},{"damage":30,"enemies":"Gremlin Gang","floor":10,"turns":3}],"seed_played":"-6658973689487574787","potions_obtained":[{"floor":4,"key":"FearPotion"},{"floor":7,"key":"Fruit Juice"}],"is_trial":false,"path_per_floor":["M","M","?","M","M","R","E","R","T","M"],"character_chosen":"THE_SILENT","items_purchased":[],"campfire_rested":1,"item_purchase_floors":[],"current_hp_per_floor":[63,63,63,63,54,54,7,25,25,0],"gold":525,"neow_bonus":"REMOVE_TWO","is_prod":false,"is_daily":false,"chose_seed":false,"campfire_upgraded":1,"win_rate":0,"timestamp":1551584418,"path_taken":["M","M","?","M","?","R","E","R","T","M"],"build_version":"2019-01-23","purchased_purges":0,"victory":false,"max_hp_per_floor":[63,63,63,63,63,63,63,63,63,68],"card_choices":[{"not_picked":["Dagger Throw","Sucker Punch"],"picked":"Slice","floor":1},{"not_picked":["Deadly Poison","Crippling Poison"],"picked":"Slice","floor":2},{"not_picked":["Dagger Throw","Bane"],"picked":"Terror","floor":4},{"not_picked":["PiercingWail","Slice"],"picked":"Heel Hook","floor":5},{"not_picked":["Poisoned Stab","Venomology"],"picked":"Dagger Spray","floor":7}],"player_experience":621707,"relics_obtained":[{"floor":7,"key":"Singing Bowl"}],"event_choices":[{"damage_healed":0,"gold_gain":275,"player_choice":"Desecrate","damage_taken":0,"max_hp_gain":0,"max_hp_loss":0,"event_name":"Golden Shrine","floor":3,"gold_loss":0,"cards_obtained":["Regret"]}],"is_beta":false,"boss_relics":[],"items_purged_floors":[],"is_endless":false,"potions_floor_spawned":[4,7],"killed_by":"Gremlin Gang","ascension_level":0}