{"gold_per_floor":[119,129,129,94,94,127,127,127],"floor_reached":8,"playtime":355,"items_purged":[],"score":70,"play_id":"542fab17-5da4-4f70-ac26-e3b8ad3bcf8f","local_time":"20190426204501","is_ascension_mode":true,"campfire_choices":[{"data":"Pommel Strike","floor":7,"key":"SMITH"}],"neow_cost":"NONE","seed_source_timestamp":1307176935545748,"circlet_count":0,"master_deck":["Strike_R","Strike_R","Strike_R","Strike_R","Strike_R+1","Defend_R","Defend_R","Defend_R","Defend_R","Bash+1","Corruption","Feel No Pain","Pommel Strike+1"],"relics":["Burning Blood","Juzu Bracelet","Golden Idol","Calipers"],"potions_floor_usage":[],"damage_taken":[{"damage":7,"enemies":"2 Louse","floor":1,"turns":3},{"damage":1,"enemies":"Small Slimes","floor":2,"turns":5},{"damage":20,"enemies":"Gremlin Nob","floor":6,"turns":4},{"damage":51,"enemies":"Lagavulin","floor":8,"turns":6}],"seed_played":"-3586115416836751251","potions_obtained":[{"floor":1,"key":"Explosive Potion"}],"is_trial":false,"path_per_floor":["M","M","?","?","?","E","R","E"],"character_chosen":"IRONCLAD","items_purchased":[],"campfire_rested":0,"item_purchase_floors":[],"current_hp_per_floor":[71,76,60,80,60,46,46,0],"gold":127,"neow_bonus":"RANDOM_COMMON_RELIC","is_prod":false,"is_daily":false,"chose_seed":false,"campfire_upgraded":1,"win_rate":0,"timestamp":1556307901,"path_taken":["M","M","?","?","?","E","R","E"],"build_version":"2019-01-23","purchased_purges":0,"victory":false,"max_hp_per_floor":[80,80,80,80,80,80,80,80],"card_choices":[{"not_picked":["Infernal Blade","Havoc"],"picked":"Corruption","floor":1},{"not_picked":["Blood for Blood","Inflame"],"picked":"Feel No Pain","floor":2},{"not_picked":["Clash","Heavy Blade"],"picked":"Pommel Strike","floor":6}],"player_experience":226781,"relics_obtained":[{"floor":6,"key":"Calipers"}],"event_choices":[{"damage_healed":0,"gold_gain":0,"player_choice":"Entered Light","damage_taken":16,"max_hp_gain":0,"max_hp_loss":0,"event_name":"Shining Light","floor":3,"gold_loss":0,"cards_upgraded":["Strike_R","Bash"]},{"damage_healed":20,"gold_gain":0,"player_choice":"Healed","damage_taken":0,"max_hp_gain":0,"max_hp_loss":0,"event_name":"The Cleric","floor":4,"gold_loss":35},{"damage_healed":0,"gold_gain":0,"player_choice":"Take Damage","damage_taken":20,"relics_obtained":["Golden Idol"],"max_hp_gain":0,"max_hp_loss":0,"event_name":"Golden Idol","floor":5,"gold_loss":0}],"is_beta":false,"boss_relics":[],"items_purged_floors":[],"is_endless":false,"potions_floor_spawned":[1],"killed_by":"Lagavulin","ascension_level":6}