{"gold_per_floor":[119,13,23,23,42,42,67,82,82,98,98,162,189,189,189,189],"floor_reached":16,"playtime":850,"items_purged":[],"score":220,"play_id":"70ed0162-de10-4c58-ae13-a6ff6a0f24b2","local_time":"20190421213256","is_ascension_mode":true,"campfire_choices":[{"data":"Noxious Fumes","floor":6,"key":"SMITH"},{"floor":11,"key":"REST"},{"data":"Deadly Poison","floor":15,"key":"SMITH"}],"neow_cost":"NONE","seed_source_timestamp":875034979954947,"circlet_count":0,"master_deck":["AscendersBane","Defend_G","Defend_G","Defend_G","Defend_G","Defend_G","Strike_G","Strike_G+1","Strike_G","Strike_G","Survivor","Neutralize+1","Deadly Poison+1","Noxious Fumes+1","Backflip","Dash+1","Dodge and Roll","Dagger Spray"],"relics":["Ring of the Snake","Art of War","Matryoshka","Nunchaku","Whetstone"],"potions_floor_usage":[7,10],"damage_taken":[{"damage":0,"enemies":"Cultist","floor":1,"turns":3},{"damage":0,"enemies":"Small Slimes","floor":3,"turns":6},{"damage":0,"enemies":"2 Louse","floor":5,"turns":3},{"damage":23,"enemies":"Gremlin Nob","floor":7,"turns":4},{"damage":7,"enemies":"Red Slaver","floor":8,"turns":4},{"damage":16,"enemies":"Large Slime","floor":10,"turns":8},{"damage":14,"enemies":"3 Sentries","floor":12,"turns":7},{"damage":12,"enemies":"3 Sentries","floor":13,"turns":6},{"damage":13,"enemies":"Hexaghost","floor":16,"turns":7}],"seed_played":"-1686798152093857142","potions_obtained":[{"floor":1,"key":"GamblersBrew"},{"floor":3,"key":"EssenceOfSteel"},{"floor":5,"key":"Poison Potion"}],"is_trial":false,"path_per_floor":["M","$","M","?","M","R","E","M","T","M","R","?","E","?","R","B"],"character_chosen":"THE_SILENT","items_purchased":["Noxious Fumes","Backflip"],"campfire_rested":1,"item_purchase_floors":[2,2],"current_hp_per_floor":[59,59,59,64,64,64,41,34,34,18,39,25,13,13,13,0],"gold":189,"neow_bonus":"UPGRADE_CARD","is_prod":false,"is_daily":false,"chose_seed":false,"campfire_upgraded":2,"win_rate":0,"timestamp":1555896776,"path_taken":["M","?","M","?","M","R","E","M","T","M","R","?","E","?","R","BOSS"],"build_version":"2019-01-23","purchased_purges":0,"victory":false,"max_hp_per_floor":[66,66,66,71,71,71,71,71,71,71,71,71,71,71,71,71],"card_choices":[{"not_picked":["Skewer","Deflect"],"picked":"Deadly Poison","floor":1},{"not_picked":["Skewer","PiercingWail"],"picked":"Dash","floor":3},{"not_picked":["Underhanded Strike","Prepared","Bane"],"picked":"SKIP","floor":5},{"not_picked":["Blade Dance","Quick Slash","Poisoned Stab"],"picked":"SKIP","floor":7},{"not_picked":["Calculated Gamble","Sucker Punch"],"picked":"Dodge and Roll","floor":8},{"not_picked":["Terror","Masterful Stab"],"picked":"Dagger Spray","floor":10},{"not_picked":["Outmaneuver","Accuracy","Grand Finale"],"picked":"SKIP","floor":13}],"player_experience":1868130,"relics_obtained":[{"floor":7,"key":"Art of War"},{"floor":9,"key":"Matryoshka"},{"floor":12,"key":"Nunchaku"},{"floor":13,"key":"Whetstone"}],"event_choices":[{"damage_healed":0,"gold_gain":0,"player_choice":"Donut","damage_taken":0,"max_hp_gain":5,"max_hp_loss":0,"event_name":"Big Fish","floor":4,"gold_loss":0},{"damage_healed":0,"gold_gain":0,"player_choice":"Searched \u00271\u0027 times","damage_taken":0,"max_hp_gain":0,"max_hp_loss":0,"event_name":"Dead Adventurer","floor":12,"gold_loss":0},{"cards_removed":["Strike_G"],"damage_healed":0,"gold_gain":0,"player_choice":"Purged","damage_taken":0,"max_hp_gain":0,"max_hp_loss":0,"event_name":"Purifier","floor":14,"gold_loss":0}],"is_beta":false,"boss_relics":[],"items_purged_floors":[],"is_endless":false,"potions_floor_spawned":[1,3,5],"killed_by":"Hexaghost","ascension_level":20}