{"path_per_floor":["M","M","M","?","M","R","M","R","T","T","M","M","M","$","R","B",null,"M","$","M","?","M","R","?","?","T","M","$","?","R"],"character_chosen":"THE_SILENT","items_purchased":["Accuracy","Backflip","Cloak And Dagger"],"gold_per_floor":[110,121,136,136,152,152,167,167,167,190,201,212,229,63,63,166,166,183,83,103,103,117,117,117,117,167,183,36,36,36,36],"floor_reached":31,"campfire_rested":1,"playtime":1955,"current_hp_per_floor":[70,70,68,68,65,65,61,61,61,61,61,61,58,58,58,24,70,70,70,10,10,10,20,12,12,12,12,12,12,12,0],"items_purged":["Strike_G","Strike_G","Defend_G"],"gold":36,"score":255,"play_id":"845a1f04-b4da-4f68-9332-e7e6b20213ea","local_time":"20180408222244","is_prod":false,"is_daily":false,"is_ascension_mode":false,"campfire_upgraded":4,"timestamp":1523240564,"path_taken":["M","M","?","?","?","R","M","R","T","?","M","M","M","$","R","BOSS","M","$","M","?","M","R","?","?","T","?","?","?","R","M"],"build_version":"2018-04-05v2","purchased_purges":3,"victory":false,"master_deck":["Defend_G","Defend_G","Defend_G","Defend_G","Strike_G","Survivor","Neutralize+1","Outmaneuver","Backflip","Backflip","Blur+1","Blade Dance+1","Outmaneuver","Accuracy","Backflip","After Image","Acrobatics","Malaise+1","Ghostly","Ghostly","Ghostly","Ghostly","Ghostly","Choke+1","Blur+1","Cloak And Dagger","Cloak And Dagger"],"max_hp_per_floor":[70,70,70,70,70,70,70,70,70,70,70,70,70,70,70,70,70,70,70,70,35,35,35,35,35,35,35,35,35,35,35],"relics":["Sozu"],"card_choices":[{"not_picked":["Setup","Finisher"],"picked":"Outmaneuver","floor":1},{"not_picked":["Predator","Crippling Poison"],"picked":"Backflip","floor":2},{"not_picked":["Quick Slash","Prepared"],"picked":"Backflip","floor":5},{"not_picked":["Endless Agony","Deadly Poison"],"picked":"Blur","floor":7},{"not_picked":["Prepared","Flying Knee"],"picked":"Blade Dance","floor":11},{"not_picked":["Underhanded Strike","Poisoned Stab"],"picked":"Outmaneuver","floor":12},{"not_picked":["Envenom","Venomology"],"picked":"After Image","floor":16},{"not_picked":["PiercingWail","Catalyst"],"picked":"Acrobatics","floor":18},{"not_picked":["Dash","Poisoned Stab"],"picked":"Malaise","floor":20},{"not_picked":["Slice","Cloak And Dagger"],"picked":"Choke","floor":22},{"not_picked":["Slice","Crippling Poison"],"picked":"Cloak And Dagger","floor":27}],"player_experience":781850,"potions_floor_usage":[],"damage_taken":[{"damage":0,"enemies":"Cultist","floor":1,"turns":4},{"damage":0,"enemies":"Jaw Worm","floor":2,"turns":4},{"damage":2,"enemies":"2 Louse","floor":3,"turns":3},{"damage":3,"enemies":"2 Fungi Beasts","floor":5,"turns":5},{"damage":4,"enemies":"Exordium Thugs","floor":7,"turns":9},{"damage":0,"enemies":"Blue Slaver","floor":11,"turns":4},{"damage":0,"enemies":"Red Slaver","floor":12,"turns":4},{"damage":3,"enemies":"Gremlin Gang","floor":13,"turns":7},{"damage":34,"enemies":"The Guardian","floor":16,"turns":17},{"damage":0,"enemies":"Spheric Guardian","floor":18,"turns":6},{"damage":60,"enemies":"Chosen","floor":20,"turns":14},{"damage":0,"enemies":"Snake Plant","floor":22,"turns":11},{"damage":0,"enemies":"Snecko","floor":27,"turns":10},{"damage":46,"enemies":"Cultist and Chosen","floor":31,"turns":9}],"event_choices":[{"event_name":"Bonfire Elementals","player_choice":"BASIC","floor":4,"damage_taken":0},{"event_name":"Ghosts","player_choice":"Became a Ghost","floor":21,"damage_taken":0},{"event_name":"Knowing Skull","player_choice":"","floor":24,"damage_taken":0},{"event_name":"Duplicator","player_choice":"One dupe","floor":25,"damage_taken":0},{"event_name":"Back to Basics","player_choice":"Elegance","floor":29,"damage_taken":0}],"boss_relics":[{"not_picked":["Runic Pyramid","Snecko Eye","Pandora\u0027s Box"]}],"potions_floor_spawned":[1,2,5,16,18,22],"seed_played":"5759847726101608977","killed_by":"Cultist and Chosen","ascension_level":0,"is_trial":false}