{"path_per_floor":["M","M","?","M","M","R","E","R","T","M","M","?","R","M","R"],"character_chosen":"IRONCLAD","items_purchased":[],"gold_per_floor":[366,376,426,437,448,448,482,482,551,570,587,737,737,755,755,755],"floor_reached":16,"campfire_rested":2,"playtime":487,"current_hp_per_floor":[37,37,37,42,39,39,29,29,29,16,15,15,39,34,58,0],"items_purged":[],"gold":755,"score":182,"play_id":"45b8a718-1eec-4cd0-86a9-d3db2b307374","local_time":"20180415195225","is_prod":false,"is_daily":false,"chose_seed":false,"is_ascension_mode":true,"campfire_upgraded":2,"timestamp":1523847145,"path_taken":["M","M","?","M","M","R","E","R","T","M","M","?","R","?","R","BOSS"],"build_version":"2018-04-12","seed_source_timestamp":341154543051648,"purchased_purges":0,"victory":false,"master_deck":["Strike_R","Strike_R","Strike_R","Strike_R","Strike_R","Defend_R","Defend_R","Defend_R","Defend_R","Bash+1","AscendersBane","Thunderclap","Metallicize+1","Flex","Double Tap","Offering","True Grit","Ghostly Armor","Doubt","True Grit"],"max_hp_per_floor":[75,75,75,75,75,75,82,82,82,82,82,82,82,82,82,82],"relics":["Burning Blood","Strawberry","Gremlin Horn"],"card_choices":[{"not_picked":["Wild Strike","Burning Pact"],"picked":"Thunderclap","floor":1},{"not_picked":["True Grit","Heavy Blade"],"picked":"Metallicize","floor":2},{"not_picked":["Power Through","Pummel"],"picked":"Flex","floor":4},{"not_picked":["Evolve","Reckless Charge"],"picked":"Double Tap","floor":5},{"not_picked":["Battle Trance","Ghostly Armor"],"picked":"Offering","floor":7},{"not_picked":["Reckless Charge","Twin Strike"],"picked":"True Grit","floor":10},{"not_picked":["Headbutt","Intimidate"],"picked":"Ghostly Armor","floor":11},{"not_picked":["Second Wind","Reckless Charge"],"picked":"True Grit","floor":14}],"player_experience":478754,"potions_floor_usage":[5,7,16],"damage_taken":[{"damage":3,"enemies":"Jaw Worm","floor":1,"turns":5},{"damage":6,"enemies":"Cultist","floor":2,"turns":4},{"damage":1,"enemies":"Small Slimes","floor":4,"turns":4},{"damage":9,"enemies":"Looter","floor":5,"turns":3},{"damage":23,"enemies":"3 Sentries","floor":7,"turns":9},{"damage":19,"enemies":"Red Slaver","floor":10,"turns":4},{"damage":7,"enemies":"Lots of Slimes","floor":11,"turns":4},{"damage":11,"enemies":"Looter","floor":14,"turns":4},{"damage":70,"enemies":"The Guardian","floor":16,"turns":17}],"event_choices":[{"event_name":"Golden Shrine","player_choice":"Pray","floor":3,"damage_taken":0},{"event_name":"Liars Game","player_choice":"agreed","floor":12,"damage_taken":0}],"boss_relics":[],"potions_floor_spawned":[2,5,14],"seed_played":"6242271801418632384","killed_by":"The Guardian","ascension_level":15,"is_trial":false}