{"gold_per_floor":[115,115,131,131,56,92,92,72,125,150,163,179,329,4,4,97,97,121,121,21,41,41,41],"floor_reached":23,"playtime":711,"items_purged":["Doubt","Defend_R"],"score":396,"play_id":"6a7abf54-bb5e-4e7a-a4ef-7d46ab71b2a0","local_time":"20190312010105","is_ascension_mode":true,"campfire_choices":[{"data":"Armaments","floor":7,"key":"SMITH"},{"data":"Perfected Strike","floor":15,"key":"SMITH"}],"neow_cost":"NONE","seed_source_timestamp":741367632637806,"circlet_count":0,"master_deck":["AscendersBane","Strike_R","Strike_R","Strike_R","Strike_R","Strike_R","Bash","Armaments+1","Twin Strike","Twin Strike","Cleave","Warcry","Perfected Strike+1","Secret Weapon","Double Tap","Headbutt","Inflame"],"relics":["Burning Blood","NeowsBlessing","Golden Idol","Pantograph","Tiny Chest","Empty Cage","MutagenicStrength"],"potions_floor_usage":[11,11,18,23],"damage_taken":[{"damage":0,"enemies":"2 Louse","floor":1,"turns":1},{"damage":0,"enemies":"Cultist","floor":3,"turns":1},{"damage":0,"enemies":"Lagavulin","floor":6,"turns":1},{"damage":0,"enemies":"Small Slimes","floor":10,"turns":4},{"damage":9,"enemies":"3 Louse","floor":11,"turns":3},{"damage":4,"enemies":"Large Slime","floor":12,"turns":5},{"damage":51,"enemies":"The Guardian","floor":16,"turns":9},{"damage":21,"enemies":"3 Byrds","floor":18,"turns":4},{"damage":12,"enemies":"Chosen","floor":21,"turns":3},{"damage":50,"enemies":"Slavers","floor":23,"turns":3}],"seed_played":"-3897896604465116973","potions_obtained":[{"floor":3,"key":"FearPotion"},{"floor":8,"key":"Dexterity Potion"},{"floor":10,"key":"SkillPotion"},{"floor":12,"key":"Fire Potion"},{"floor":18,"key":"EssenceOfSteel"}],"is_trial":false,"path_per_floor":["M","?","M","?","?","E","R","?","T","M","M","M","?","$","R","B",null,"M","?","$","M","?","E"],"character_chosen":"IRONCLAD","items_purchased":["Perfected Strike","Secret Weapon"],"campfire_rested":0,"item_purchase_floors":[14,14],"current_hp_per_floor":[74,75,75,49,49,55,55,55,55,61,58,60,60,60,60,30,64,49,49,49,43,43,0],"gold":41,"neow_bonus":"THREE_ENEMY_KILL","is_prod":false,"is_daily":false,"chose_seed":false,"campfire_upgraded":2,"win_rate":0,"timestamp":1552366865,"path_taken":["M","?","?","?","?","E","R","?","T","M","?","M","?","$","R","BOSS","M","?","$","M","?","E"],"build_version":"2019-01-23","purchased_purges":2,"victory":false,"max_hp_per_floor":[75,75,75,75,75,75,75,75,75,75,75,75,75,75,75,75,75,75,75,75,75,75,75],"card_choices":[{"not_picked":["Whirlwind","Corruption"],"picked":"Armaments","floor":1},{"not_picked":["Rage","Armaments"],"picked":"Twin Strike","floor":3},{"not_picked":["Anger","Reaper"],"picked":"Rampage","floor":6},{"not_picked":["Headbutt","Havoc"],"picked":"Twin Strike","floor":10},{"not_picked":["Battle Trance","Headbutt"],"picked":"Cleave","floor":11},{"not_picked":["Iron Wave","Havoc"],"picked":"Warcry","floor":12},{"not_picked":["Reaper","Limit Break"],"picked":"Double Tap","floor":16},{"not_picked":["Bloodletting","Disarm"],"picked":"Headbutt","floor":18},{"not_picked":["Havoc","Sword Boomerang"],"picked":"Inflame","floor":21}],"player_experience":1035225,"relics_obtained":[{"floor":6,"key":"Pantograph"},{"floor":9,"key":"Tiny Chest"}],"event_choices":[{"damage_healed":1,"gold_gain":0,"player_choice":"Full Heal","damage_taken":0,"max_hp_gain":0,"max_hp_loss":0,"event_name":"Wheel of Change","floor":2,"gold_loss":0},{"damage_healed":0,"gold_gain":0,"player_choice":"Take Damage","damage_taken":26,"relics_obtained":["Golden Idol"],"max_hp_gain":0,"max_hp_loss":0,"event_name":"Golden Idol","floor":4,"gold_loss":0},{"cards_removed":["Defend_R"],"damage_healed":0,"gold_gain":0,"player_choice":"Card Removal","damage_taken":0,"max_hp_gain":0,"max_hp_loss":0,"event_name":"The Cleric","floor":5,"gold_loss":75},{"damage_healed":0,"gold_gain":0,"player_choice":"Bought 1 Potion","damage_taken":0,"max_hp_gain":0,"max_hp_loss":0,"event_name":"The Woman in Blue","floor":8,"gold_loss":0},{"damage_healed":0,"gold_gain":150,"player_choice":"AGREE","damage_taken":0,"max_hp_gain":0,"max_hp_loss":0,"event_name":"Liars Game","floor":13,"gold_loss":0,"cards_obtained":["Doubt"]},{"damage_healed":0,"gold_gain":0,"player_choice":"Inject Mutagens","damage_taken":0,"relics_obtained":["MutagenicStrength"],"max_hp_gain":0,"max_hp_loss":0,"event_name":"Drug Dealer","floor":19,"gold_loss":0},{"cards_removed":["Rampage"],"damage_healed":0,"gold_gain":0,"player_choice":"Purged","damage_taken":0,"max_hp_gain":0,"max_hp_loss":0,"event_name":"Purifier","floor":22,"gold_loss":0}],"is_beta":false,"boss_relics":[{"not_picked":["Velvet Choker","Mark of Pain"],"picked":"Empty Cage"}],"items_purged_floors":[14,20],"is_endless":false,"potions_floor_spawned":[3,10,12,18],"killed_by":"Slavers","ascension_level":17}