{"gold_per_floor":[117,117,133,133,133,161,161,194,220,239,567,578,578,593,593,593],"floor_reached":16,"playtime":632,"items_purged":[],"score":290,"play_id":"7db103a6-63bf-44f8-abb5-86313f16fdfa","local_time":"20190502053654","is_ascension_mode":true,"campfire_choices":[{"data":"Skewer","floor":7.0,"key":"SMITH"},{"data":"Poisoned Stab","floor":13,"key":"SMITH"},{"data":"Adrenaline","floor":15,"key":"SMITH"}],"neow_cost":"NONE","seed_source_timestamp":0,"circlet_count":0,"master_deck":["AscendersBane","Defend_G","Defend_G","Defend_G","Defend_G","Defend_G","Strike_G","Strike_G","Strike_G","Strike_G","Strike_G","Survivor","Neutralize","Skewer+1","Dodge and Roll","Neutralize","Deflect","Dash","Poisoned Stab+1","Adrenaline+1","Backflip","PiercingWail"],"special_seed":0,"relics":["Ring of the Snake","NeowsBlessing","FaceOfCleric","Bronze Scales","Dream Catcher","Snake Skull","Boot","Old Coin"],"potions_floor_usage":[11,16,16],"damage_taken":[{"damage":0.0,"enemies":"Small Slimes","floor":1.0,"turns":1.0},{"damage":0.0,"enemies":"Cultist","floor":3.0,"turns":1.0},{"damage":0.0,"enemies":"3 Sentries","floor":6.0,"turns":1.0},{"damage":19.0,"enemies":"Gremlin Nob","floor":8.0,"turns":4.0},{"damage":0.0,"enemies":"Jaw Worm","floor":10.0,"turns":2.0},{"damage":9,"enemies":"Lagavulin","floor":11,"turns":6},{"damage":0,"enemies":"Red Slaver","floor":12,"turns":3},{"damage":5,"enemies":"Exordium Wildlife","floor":14,"turns":4},{"damage":31,"enemies":"Slime Boss","floor":16,"turns":9}],"seed_played":"-2278374229326946693","potions_obtained":[{"floor":1.0,"key":"Strength Potion"},{"floor":6.0,"key":"FearPotion"},{"floor":8.0,"key":"GamblersBrew"},{"floor":11,"key":"SteroidPotion"}],"is_trial":false,"path_per_floor":["M","?","M","?","?","E","R","E","T","M","E","M","R","M","R","B"],"character_chosen":"THE_SILENT","items_purchased":[],"campfire_rested":0,"item_purchase_floors":[],"current_hp_per_floor":[59,59,60,55,55,56,56,38,38,39,31,32,32,28,28,0],"gold":593,"neow_bonus":"THREE_ENEMY_KILL","is_prod":false,"is_daily":false,"chose_seed":false,"campfire_upgraded":3,"win_rate":0,"timestamp":1556789814,"path_taken":["M","?","?","?","?","E","R","E","T","M","E","M","R","M","R","BOSS"],"build_version":"2019-01-23","purchased_purges":0,"victory":false,"max_hp_per_floor":[66,66,67,67,67,68,68,69,69,70,71,72,72,73,73,73],"card_choices":[{"not_picked":["Accuracy","Infinite Blades"],"picked":"Skewer","floor":1.0},{"not_picked":["Terror","Prepared"],"picked":"Dodge and Roll","floor":3.0},{"not_picked":["Heel Hook","Dagger Throw"],"picked":"Deflect","floor":6.0},{"not_picked":["Escape Plan","Poisoned Stab"],"picked":"Dash","floor":8.0},{"not_picked":["Quick Slash","Deflect"],"picked":"Poisoned Stab","floor":10},{"not_picked":["Poisoned Stab","Blur"],"picked":"Adrenaline","floor":11},{"not_picked":["Accuracy","Outmaneuver"],"picked":"Backflip","floor":12},{"not_picked":["Caltrops","Heel Hook"],"picked":"PiercingWail","floor":14}],"player_experience":2230901,"relics_obtained":[{"floor":6.0,"key":"Dream Catcher"},{"floor":8.0,"key":"Snake Skull"},{"floor":9.0,"key":"Boot"},{"floor":11,"key":"Old Coin"}],"event_choices":[{"damage_healed":0.0,"max_hp_gain":0.0,"max_hp_loss":0.0,"gold_gain":0.0,"event_name":"FaceTrader","player_choice":"Trade","floor":2.0,"gold_loss":0.0,"damage_taken":0.0,"relics_obtained":["FaceOfCleric"]},{"damage_healed":0.0,"max_hp_gain":0.0,"max_hp_loss":0.0,"gold_gain":0.0,"event_name":"Scrap Ooze","player_choice":"Success","floor":4.0,"gold_loss":0.0,"damage_taken":5.0,"relics_obtained":["Bronze Scales"]},{"damage_healed":0.0,"max_hp_gain":0.0,"max_hp_loss":0.0,"gold_gain":0.0,"event_name":"Match and Keep!","player_choice":"1 cards matched","floor":5.0,"gold_loss":0.0,"damage_taken":0.0,"cards_obtained":["Neutralize"]}],"is_beta":false,"boss_relics":[],"items_purged_floors":[],"is_endless":false,"potions_floor_spawned":[1,6,8,11],"killed_by":"Slime Boss","ascension_level":20}