{"gold_per_floor":[109,109,109,37,50,89,105,129,175,175,196,196,231,256,256,387,387,408,408,11,24,43,76,91,21,21,40,21,21,36,36,36,162,162,178,178,178,191,191,232,232,232],"floor_reached":42,"playtime":1884,"items_purged":["Strike_B","Strike_B"],"score":621,"play_id":"98dcfd93-5687-4f5a-a59c-288434b9adad","local_time":"20190313133805","is_ascension_mode":true,"campfire_choices":[{"data":"Creative AI","floor":12,"key":"SMITH"},{"data":"Defragment","floor":15,"key":"SMITH"},{"data":"Amplify","floor":29,"key":"SMITH"},{"data":"Storm","floor":32,"key":"SMITH"},{"data":"Reboot","floor":41,"key":"SMITH"}],"neow_cost":"NONE","seed_source_timestamp":7506256096166,"circlet_count":0,"master_deck":["Strike_B","Strike_B","Defend_B","Defend_B","Defend_B","Defend_B","Zap","Dualcast","Defragment+1","Creative AI+1","Melter","Self Repair","Sunder+1","Doom and Gloom","Amplify+1","Self Repair","Storm+1","Storm+1","Reboot+1"],"relics":["Cracked Core","Meat on the Bone","Golden Idol","Lantern","Boot","Busted Crown","Membership Card","Shuriken","Bag of Preparation","Mercury Hourglass","Nloth\u0027s Gift","Coffee Dripper","Blood Vial"],"potions_floor_usage":[1,6,6,8,16,18,19,33,35],"damage_taken":[{"damage":0,"enemies":"Jaw Worm","floor":1,"turns":3},{"damage":1,"enemies":"Cultist","floor":5,"turns":3},{"damage":5,"enemies":"3 Sentries","floor":6,"turns":4},{"damage":12,"enemies":"Small Slimes","floor":7,"turns":3},{"damage":7,"enemies":"3 Louse","floor":8,"turns":4},{"damage":0,"enemies":"2 Fungi Beasts","floor":11,"turns":2},{"damage":32,"enemies":"Gremlin Nob","floor":13,"turns":4},{"damage":13,"enemies":"Blue Slaver","floor":14,"turns":4},{"damage":51,"enemies":"Hexaghost","floor":16,"turns":9},{"damage":6,"enemies":"Spheric Guardian","floor":18,"turns":3},{"damage":0,"enemies":"3 Byrds","floor":19,"turns":1},{"damage":40,"enemies":"Centurion and Healer","floor":21,"turns":6},{"damage":48,"enemies":"Snake Plant","floor":22,"turns":5},{"damage":38,"enemies":"Gremlin Leader","floor":23,"turns":6},{"damage":23,"enemies":"3 Cultists","floor":24,"turns":4},{"damage":13,"enemies":"Snecko","floor":27,"turns":3},{"damage":0,"enemies":"Sentry and Sphere","floor":30,"turns":2},{"damage":24,"enemies":"Automaton","floor":33,"turns":4},{"damage":0,"enemies":"Orb Walker","floor":35,"turns":2},{"damage":30,"enemies":"3 Darklings","floor":38,"turns":3},{"damage":22,"enemies":"Reptomancer","floor":40,"turns":3},{"damage":80,"enemies":"Giant Head","floor":42,"turns":6}],"seed_played":"-8785137814966698798","potions_obtained":[{"floor":0,"key":"Dexterity Potion"},{"floor":0,"key":"SteroidPotion"},{"floor":0,"key":"AttackPotion"},{"floor":6,"key":"Fruit Juice"},{"floor":8,"key":"Dexterity Potion"},{"floor":13,"key":"GamblersBrew"},{"floor":16,"key":"SmokeBomb"},{"floor":23,"key":"Energy Potion"},{"floor":27,"key":"SkillPotion"},{"floor":33,"key":"Block Potion"},{"floor":40,"key":"SpeedPotion"}],"is_trial":false,"path_per_floor":["M","?","?","$","M","E","M","M","T","?","M","R","E","M","R","B",null,"M","M","$","M","M","E","M","$","T","M","$","R","M","?","R","B",null,"M","?","?","M","?","E","R","E"],"character_chosen":"DEFECT","items_purchased":["Creative AI","Membership Card","Self Repair","Shuriken","Storm","Storm"],"campfire_rested":0,"item_purchase_floors":[4,20,20,20,25,28],"current_hp_per_floor":[68,65,47,47,46,41,41,58,58,58,65,65,52,58,58,26,67,68,75,75,68,46,34,30,30,30,43,43,43,43,43,43,45,71,80,80,80,50,50,61,61,0],"gold":232,"neow_bonus":"THREE_SMALL_POTIONS","is_prod":false,"is_daily":false,"chose_seed":false,"campfire_upgraded":5,"win_rate":0,"timestamp":1552498685,"path_taken":["M","?","?","?","M","E","?","M","T","?","M","R","E","M","R","BOSS","M","?","$","M","?","E","M","$","T","M","?","R","M","?","R","BOSS","M","?","?","?","?","E","R","E"],"build_version":"2019-01-23","purchased_purges":2,"victory":false,"max_hp_per_floor":[75,75,75,75,75,75,75,80,80,80,80,80,80,80,80,80,80,80,80,80,80,80,80,80,80,80,80,80,80,80,80,80,80,80,80,80,80,80,80,80,80,80],"card_choices":[{"not_picked":["Go for the Eyes","Streamline"],"picked":"Defragment","floor":1},{"not_picked":["Steam","Cold Snap"],"picked":"Melter","floor":5},{"not_picked":["Gash","All For One","Streamline"],"picked":"SKIP","floor":6},{"not_picked":["Beam Cell","Recycle"],"picked":"Self Repair","floor":7},{"not_picked":["Steam","Cold Snap"],"picked":"Sunder","floor":8},{"not_picked":["Streamline","Gash","Redo"],"picked":"SKIP","floor":11},{"not_picked":["Redo","Streamline","Skim"],"picked":"SKIP","floor":13},{"not_picked":["Leap","Redo"],"picked":"Doom and Gloom","floor":14},{"not_picked":["Hyperbeam","Electrodynamics"],"picked":"Amplify","floor":16},{"not_picked":["Turbo"],"picked":"SKIP","floor":18},{"not_picked":["Glacier"],"picked":"SKIP","floor":21},{"not_picked":["Aggregate"],"picked":"SKIP","floor":22},{"not_picked":["Sunder"],"picked":"SKIP","floor":23},{"not_picked":[],"picked":"Fusion+1","floor":24},{"not_picked":["Compile Driver"],"picked":"SKIP","floor":27},{"not_picked":["Stack"],"picked":"SKIP","floor":30},{"not_picked":[],"picked":"Reboot","floor":33},{"not_picked":["Leap+1"],"picked":"SKIP","floor":35},{"not_picked":["Hologram"],"picked":"SKIP","floor":38},{"not_picked":["Rainbow"],"picked":"SKIP","floor":40}],"player_experience":1079754,"relics_obtained":[{"floor":6,"key":"Anchor"},{"floor":9,"key":"Lantern"},{"floor":13,"key":"Boot"},{"floor":23,"key":"Bag of Preparation"},{"floor":26,"key":"Mercury Hourglass"},{"floor":40,"key":"Blood Vial"}],"event_choices":[{"damage_healed":0,"gold_gain":0,"player_choice":"Success","damage_taken":3,"relics_obtained":["Meat on the Bone"],"max_hp_gain":0,"max_hp_loss":0,"event_name":"Scrap Ooze","floor":2,"gold_loss":0},{"damage_healed":0,"gold_gain":0,"player_choice":"Take Damage","damage_taken":18,"relics_obtained":["Golden Idol"],"max_hp_gain":0,"max_hp_loss":0,"event_name":"Golden Idol","floor":3,"gold_loss":0},{"damage_healed":0,"gold_gain":0,"player_choice":"Upgraded","damage_taken":0,"max_hp_gain":0,"max_hp_loss":0,"event_name":"Upgrade Shrine","floor":10,"gold_loss":0,"cards_upgraded":["Sunder"]},{"damage_healed":0,"gold_gain":0,"player_choice":"Traded Relic","damage_taken":0,"relics_obtained":["Nloth\u0027s Gift"],"max_hp_gain":0,"max_hp_loss":0,"event_name":"N\u0027loth","floor":31,"relics_lost":["Anchor"],"gold_loss":0},{"damage_healed":0,"gold_gain":0,"player_choice":"Memory 1","damage_taken":0,"max_hp_gain":0,"max_hp_loss":0,"event_name":"SensoryStone","floor":36,"gold_loss":0},{"damage_healed":0,"gold_gain":0,"player_choice":"Forge","damage_taken":0,"max_hp_gain":0,"max_hp_loss":0,"event_name":"Accursed Blacksmith","floor":37,"gold_loss":0,"cards_upgraded":["Storm"]},{"cards_removed":["Fusion"],"damage_healed":0,"gold_gain":0,"player_choice":"Removed Skill","damage_taken":0,"max_hp_gain":0,"max_hp_loss":0,"event_name":"Falling","floor":39,"gold_loss":0}],"is_beta":false,"boss_relics":[{"not_picked":["Cursed Key","Calling Bell"],"picked":"Busted Crown"},{"not_picked":["Philosopher\u0027s Stone","Pandora\u0027s Box"],"picked":"Coffee Dripper"}],"items_purged_floors":[20,25],"is_endless":false,"potions_floor_spawned":[6,8,13,16,19,23,27,33,40],"killed_by":"Giant Head","ascension_level":7}