{"gold_per_floor":[118,129,141,153,166,166,191,209,209,222,232,232,265,265,265,339,339,352,352,368,31,44,44,74,100,100,100,112,143,143,155,155,155],"floor_reached":33,"playtime":2245,"items_purged":["Regret"],"score":752,"play_id":"6fdc8ec0-dcc8-4e13-a29a-6d4d64a6d587","local_time":"20190506071039","is_ascension_mode":true,"campfire_choices":[{"data":"Skewer","floor":6,"key":"SMITH"},{"data":"Dagger Spray","floor":12,"key":"SMITH"},{"data":"Neutralize","floor":15,"key":"SMITH"},{"floor":23,"key":"REST"},{"floor":27,"key":"REST"},{"floor":32,"key":"REST"}],"neow_cost":"NONE","seed_source_timestamp":1169053792753657,"circlet_count":0,"master_deck":["AscendersBane","Defend_G","Defend_G","Defend_G","Defend_G","Defend_G","Strike_G","Strike_G","Strike_G","Strike_G","Survivor","Neutralize+1","Skewer+1","Flying Knee","Dash","Masterful Stab","Backstab","Dagger Throw","Dagger Spray+1","Corpse Explosion","Finisher","Cloak And Dagger","PiercingWail","Crippling Poison","Pain","Noxious Fumes","Distraction+1","Writhe","Wraith Form v2"],"relics":["Ring of the Snake","Darkstone Periapt","Centennial Puzzle","Mango","Orichalcum","Cursed Key","Enchiridion","Membership Card","Red Mask","Pear","Blue Candle","Unceasing Top","Potion Belt"],"potions_floor_usage":[11,16,18,29,33,33],"damage_taken":[{"damage":0,"enemies":"Cultist","floor":1,"turns":5},{"damage":4,"enemies":"Small Slimes","floor":2,"turns":3},{"damage":0,"enemies":"2 Louse","floor":3,"turns":2},{"damage":2,"enemies":"2 Fungi Beasts","floor":4,"turns":3},{"damage":1,"enemies":"Lots of Slimes","floor":5,"turns":6},{"damage":23,"enemies":"Gremlin Nob","floor":7,"turns":4},{"damage":0,"enemies":"Exordium Thugs","floor":8,"turns":4},{"damage":0,"enemies":"Looter","floor":10,"turns":2},{"damage":5,"enemies":"Gremlin Gang","floor":11,"turns":3},{"damage":7,"enemies":"Lagavulin","floor":13,"turns":7},{"damage":0,"enemies":"Slime Boss","floor":16,"turns":7},{"damage":7,"enemies":"2 Thieves","floor":18,"turns":2},{"damage":19,"enemies":"Spheric Guardian","floor":20,"turns":4},{"damage":11,"enemies":"Snecko","floor":22,"turns":4},{"damage":0,"enemies":"Masked Bandits","floor":24,"turns":3},{"damage":9,"enemies":"Gremlin Leader","floor":25,"turns":7},{"damage":3,"enemies":"Centurion and Healer","floor":28,"turns":6},{"damage":6,"enemies":"Slavers","floor":29,"turns":3},{"damage":36,"enemies":"Shelled Parasite and Fungi","floor":31,"turns":5},{"damage":82,"enemies":"Champ","floor":33,"turns":15}],"seed_played":"-7448679152019664836","potions_obtained":[{"floor":3,"key":"SkillPotion"},{"floor":7,"key":"Fire Potion"},{"floor":8,"key":"Dexterity Potion"},{"floor":10,"key":"Strength Potion"},{"floor":16,"key":"SkillPotion"},{"floor":18,"key":"SkillPotion"},{"floor":20,"key":"Fire Potion"},{"floor":31,"key":"EssenceOfSteel"}],"is_trial":false,"path_per_floor":["M","M","M","M","M","R","E","M","T","M","M","R","E","?","R","B",null,"M","?","M","$","M","R","?","E","T","R","M","E","?","M","R","B"],"character_chosen":"THE_SILENT","items_purchased":["Membership Card","GhostInAJar","Finisher"],"campfire_rested":3,"item_purchase_floors":[21,21,21],"current_hp_per_floor":[59,55,55,53,52,52,29,29,29,29,24,24,31,37,37,37,74,67,46,27,27,16,41,41,42,48,78,75,69,75,39,71,0],"gold":155,"neow_bonus":"REMOVE_CARD","is_prod":false,"is_daily":false,"chose_seed":false,"campfire_upgraded":3,"win_rate":0,"timestamp":1557141039,"path_taken":["M","M","?","M","?","R","E","M","T","M","?","R","E","?","R","BOSS","M","?","M","$","M","R","?","E","T","R","M","E","?","M","R","BOSS"],"build_version":"2019-01-23","purchased_purges":1,"victory":false,"max_hp_per_floor":[66,66,66,66,66,66,66,66,66,66,66,66,80,86,86,86,86,86,86,86,86,86,86,86,96,102,102,102,102,108,108,108,108],"card_choices":[{"not_picked":["Prepared","Bouncing Flask"],"picked":"Skewer","floor":1},{"not_picked":["Acrobatics","Backflip"],"picked":"Flying Knee","floor":2},{"not_picked":["Sucker Punch","Dodge and Roll"],"picked":"Dash","floor":3},{"not_picked":["Deadly Poison","Phantasmal Killer"],"picked":"Masterful Stab","floor":4},{"not_picked":["Slice","Poisoned Stab","Infinite Blades"],"picked":"SKIP","floor":5},{"not_picked":["All Out Attack","Bouncing Flask"],"picked":"Backstab","floor":7},{"not_picked":["Flying Knee","Slice"],"picked":"Dagger Throw","floor":8},{"not_picked":["Bane","Quick Slash","Blade Dance"],"picked":"SKIP","floor":10},{"not_picked":["Slice","Deflect"],"picked":"Dagger Spray","floor":11},{"not_picked":["Burst","Dagger Throw","Prepared"],"picked":"SKIP","floor":13},{"not_picked":["Grand Finale","Venomology"],"picked":"Corpse Explosion","floor":16},{"not_picked":["Expertise","Backstab","Dagger Throw"],"picked":"SKIP","floor":18},{"not_picked":["Terror","Reflex","Slice"],"picked":"SKIP","floor":20},{"not_picked":["Skewer","Accuracy"],"picked":"Cloak And Dagger","floor":22},{"not_picked":["Prepared","Deadly Poison"],"picked":"PiercingWail","floor":24},{"not_picked":["Bane","Dagger Spray"],"picked":"Crippling Poison","floor":25},{"not_picked":["Backstab","Infinite Blades"],"picked":"Noxious Fumes","floor":28},{"not_picked":["Reflex","Sucker Punch"],"picked":"Distraction+1","floor":29},{"not_picked":["Backstab+1","Eviscerate"],"picked":"Wraith Form v2","floor":31}],"player_experience":2386000,"relics_obtained":[{"floor":7,"key":"Darkstone Periapt"},{"floor":9,"key":"Centennial Puzzle"},{"floor":13,"key":"Mango"},{"floor":19,"key":"Enchiridion"},{"floor":24,"key":"Red Mask"},{"floor":25,"key":"Pear"},{"floor":26,"key":"Blue Candle"},{"floor":29,"key":"Unceasing Top"}],"event_choices":[{"damage_healed":0,"gold_gain":0,"player_choice":"Box","damage_taken":0,"relics_obtained":["Orichalcum"],"max_hp_gain":0,"max_hp_loss":0,"event_name":"Big Fish","floor":14,"gold_loss":0,"cards_obtained":["Regret"]},{"damage_healed":0,"gold_gain":0,"player_choice":"Obtained Book","damage_taken":21,"max_hp_gain":0,"max_hp_loss":0,"event_name":"Cursed Tome","floor":19,"gold_loss":0},{"damage_healed":0,"gold_gain":0,"player_choice":"Fought Bandits","damage_taken":0,"max_hp_gain":0,"max_hp_loss":0,"event_name":"Masked Bandits","floor":24,"gold_loss":0},{"damage_healed":0,"gold_gain":0,"player_choice":"Opened","damage_taken":0,"relics_obtained":["Potion Belt"],"max_hp_gain":0,"max_hp_loss":0,"event_name":"The Mausoleum","floor":30,"gold_loss":0,"cards_obtained":["Writhe"]}],"is_beta":false,"boss_relics":[{"not_picked":["Empty Cage","Eternal Feather"],"picked":"Cursed Key"}],"items_purged_floors":[21],"is_endless":false,"potions_floor_spawned":[3,7,8,10,16,18,20,28,31],"killed_by":"Champ","ascension_level":20}