{"gold_per_floor":[16,16,27,46,96,96,131,144,197,197,230,249,249,268,268,372,372,361,361,361,372,372,372,400,400,479,496,559,559,594,623,635,747,759,782,794,818,880,236,236,268,268,268,299,314,314,43,43,43,43],"floor_reached":51,"playtime":3718,"items_purged":["Flechettes"],"score":1183,"play_id":"fb7341da-857f-429d-a549-e17beff0a62c","local_time":"20190430143158","is_ascension_mode":true,"campfire_choices":[{"data":"A Thousand Cuts","floor":6,"key":"SMITH"},{"data":"Malaise","floor":10,"key":"SMITH"},{"data":"Neutralize","floor":13,"key":"SMITH"},{"data":"Blade Dance","floor":15,"key":"SMITH"},{"data":"Footwork","floor":23,"key":"SMITH"},{"floor":25,"key":"REST"},{"data":"Adrenaline","floor":29,"key":"SMITH"},{"floor":32,"key":"REST"},{"data":"Cloak And Dagger","floor":40,"key":"SMITH"},{"data":"Adrenaline","floor":42,"key":"SMITH"},{"data":"Doppelganger","floor":46,"key":"SMITH"},{"data":"Venomology","floor":49,"key":"SMITH"}],"neow_cost":"NO_GOLD","seed_source_timestamp":1627036774072364,"circlet_count":0,"master_deck":["Survivor","Neutralize+1","A Thousand Cuts+1","PiercingWail","Well Laid Plans","Slice","Deadly Poison","Malaise+1","Dodge and Roll","Blade Dance+1","Footwork+1","Glass Knife","Backflip+1","Blur+1","RitualDagger","Cloak And Dagger+1","Deflect+1","Adrenaline+1","Adrenaline+1","Blade Dance+1","After Image+1","Venomology+1","Backflip","Doppelganger+1","Underhanded Strike","Caltrops+1","Accuracy+1","Deflect","Cloak And Dagger","PiercingWail+1","Blade Dance+1","Infinite Blades+1","After Image+1","Concentrate+1"],"relics":["Ring of the Snake","Happy Flower","Blood Vial","Whetstone","Pen Nib","Black Star","Gambling Chip","Dream Catcher","Frozen Egg 2","Kunai","Regal Pillow","Tiny Chest","War Paint","MawBank","Pandora\u0027s Box","Incense Burner","Medical Kit","Strawberry","Anchor","Bag of Preparation","Bottled Tornado","The Courier","Nunchaku","Torii","Chemical X","Oddly Smooth Stone"],"potions_floor_usage":[7,7,7,16,16,30,33,37,38,41,44,44,45,50],"damage_taken":[{"damage":3,"enemies":"Jaw Worm","floor":1,"turns":5},{"damage":0,"enemies":"Cultist","floor":3,"turns":4},{"damage":1,"enemies":"Small Slimes","floor":4,"turns":4},{"damage":7,"enemies":"Lagavulin","floor":7,"turns":6},{"damage":4,"enemies":"Exordium Wildlife","floor":8,"turns":4},{"damage":13,"enemies":"Gremlin Nob","floor":11,"turns":5},{"damage":2,"enemies":"Looter","floor":12,"turns":3},{"damage":2,"enemies":"2 Fungi Beasts","floor":14,"turns":2},{"damage":0,"enemies":"Hexaghost","floor":16,"turns":9},{"damage":16,"enemies":"2 Thieves","floor":18,"turns":4},{"damage":12,"enemies":"Shell Parasite","floor":21,"turns":5},{"damage":32,"enemies":"Slavers","floor":24,"turns":4},{"damage":13,"enemies":"Sentry and Sphere","floor":27,"turns":5},{"damage":11,"enemies":"Book of Stabbing","floor":28,"turns":10},{"damage":0,"enemies":"Gremlin Leader","floor":30,"turns":6},{"damage":22,"enemies":"3 Cultists","floor":31,"turns":5},{"damage":20,"enemies":"Automaton","floor":33,"turns":9},{"damage":0,"enemies":"3 Darklings","floor":35,"turns":4},{"damage":0,"enemies":"Orb Walker","floor":37,"turns":4},{"damage":17,"enemies":"2 Orb Walkers","floor":38,"turns":5},{"damage":0,"enemies":"Nemesis","floor":41,"turns":7},{"damage":1,"enemies":"Reptomancer","floor":44,"turns":6},{"damage":1,"enemies":"Writhing Mass","floor":45,"turns":6},{"damage":18,"enemies":"Time Eater","floor":50,"turns":19}],"seed_played":"4484206389792540232","potions_obtained":[{"floor":2,"key":"Regen Potion"},{"floor":2,"key":"SkillPotion"},{"floor":2,"key":"SteroidPotion"},{"floor":7,"key":"SpeedPotion"},{"floor":8,"key":"GamblersBrew"},{"floor":12,"key":"LiquidBronze"},{"floor":24,"key":"EssenceOfSteel"},{"floor":30,"key":"PowerPotion"},{"floor":33,"key":"FearPotion"},{"floor":44,"key":"SpeedPotion"},{"floor":45,"key":"Explosive Potion"}],"is_trial":false,"path_per_floor":["M","?","M","M","T","R","E","M","T","R","E","M","R","M","R","B",null,"M","?","T","M","?","R","E","R","T","M","E","R","E","M","R","B",null,"M","?","M","?","$","R","E","R","T","E","M","R","$","?","R","B",null],"character_chosen":"THE_SILENT","items_purchased":["Medical Kit","Infinite Blades+1","Strawberry","Anchor","Chemical X","Oddly Smooth Stone"],"campfire_rested":2,"item_purchase_floors":[39,39,39,39,47,47],"current_hp_per_floor":[60,60,60,59,59,59,66,64,64,64,53,53,53,53,53,55,66,52,70,70,58,52,52,22,43,43,32,23,23,25,5,41,23,58,60,60,62,47,54,54,56,56,56,57,58,58,58,58,58,42],"gold":43,"neow_bonus":"THREE_RARE_CARDS","is_prod":false,"is_daily":false,"chose_seed":false,"campfire_upgraded":10,"win_rate":0,"timestamp":1556631118,"path_taken":["M","?","?","M","?","R","E","M","T","R","E","M","R","M","R","BOSS","M","?","?","M","?","R","E","R","T","M","E","R","E","M","R","BOSS","M","?","M","?","$","R","E","R","T","E","M","R","$","?","R","BOSS"],"build_version":"2019-01-23","purchased_purges":1,"victory":true,"max_hp_per_floor":[70,70,70,70,70,70,70,70,70,70,70,70,70,70,70,70,70,70,70,70,70,70,70,70,70,70,70,70,70,70,70,70,70,70,70,70,70,70,77,77,77,77,77,77,77,77,77,74,74,74],"card_choices":[{"not_picked":["Envenom","Grand Finale"],"picked":"A Thousand Cuts","floor":0},{"not_picked":["Backflip","Reflex"],"picked":"PiercingWail","floor":1},{"not_picked":["Endless Agony","Finisher"],"picked":"Well Laid Plans","floor":3},{"not_picked":["Outmaneuver","Flying Knee"],"picked":"Slice","floor":4},{"not_picked":["Prepared","Flying Knee"],"picked":"Deadly Poison","floor":7},{"not_picked":["Deflect","Prepared"],"picked":"Malaise","floor":8},{"not_picked":["Accuracy","Dagger Spray"],"picked":"Dodge and Roll","floor":11},{"not_picked":["Underhanded Strike","Accuracy"],"picked":"Blade Dance","floor":12},{"not_picked":["Acrobatics","Slice"],"picked":"Footwork","floor":14},{"not_picked":["Wraith Form v2","Burst"],"picked":"Glass Knife","floor":16},{"not_picked":["Deadly Poison","Predator"],"picked":"Backflip+1","floor":18},{"not_picked":["Reflex+1","Backflip"],"picked":"Blur","floor":21},{"not_picked":["Phantasmal Killer","Slice","Underhanded Strike"],"picked":"SKIP","floor":24},{"not_picked":["Slice+1","Masterful Stab"],"picked":"Cloak And Dagger","floor":25},{"not_picked":["Prepared","Acrobatics"],"picked":"Deflect+1","floor":27},{"not_picked":["Dash+1","Footwork+1"],"picked":"Adrenaline","floor":28},{"not_picked":["Poisoned Stab","Dagger Throw","Outmaneuver"],"picked":"SKIP","floor":30},{"not_picked":["Backstab","Blade Dance"],"picked":"Adrenaline","floor":31},{"not_picked":["Dodge and Roll","Deflect+1"],"picked":"Blade Dance+1","floor":32},{"not_picked":["Tools of the Trade+1","Glass Knife"],"picked":"After Image+1","floor":33},{"not_picked":["Riddle With Holes","Quick Slash+1","Bane+1"],"picked":"SKIP","floor":35},{"not_picked":["Flechettes+1","Underhanded Strike"],"picked":"PiercingWail+1","floor":37},{"not_picked":["Catalyst","Deflect+1"],"picked":"Blade Dance+1","floor":38},{"not_picked":["Finisher+1","Accuracy+1"],"picked":"After Image+1","floor":41},{"not_picked":["Choke+1","Dodge and Roll","Dagger Spray+1"],"picked":"SKIP","floor":44},{"not_picked":["Dodge and Roll","Deadly Poison+1"],"picked":"Concentrate+1","floor":45}],"player_experience":259330,"relics_obtained":[{"floor":5,"key":"Happy Flower"},{"floor":7,"key":"Blood Vial"},{"floor":9,"key":"Whetstone"},{"floor":11,"key":"Pen Nib"},{"floor":20,"key":"Gambling Chip"},{"floor":24,"key":"Dream Catcher"},{"floor":24,"key":"Frozen Egg 2"},{"floor":26,"key":"Kunai"},{"floor":28,"key":"Regal Pillow"},{"floor":28,"key":"Tiny Chest"},{"floor":30,"key":"War Paint"},{"floor":30,"key":"MawBank"},{"floor":38,"key":"Incense Burner"},{"floor":41,"key":"Bag of Preparation"},{"floor":41,"key":"Bottled Tornado"},{"floor":43,"key":"The Courier"},{"floor":44,"key":"Nunchaku"},{"floor":44,"key":"Torii"}],"event_choices":[{"damage_healed":0,"gold_gain":0,"player_choice":"Got Potions","damage_taken":0,"max_hp_gain":0,"max_hp_loss":0,"event_name":"Lab","floor":2,"gold_loss":0},{"damage_healed":23,"gold_gain":0,"player_choice":"Heal","damage_taken":0,"max_hp_gain":0,"max_hp_loss":0,"event_name":"The Library","floor":19,"gold_loss":0},{"damage_healed":0,"gold_gain":0,"player_choice":"Joined the Cult","damage_taken":6,"max_hp_gain":0,"max_hp_loss":0,"event_name":"Nest","floor":22,"gold_loss":0,"cards_obtained":["RitualDagger"]},{"cards_removed":["Masterful Stab"],"damage_healed":0,"gold_gain":0,"player_choice":"Removed Attack","damage_taken":0,"max_hp_gain":0,"max_hp_loss":0,"event_name":"Falling","floor":36,"gold_loss":0},{"damage_healed":0,"gold_gain":0,"player_choice":"Fight","damage_taken":0,"max_hp_gain":0,"max_hp_loss":0,"event_name":"Mysterious Sphere","floor":38,"gold_loss":0},{"cards_removed":["Parasite"],"damage_healed":0,"gold_gain":0,"player_choice":"Removed Curses","damage_taken":0,"max_hp_gain":0,"max_hp_loss":0,"event_name":"Fountain of Cleansing","floor":48,"gold_loss":0}],"is_beta":false,"boss_relics":[{"not_picked":["Astrolabe","Calling Bell"],"picked":"Black Star"},{"not_picked":["Cursed Key","Busted Crown"],"picked":"Pandora\u0027s Box"}],"items_purged_floors":[39],"is_endless":false,"potions_floor_spawned":[3,7,8,12,24,30,33,37,44,45],"ascension_level":7}