{"gold_per_floor":[114,130,90,106,126,159,159,184,184,184,184,184,213,243,255,267],"floor_reached":16,"playtime":603,"items_purged":[],"score":265,"play_id":"74b51532-2844-42d9-ac1d-b97ff9bc0e4a","local_time":"20190503092354","is_ascension_mode":true,"campfire_choices":[{"floor":7.0,"key":"REST"},{"data":"Doom and Gloom","floor":11.0,"key":"SMITH"},{"floor":15,"key":"REST"}],"neow_cost":"NONE","seed_source_timestamp":919422353882095,"circlet_count":0,"master_deck":["AscendersBane","Strike_B","Strike_B","Strike_B","Strike_B","Defend_B","Defend_B","Defend_B","Defend_B","Zap","Dualcast","Ball Lightning","Doom and Gloom+1","Ball Lightning","Ball Lightning","Coolheaded","Ball Lightning","Compile Driver","Storm"],"special_seed":0,"relics":["Cracked Core","Art of War","Juzu Bracelet","Omamori","The Courier","Calipers","MawBank"],"potions_floor_usage":[16],"damage_taken":[{"damage":7.0,"enemies":"Jaw Worm","floor":1.0,"turns":3.0},{"damage":0.0,"enemies":"Cultist","floor":2.0,"turns":3.0},{"damage":12.0,"enemies":"Small Slimes","floor":4.0,"turns":2.0},{"damage":4.0,"enemies":"Red Slaver","floor":5.0,"turns":3.0},{"damage":20.0,"enemies":"3 Sentries","floor":6.0,"turns":3.0},{"damage":10.0,"enemies":"Gremlin Nob","floor":8.0,"turns":3.0},{"damage":28.0,"enemies":"Lagavulin","floor":13.0,"turns":4.0},{"damage":7.0,"enemies":"Gremlin Gang","floor":14.0,"turns":2.0},{"damage":49,"enemies":"The Guardian","floor":16,"turns":11}],"seed_played":"122141021185118204","potions_obtained":[{"floor":3.0,"key":"Fruit Juice"},{"floor":3.0,"key":"Dexterity Potion"},{"floor":3.0,"key":"FairyPotion"},{"floor":4.0,"key":"Fire Potion"},{"floor":8.0,"key":"Strength Potion"},{"floor":13.0,"key":"Explosive Potion"}],"is_trial":false,"path_per_floor":["M","M","?","M","M","E","R","E","T","?","R","?","E","M","R","B"],"character_chosen":"DEFECT","items_purchased":[],"campfire_rested":2,"item_purchase_floors":[],"current_hp_per_floor":[57,57,62,50,46,26,48,38,38,38,38,57,29,22,44,0],"gold":267,"neow_bonus":"RANDOM_COMMON_RELIC","is_prod":false,"is_daily":false,"chose_seed":false,"campfire_upgraded":1,"win_rate":0,"timestamp":1556889834,"path_taken":["M","M","?","M","M","E","R","E","T","?","R","?","E","M","R","BOSS"],"build_version":"2019-01-23","purchased_purges":0,"victory":false,"max_hp_per_floor":[71,71,76,76,76,76,76,76,76,76,76,76,76,76,76,76],"card_choices":[{"not_picked":["Steam","Defragment"],"picked":"Ball Lightning","floor":1.0},{"not_picked":["Conserve Battery","Beam Cell"],"picked":"Doom and Gloom","floor":2.0},{"not_picked":["Streamline","Sunder"],"picked":"Ball Lightning","floor":4.0},{"not_picked":["Streamline","Go for the Eyes"],"picked":"Ball Lightning","floor":5.0},{"not_picked":["Leap","Amplify"],"picked":"Coolheaded","floor":6.0},{"not_picked":["BootSequence","Rebound"],"picked":"Ball Lightning","floor":8.0},{"not_picked":["Rebound","Fission"],"picked":"Compile Driver","floor":13.0},{"not_picked":["Aggregate","Stack"],"picked":"Storm","floor":14.0}],"player_experience":2293993,"relics_obtained":[{"floor":6.0,"key":"Juzu Bracelet"},{"floor":8.0,"key":"Omamori"},{"floor":9.0,"key":"The Courier"},{"floor":13.0,"key":"MawBank"}],"event_choices":[{"damage_healed":0.0,"max_hp_gain":0.0,"max_hp_loss":0.0,"gold_gain":0.0,"event_name":"The Woman in Blue","player_choice":"Bought 3 Potions","floor":3.0,"gold_loss":0.0,"damage_taken":0.0},{"damage_healed":0.0,"max_hp_gain":0.0,"max_hp_loss":0.0,"gold_gain":0.0,"event_name":"WeMeetAgain","player_choice":"Gave Potion","floor":10.0,"gold_loss":0.0,"damage_taken":0.0,"relics_obtained":["Calipers"]},{"damage_healed":19.0,"max_hp_gain":0.0,"max_hp_loss":0.0,"gold_gain":0.0,"event_name":"Mushrooms","player_choice":"Healed and dodged fight","floor":12.0,"gold_loss":0.0,"damage_taken":0.0,"cards_obtained":["Parasite"]}],"is_beta":false,"boss_relics":[],"items_purged_floors":[],"is_endless":false,"potions_floor_spawned":[4,5,8,13],"killed_by":"The Guardian","ascension_level":20}