{"gold_per_floor":[111,123,134,134,134,165,165,181,181,30,30,47,47,47,47,125,125,137,137,147,166,166,166,15,15,83,83,117,137,137,165,165,240,240,259,28,28,39,39,66,166,46,46,81,97,130,146,146,146,146,146],"floor_reached":51,"playtime":2093,"items_purged":[],"score":1442,"play_id":"9b61bdfd-2bcb-4616-9d69-7bb7980e0eef","local_time":"20190215160611","is_ascension_mode":true,"campfire_choices":[{"data":"True Grit","floor":7,"key":"SMITH"},{"data":"Armaments","floor":11,"key":"SMITH"},{"data":"Metallicize","floor":13,"key":"SMITH"},{"floor":15,"key":"REST"},{"data":"Immolate","floor":23,"key":"SMITH"},{"data":"Fiend Fire","floor":25,"key":"SMITH"},{"floor":30,"key":"REST"},{"data":"Metallicize","floor":32,"key":"SMITH"},{"floor":49,"key":"RECALL"}],"neow_cost":"NONE","seed_source_timestamp":18235937876307,"circlet_count":0,"master_deck":["AscendersBane","Strike_R","Defend_R","Defend_R","Defend_R","Defend_R","Bash+1","Clothesline","True Grit+1","Uppercut+1","Fiend Fire+1","Pommel Strike","Finesse","Armaments+1","Metallicize+1","Immolate+1","Flame Barrier","Sword Boomerang","Corruption","Shockwave+1","Barricade","Metallicize+1","Demon Form","Shrug It Off","Bandage Up","Panache","True Grit+1","Apotheosis","Disarm","Dark Embrace","Feel No Pain+1"],"relics":["Burning Blood","Orichalcum","Sundial","Snecko Eye","Kunai","Pantograph","Letter Opener","Sozu","Membership Card","Mercury Hourglass","Peace Pipe","Red Skull","Bag of Marbles"],"potions_floor_usage":[28,28,33],"damage_taken":[{"damage":8,"enemies":"2 Louse","floor":1,"turns":4},{"damage":4,"enemies":"Jaw Worm","floor":2,"turns":3},{"damage":3,"enemies":"Cultist","floor":3,"turns":4},{"damage":45,"enemies":"Lagavulin","floor":6,"turns":6},{"damage":6,"enemies":"2 Fungi Beasts","floor":8,"turns":3},{"damage":0,"enemies":"Blue Slaver","floor":12,"turns":3},{"damage":35,"enemies":"Slime Boss","floor":16,"turns":18},{"damage":28,"enemies":"3 Byrds","floor":18,"turns":8},{"damage":7,"enemies":"2 Thieves","floor":20,"turns":3},{"damage":5,"enemies":"Snake Plant","floor":21,"turns":4},{"damage":7,"enemies":"Book of Stabbing","floor":28,"turns":5},{"damage":8,"enemies":"Sentry and Sphere","floor":29,"turns":6},{"damage":28,"enemies":"Gremlin Leader","floor":31,"turns":4},{"damage":11,"enemies":"Champ","floor":33,"turns":27},{"damage":0,"enemies":"3 Shapes","floor":35,"turns":6},{"damage":0,"enemies":"3 Darklings","floor":38,"turns":3},{"damage":27,"enemies":"Reptomancer","floor":40,"turns":6},{"damage":20,"enemies":"Mind Bloom Boss Battle","floor":41,"turns":8},{"damage":30,"enemies":"Giant Head","floor":44,"turns":9},{"damage":0,"enemies":"Sphere and 2 Shapes","floor":45,"turns":6},{"damage":58,"enemies":"Reptomancer","floor":46,"turns":6},{"damage":2,"enemies":"Writhing Mass","floor":47,"turns":5},{"damage":44,"enemies":"Awakened One","floor":50,"turns":15},{"damage":53,"enemies":"Donu and Deca","floor":51,"turns":4}],"seed_played":"1998863139672438530","potions_obtained":[{"floor":2,"key":"Ancient Potion"},{"floor":3,"key":"SpeedPotion"},{"floor":29,"key":"Dexterity Potion"},{"floor":33,"key":"Ancient Potion"}],"is_trial":false,"path_per_floor":["M","M","M","?","?","E","R","M","T","$","R","M","R","$","R","B",null,"M","?","M","M","?","R","$","R","T","$","E","M","R","E","R","B",null,"M","$","?","M","$","E","?","$","T","E","M","E","M","?","R","B","B"],"character_chosen":"IRONCLAD","items_purchased":["Finesse","Armaments","Barricade","Membership Card","Apotheosis","Disarm"],"campfire_rested":2,"item_purchase_floors":[10,10,24,36,42,42],"current_hp_per_floor":[66,68,71,64,64,25,25,25,25,25,25,31,31,31,53,24,62,40,40,39,40,40,40,40,40,40,40,39,37,59,37,37,57,71,75,75,65,75,75,58,67,67,67,49,61,15,25,25,25,18,0],"gold":146,"neow_bonus":"UPGRADE_CARD","is_prod":false,"is_daily":false,"chose_seed":false,"campfire_upgraded":6,"win_rate":0,"timestamp":1550271971,"path_taken":["M","M","M","?","?","E","R","M","T","$","R","M","R","$","R","BOSS","M","?","M","M","?","R","?","R","T","$","E","M","R","E","R","BOSS","M","$","?","M","$","E","?","?","T","E","?","E","M","?","R","BOSS","BOSS"],"build_version":"2019-02-06","purchased_purges":0,"victory":false,"max_hp_per_floor":[75,75,75,75,75,75,75,75,75,75,75,75,75,75,75,75,75,75,75,75,75,75,75,75,75,75,75,75,75,75,75,75,75,75,75,75,75,75,75,75,75,75,75,75,75,75,75,75,75,75,75],"card_choices":[{"not_picked":["Warcry","Twin Strike"],"picked":"Clothesline","floor":1},{"not_picked":["Perfected Strike","Evolve"],"picked":"True Grit","floor":2},{"not_picked":["Heavy Blade","Clothesline"],"picked":"Uppercut","floor":3},{"not_picked":["Hemokinesis","Pummel"],"picked":"Fiend Fire","floor":6},{"not_picked":["Pummel","Clash"],"picked":"Pommel Strike","floor":8},{"not_picked":["Clothesline","Thunderclap"],"picked":"Metallicize","floor":12},{"not_picked":["Brutality","Berserk"],"picked":"Immolate","floor":16},{"not_picked":["Body Slam","Bloodletting","Pummel"],"picked":"SKIP","floor":18},{"not_picked":["Havoc","True Grit"],"picked":"Corruption","floor":20},{"not_picked":["Armaments","Burning Pact+1"],"picked":"Shockwave+1","floor":21},{"not_picked":["Perfected Strike","Feed","Rage"],"picked":"SKIP","floor":28},{"not_picked":["Rupture","Cleave","Flex"],"picked":"SKIP","floor":29},{"not_picked":["Clash","Fiend Fire"],"picked":"Metallicize","floor":31},{"not_picked":["Dark Embrace","Juggernaut"],"picked":"Demon Form","floor":33},{"not_picked":["Ghostly Armor","Reckless Charge+1"],"picked":"Shrug It Off","floor":35},{"not_picked":["Panacea","PanicButton"],"picked":"Bandage Up","floor":37},{"not_picked":["Madness","Dramatic Entrance"],"picked":"Panache","floor":37},{"not_picked":["Second Wind","Uppercut+1","Pommel Strike"],"picked":"SKIP","floor":38},{"not_picked":["Carnage+1","Headbutt+1","Iron Wave+1"],"picked":"SKIP","floor":40},{"not_picked":["Warcry","Twin Strike+1"],"picked":"True Grit+1","floor":41},{"not_picked":["Disarm","Hemokinesis","Infernal Blade"],"picked":"SKIP","floor":44},{"not_picked":["Clothesline","Anger+1","Heavy Blade"],"picked":"SKIP","floor":45},{"not_picked":["True Grit","Clash"],"picked":"Dark Embrace","floor":46},{"not_picked":["Iron Wave","Hemokinesis"],"picked":"Feel No Pain+1","floor":47}],"player_experience":1091696,"relics_obtained":[{"floor":6,"key":"Orichalcum"},{"floor":9,"key":"Sundial"},{"floor":26,"key":"Kunai"},{"floor":28,"key":"Pantograph"},{"floor":31,"key":"Letter Opener"},{"floor":40,"key":"Mercury Hourglass"},{"floor":41,"key":"Peace Pipe"},{"floor":44,"key":"Red Skull"},{"floor":46,"key":"Bag of Marbles"}],"event_choices":[{"cards_removed":["Strike_R"],"damage_healed":0,"gold_gain":0,"player_choice":"Card Removal","damage_taken":7,"max_hp_gain":0,"max_hp_loss":0,"event_name":"Golden Wing","floor":4,"gold_loss":0},{"damage_healed":0,"gold_gain":0,"player_choice":"Upgraded","damage_taken":0,"max_hp_gain":0,"max_hp_loss":0,"event_name":"Upgrade Shrine","floor":5,"gold_loss":0,"cards_upgraded":["Uppercut"]},{"damage_healed":0,"gold_gain":0,"cards_transformed":["Strike_R","Strike_R"],"player_choice":"Became Test Subject","damage_taken":0,"max_hp_gain":0,"max_hp_loss":0,"event_name":"Drug Dealer","floor":19,"gold_loss":0,"cards_obtained":["Flame Barrier","Sword Boomerang"]},{"damage_healed":0,"gold_gain":0,"player_choice":"Ignored","damage_taken":0,"max_hp_gain":0,"max_hp_loss":0,"event_name":"Vampires","floor":22,"gold_loss":0},{"damage_healed":0,"gold_gain":0,"player_choice":"Memory 3","damage_taken":10,"max_hp_gain":0,"max_hp_loss":0,"event_name":"SensoryStone","floor":37,"gold_loss":0},{"damage_healed":0,"gold_gain":0,"player_choice":"Fight","damage_taken":0,"max_hp_gain":0,"max_hp_loss":0,"event_name":"MindBloom","floor":41,"gold_loss":0},{"cards_removed":["Strike_R"],"damage_healed":0,"gold_gain":0,"player_choice":"Purged","damage_taken":0,"max_hp_gain":0,"max_hp_loss":0,"event_name":"Purifier","floor":48,"gold_loss":0}],"is_beta":true,"boss_relics":[{"not_picked":["Cursed Key","White Beast Statue"],"picked":"Snecko Eye"},{"not_picked":["Black Blood","Philosopher\u0027s Stone"],"picked":"Sozu"}],"items_purged_floors":[],"is_endless":false,"potions_floor_spawned":[2,3,12,21,29,33,44,45,46],"killed_by":"Donu and Deca","ascension_level":20}