{"gold_per_floor":[114,39,55,55,69,99,99,114,114,114,149,149,149,161,161,161],"floor_reached":16,"playtime":748,"items_purged":[],"score":220,"play_id":"42d68541-4c9a-456a-b56c-6516d6b7234f","local_time":"20190502090757","is_ascension_mode":true,"campfire_choices":[{"floor":7,"key":"REST"},{"data":"Neutralize","floor":13,"key":"SMITH"},{"data":"Footwork","floor":15,"key":"SMITH"}],"neow_cost":"NONE","seed_source_timestamp":831944378188179,"circlet_count":0,"master_deck":["AscendersBane","Defend_G","Defend_G","Defend_G","Defend_G","Defend_G","Strike_G","Strike_G","Strike_G","Survivor","Neutralize+1","Choke","Footwork+1","Dagger Spray","Storm of Steel","Dagger Spray","Bane","Dagger Spray"],"relics":["Ring of the Snake","Boot","GremlinMask","Matryoshka","Question Card","Singing Bowl","Blue Candle"],"potions_floor_usage":[8,11,14],"damage_taken":[{"damage":3,"enemies":"2 Louse","floor":1,"turns":4},{"damage":4,"enemies":"Small Slimes","floor":3,"turns":3},{"damage":1,"enemies":"Cultist","floor":5,"turns":6},{"damage":42,"enemies":"3 Sentries","floor":6,"turns":12},{"damage":0,"enemies":"3 Louse","floor":8,"turns":3},{"damage":31,"enemies":"Lagavulin","floor":11,"turns":8},{"damage":0,"enemies":"Looter","floor":14,"turns":2},{"damage":28,"enemies":"Slime Boss","floor":16,"turns":3}],"seed_played":"7439902981593671757","potions_obtained":[{"floor":1,"key":"GhostInAJar"},{"floor":6,"key":"Poison Potion"},{"floor":8,"key":"GamblersBrew"},{"floor":11,"key":"Energy Potion"}],"is_trial":false,"path_per_floor":["M","?","M","?","M","E","R","M","T","?","E","?","R","M","R","B"],"character_chosen":"THE_SILENT","items_purchased":[],"campfire_rested":1,"item_purchase_floors":[],"current_hp_per_floor":[56,56,52,52,51,9,28,28,28,50,19,19,19,19,19,0],"gold":161,"neow_bonus":"RANDOM_COMMON_RELIC","is_prod":false,"is_daily":false,"chose_seed":false,"campfire_upgraded":2,"win_rate":0,"timestamp":1556802477,"path_taken":["M","?","M","?","?","E","R","M","T","?","E","?","R","?","R","BOSS"],"build_version":"2019-01-23","purchased_purges":0,"victory":false,"max_hp_per_floor":[66,66,66,66,66,66,66,66,66,66,66,66,66,66,66,66],"card_choices":[{"not_picked":["Heel Hook","Terror"],"picked":"Choke","floor":1},{"not_picked":["Eviscerate","Slice"],"picked":"Footwork","floor":3},{"not_picked":["Cloak And Dagger","Outmaneuver"],"picked":"Dagger Spray","floor":5},{"not_picked":["Backflip","Tools of the Trade"],"picked":"Storm of Steel","floor":6},{"not_picked":["Outmaneuver","Blur","Tactician"],"picked":"SKIP","floor":8},{"not_picked":["Bane","Grand Finale","Acrobatics"],"picked":"Dagger Spray","floor":11},{"not_picked":["All Out Attack","Outmaneuver","Cloak And Dagger"],"picked":"Dagger Spray","floor":14}],"player_experience":2242510,"relics_obtained":[{"floor":6,"key":"Matryoshka"},{"floor":9,"key":"Question Card"},{"floor":9,"key":"Singing Bowl"},{"floor":11,"key":"Blue Candle"}],"event_choices":[{"cards_removed":["Strike_G"],"damage_healed":0,"gold_gain":0,"player_choice":"Card Removal","damage_taken":0,"max_hp_gain":0,"max_hp_loss":0,"event_name":"The Cleric","floor":2,"gold_loss":75},{"damage_healed":0,"gold_gain":0,"player_choice":"Trade","damage_taken":0,"relics_obtained":["GremlinMask"],"max_hp_gain":0,"max_hp_loss":0,"event_name":"FaceTrader","floor":4,"gold_loss":0},{"damage_healed":22,"gold_gain":0,"player_choice":"Banana","damage_taken":0,"max_hp_gain":0,"max_hp_loss":0,"event_name":"Big Fish","floor":10,"gold_loss":0},{"damage_healed":0,"gold_gain":0,"cards_transformed":["Strike_G"],"player_choice":"Transformed","damage_taken":0,"max_hp_gain":0,"max_hp_loss":0,"event_name":"Transmorgrifier","floor":12,"gold_loss":0,"cards_obtained":["Bane"]}],"is_beta":false,"boss_relics":[],"items_purged_floors":[],"is_endless":false,"potions_floor_spawned":[1,6,8,11],"killed_by":"Slime Boss","ascension_level":20}