{"path_per_floor":["M","?","M","M","$","R","M","R","T","R","M","$","?","E","R","B",null,"M"],"character_chosen":"IRONCLAD","items_purchased":["Vajra","Hemokinesis"],"gold_per_floor":[117,117,129,149,5,5,18,18,75,75,91,52,52,95,95,226,226,245],"floor_reached":19,"campfire_rested":0,"playtime":717,"current_hp_per_floor":[75,75,75,80,80,80,64,64,64,64,62,62,62,52,52,14,64,41],"items_purged":[],"gold":155,"score":242,"play_id":"cc45a0b4-d38c-426d-b883-d946b8150c85","local_time":"20180311164036","is_prod":false,"is_daily":false,"is_ascension_mode":true,"campfire_upgraded":4,"timestamp":1520800836,"path_taken":["M","?","?","M","$","R","M","R","T","R","M","$","?","E","R","BOSS","M","M"],"build_version":"2018-03-09","purchased_purges":0,"victory":false,"master_deck":["Strike_R","Strike_R","Strike_R","Defend_R","Defend_R","Defend_R","Defend_R","Bash+1","Armaments+1","Cleave+1","Immolate","Intimidate","Bloodletting","Hemokinesis","Injury","Inflame+1","Demon Form","Power Through"],"max_hp_per_floor":[80,80,80,80,80,80,80,80,80,80,80,80,80,80,80,80,80,80],"relics":["Burning Blood","Vajra","Tiny Chest","Golden Idol","Juzu Bracelet","Mark of Pain"],"card_choices":[{"not_picked":["Feel No Pain","Heavy Blade"],"picked":"Armaments"},{"not_picked":["Anger","Armaments"],"picked":"Cleave"},{"not_picked":["Pommel Strike","Shockwave"],"picked":"Immolate"},{"not_picked":["Burning Pact","Rupture"],"picked":"Intimidate"},{"not_picked":["Flex","Corruption"],"picked":"Bloodletting"},{"not_picked":["Body Slam","Sword Boomerang"],"picked":"Inflame"},{"not_picked":["Exhume","Dark Embrace"],"picked":"Demon Form"},{"not_picked":["Combust","Havoc"],"picked":"Power Through"}],"player_experience":470924,"potions_floor_usage":[16,16,18],"damage_taken":[{"damage":3,"enemies":"2 Louse","floor":1,"turns":3},{"damage":6,"enemies":"Cultist","floor":3,"turns":3},{"damage":0,"enemies":"Small Slimes","floor":4,"turns":2},{"damage":22,"enemies":"Gremlin Gang","floor":7,"turns":3},{"damage":8,"enemies":"Looter","floor":11,"turns":3},{"damage":16,"enemies":"3 Sentries","floor":14,"turns":4},{"damage":44,"enemies":"Slime Boss","floor":16,"turns":10},{"damage":29,"enemies":"Shell Parasite","floor":18,"turns":5},{"damage":48,"enemies":"2 Thieves","floor":19,"turns":3}],"event_choices":[{"event_name":"Bonfire Elementals","player_choice":"BASIC","floor":2,"damage_taken":0},{"event_name":"Golden Idol","player_choice":"Take Wound","floor":13,"damage_taken":0}],"boss_relics":[{"not_picked":["White Beast Statue","Runic Cube"],"picked":"Mark of Pain"}],"potions_floor_spawned":[1,7,16],"seed_played":"2573395031126800944","killed_by":"2 Thieves","ascension_level":9,"is_trial":false}