{"path_per_floor":["M","?","?","?","$","E","$","R","T","M","E","?","E","M","R","B",null,"M","M","M","T","$","R","M","R","T","M","$","M","?","$","R","B",null,"M","M","M","$","M","R","?","M","T","E","M","R","$","E","R"],"character_chosen":"IRONCLAD","items_purchased":["Regal Pillow","Ginger","Dramatic Entrance","Anger","Inflame"],"gold_per_floor":[118,118,193,193,50,81,6,6,6,25,59,59,92,116,116,247,247,272,293,313,313,63,63,82,82,82,106,26,42,77,2,2,132,132,152,168,193,93,111,111,167,180,203,234,234,234,33,76,76,76],"floor_reached":50,"campfire_rested":1,"playtime":2309,"item_purchase_floors":[5,22,31,47,47],"current_hp_per_floor":[80,60,49,49,49,43,43,43,43,49,36,59,40,41,41,22,94,77,83,76,76,76,76,73,73,73,82,82,92,98,98,98,86,109,88,96,82,82,82,82,77,44,44,32,33,87,87,84,84,0],"items_purged":["Strike_R","Parasite","Normality","Decay"],"gold":76,"score":570,"play_id":"5bf064a8-213b-46e1-8151-4463b2204c61","local_time":"20180615201752","is_prod":false,"is_daily":false,"chose_seed":false,"is_ascension_mode":false,"campfire_upgraded":7,"win_rate":0,"timestamp":1529108272,"campfire_choices":[{"data":"Clothesline","floor":8,"key":"SMITH"},{"data":"Rampage","floor":15,"key":"SMITH"},{"data":"Battle Trance","floor":23,"key":"SMITH"},{"data":"Feed","floor":25,"key":"SMITH"},{"data":"Dramatic Entrance","floor":32,"key":"SMITH"},{"data":"Demon Form","floor":40,"key":"SMITH"},{"floor":46,"key":"REST"},{"data":"Anger","floor":49,"key":"SMITH"}],"path_taken":["M","?","?","?","?","E","$","R","T","M","E","?","E","M","R","BOSS","M","?","M","?","$","R","M","R","T","?","$","M","?","?","R","BOSS","M","M","?","?","M","R","?","M","T","E","M","R","$","E","R","BOSS"],"build_version":"2018-06-14v2","seed_source_timestamp":236049390073392,"purchased_purges":4,"victory":false,"master_deck":["Strike_R","Strike_R","Strike_R","Strike_R","Defend_R","Defend_R","Defend_R","Defend_R","Bash+1","Clothesline+1","Battle Trance+1","Rampage+1","Feed+1","Dramatic Entrance+1","Demon Form+1","Clumsy","Feel No Pain+1","Headbutt+1","Spot Weakness+1","Anger+1","Inflame"],"max_hp_per_floor":[80,80,80,80,80,94,94,94,94,94,94,94,94,94,94,94,94,97,97,100,100,100,100,100,100,100,104,101,105,109,109,109,109,109,109,113,113,113,117,117,121,125,125,132,132,132,132,132,132,132],"relics":["Burning Blood","Golden Idol","Regal Pillow","Mango","Matryoshka","The Courier","Kunai","Busted Crown","Pen Nib","Ornamental Fan","Ginger","Anchor","Mercury Hourglass","Red Mask","Calling Bell","Vajra","Darkstone Periapt","Unceasing Top","Charon\u0027s Ashes","Lantern","Strawberry","Bottled Tornado"],"card_choices":[{"not_picked":["Seeing Red","Sever Soul"],"picked":"Clothesline","floor":1},{"not_picked":["Wild Strike","Shrug It Off"],"picked":"Battle Trance","floor":6},{"not_picked":["Second Wind","Heavy Blade"],"picked":"Rampage","floor":10},{"not_picked":["Blood for Blood","Clothesline","Immolate"],"picked":"SKIP","floor":11},{"not_picked":["Blood for Blood","Perfected Strike","Hemokinesis"],"picked":"SKIP","floor":13},{"not_picked":["Body Slam","Burning Pact","Clothesline"],"picked":"SKIP","floor":14},{"not_picked":["Dark Embrace","Barricade"],"picked":"Feed","floor":16},{"not_picked":["Dropkick"],"picked":"SKIP","floor":18},{"not_picked":["Second Wind"],"picked":"SKIP","floor":19},{"not_picked":["Flex"],"picked":"SKIP","floor":20},{"not_picked":["Uppercut"],"picked":"SKIP","floor":24},{"not_picked":["Pommel Strike"],"picked":"SKIP","floor":27},{"not_picked":["Clothesline"],"picked":"SKIP","floor":29},{"not_picked":[],"picked":"Demon Form","floor":33},{"not_picked":[],"picked":"Feel No Pain+1","floor":35},{"not_picked":[],"picked":"Headbutt+1","floor":36},{"not_picked":[],"picked":"Spot Weakness+1","floor":37},{"not_picked":["Pommel Strike"],"picked":"SKIP","floor":39},{"not_picked":["Iron Wave+1"],"picked":"SKIP","floor":42},{"not_picked":["Carnage"],"picked":"SKIP","floor":44},{"not_picked":["Entrench"],"picked":"SKIP","floor":48}],"player_experience":941997,"potions_floor_usage":[6,6,6,16,16,20,33,33,33,39,44,45,50],"damage_taken":[{"damage":6,"enemies":"Cultist","floor":1,"turns":3},{"damage":26,"enemies":"Lagavulin","floor":6,"turns":7},{"damage":0,"enemies":"Small Slimes","floor":10,"turns":4},{"damage":19,"enemies":"Gremlin Nob","floor":11,"turns":4},{"damage":25,"enemies":"3 Sentries","floor":13,"turns":9},{"damage":5,"enemies":"Jaw Worm","floor":14,"turns":3},{"damage":25,"enemies":"Slime Boss","floor":16,"turns":11},{"damage":26,"enemies":"Spheric Guardian","floor":18,"turns":4},{"damage":0,"enemies":"Chosen","floor":19,"turns":4},{"damage":16,"enemies":"3 Cultists","floor":20,"turns":6},{"damage":9,"enemies":"Snecko","floor":24,"turns":4},{"damage":1,"enemies":"Snake Plant","floor":27,"turns":3},{"damage":0,"enemies":"Centurion and Healer","floor":29,"turns":6},{"damage":4,"floor":30,"turns":3},{"damage":18,"enemies":"Collector","floor":33,"turns":6},{"damage":27,"enemies":"Orb Walker","floor":35,"turns":4},{"damage":2,"enemies":"3 Shapes","floor":36,"turns":4},{"damage":20,"enemies":"Maw","floor":37,"turns":6},{"damage":10,"enemies":"4 Shapes","floor":39,"turns":6},{"damage":15,"floor":41,"turns":4},{"damage":43,"enemies":"Sphere and 2 Shapes","floor":42,"turns":4},{"damage":25,"enemies":"Nemesis","floor":44,"turns":5},{"damage":5,"enemies":"Maw","floor":45,"turns":4},{"damage":9,"enemies":"2 Orb Walkers","floor":48,"turns":3},{"damage":88,"enemies":"Time Eater","floor":50,"turns":6}],"relics_obtained":[{"floor":6,"key":"Mango"},{"floor":9,"key":"Matryoshka"},{"floor":11,"key":"The Courier"},{"floor":13,"key":"Kunai"},{"floor":21,"key":"Pen Nib"},{"floor":21,"key":"Ornamental Fan"},{"floor":26,"key":"Anchor"},{"floor":26,"key":"Mercury Hourglass"},{"floor":30,"key":"Red Mask"},{"floor":34,"key":"Vajra"},{"floor":34,"key":"Darkstone Periapt"},{"floor":34,"key":"Unceasing Top"},{"floor":41,"key":"Charon\u0027s Ashes"},{"floor":43,"key":"Lantern"},{"floor":44,"key":"Strawberry"},{"floor":48,"key":"Bottled Tornado"}],"event_choices":[{"event_name":"Golden Idol","player_choice":"Take Damage","floor":2,"damage_taken":0},{"event_name":"World of Goop","player_choice":"Gather Gold","floor":3,"damage_taken":0},{"event_name":"The Lab","player_choice":"Got Potions","floor":4,"damage_taken":0},{"event_name":"Mushrooms","player_choice":"Healed and dodged fight","floor":12,"damage_taken":0},{"event_name":"Masked Bandits","player_choice":"Fought over 42 gold","floor":30,"damage_taken":0},{"event_name":"Mysterious Sphere","player_choice":"Fight","floor":41,"damage_taken":0}],"boss_relics":[{"not_picked":["Fusion Hammer","Sozu"],"picked":"Busted Crown"},{"not_picked":["Orrery","Snecko Eye"],"picked":"Calling Bell"}],"items_purged_floors":[7,28,38,47],"is_endless":false,"potions_floor_spawned":[1,13,14,18,24,27,29,30,36,39,42,44,45],"seed_played":"8856380437212124949","killed_by":"Time Eater","ascension_level":0,"potions_obtained":[{"floor":1,"key":"SkillPotion"},{"floor":4,"key":"AttackPotion"},{"floor":4,"key":"FairyPotion"},{"floor":4,"key":"LiquidBronze"},{"floor":13,"key":"Explosive Potion"},{"floor":14,"key":"SkillPotion"},{"floor":18,"key":"Energy Potion"},{"floor":24,"key":"Poison Potion"},{"floor":27,"key":"EssenceOfSteel"},{"floor":29,"key":"Dexterity Potion"},{"floor":30,"key":"Strength Potion"},{"floor":36,"key":"Poison Potion"},{"floor":39,"key":"SmokeBomb"},{"floor":42,"key":"AttackPotion"},{"floor":44,"key":"AttackPotion"}],"is_trial":false}