{"gold_per_floor":[117,117,128,146,3,30,30,64,64,75,102,102,0,19,19,97,97,108,108,108,108,118,150,150,150,174,186,226,238,263,308,320,411,423,450,462,491,503,220,249,249,277,277,6,38,52,52,78,78,78,78,78,78,38,73,73],"floor_reached":57,"playtime":5660,"items_purged":["Strike_B","Strike_B","Strike_B"],"score":2934,"play_id":"aea44be5-692c-4884-b377-d054f4a3dbbe","local_time":"20190505185248","is_ascension_mode":true,"campfire_choices":[{"data":"Barrage","floor":7,"key":"SMITH"},{"data":"Coolheaded","floor":15,"key":"SMITH"},{"data":"Capacitor","floor":25,"key":"SMITH"},{"data":"Machine Learning","floor":27,"key":"SMITH"},{"data":"Ghostly","floor":29,"key":"SMITH"},{"data":"Defragment","floor":32,"key":"SMITH"},{"floor":41,"key":"DIG"},{"floor":47,"key":"DIG"},{"floor":49,"key":"RECALL"},{"floor":53,"key":"DIG"}],"neow_cost":"NONE","seed_source_timestamp":460781652516573,"circlet_count":0,"master_deck":["AscendersBane","Defend_B","Defend_B","Defend_B","Defend_B","Zap","Dualcast","Self Repair","Capacitor+1","Chill","Barrage+1","Coolheaded+1","Ball Lightning","Compile Driver+1","Go for the Eyes+1","Machine Learning+1","Doom and Gloom+1","Ghostly+1","Ghostly","Ghostly","Hologram","Sweeping Beam+1","Defragment+1","Creative AI","Doom and Gloom+1","Skim","Coolheaded","Steam Power+1","Loop","Reinforced Body"],"relics":["Cracked Core","Smiling Mask","Kunai","Torii","Molten Egg 2","Dream Catcher","Blood Vial","Velvet Choker","Incense Burner","Vajra","Ornamental Fan","MawBank","Bottled Tornado","Matryoshka","Coffee Dripper","Bronze Scales","Shovel","StoneCalendar","Lantern","Anchor","Frozen Eye","Ancient Tea Set","Potion Belt","Art of War","Cables","Happy Flower"],"potions_floor_usage":[6,11,11,33,55,56,56],"damage_taken":[{"damage":2,"enemies":"Small Slimes","floor":1,"turns":3},{"damage":0,"enemies":"Cultist","floor":3,"turns":3},{"damage":7,"enemies":"Jaw Worm","floor":4,"turns":4},{"damage":12,"enemies":"Lagavulin","floor":6,"turns":7},{"damage":7,"enemies":"3 Sentries","floor":8,"turns":11},{"damage":1,"enemies":"Exordium Thugs","floor":10,"turns":4},{"damage":9,"enemies":"Gremlin Nob","floor":11,"turns":3},{"damage":9,"enemies":"Looter","floor":14,"turns":3},{"damage":15,"enemies":"The Guardian","floor":16,"turns":10},{"damage":13,"enemies":"Spheric Guardian","floor":18,"turns":4},{"damage":20,"enemies":"3 Byrds","floor":22,"turns":4},{"damage":2,"enemies":"Slavers","floor":23,"turns":6},{"damage":3,"enemies":"Book of Stabbing","floor":28,"turns":6},{"damage":17,"enemies":"Snake Plant","floor":30,"turns":6},{"damage":6,"enemies":"Gremlin Leader","floor":31,"turns":6},{"damage":0,"enemies":"Collector","floor":33,"turns":9},{"damage":1,"enemies":"Orb Walker","floor":35,"turns":4},{"damage":1,"enemies":"3 Darklings","floor":37,"turns":5},{"damage":18,"enemies":"Giant Head","floor":40,"turns":10},{"damage":18,"enemies":"Reptomancer","floor":42,"turns":7},{"damage":1,"enemies":"Giant Head","floor":45,"turns":8},{"damage":0,"enemies":"4 Shapes","floor":46,"turns":6},{"damage":1,"enemies":"Nemesis","floor":48,"turns":7},{"damage":1,"enemies":"Time Eater","floor":50,"turns":20},{"damage":7,"enemies":"Awakened One","floor":51,"turns":17},{"damage":1,"enemies":"Shield and Spear","floor":55,"turns":9},{"damage":28,"enemies":"The Heart","floor":56,"turns":11}],"seed_played":"-1837064515810360699","potions_obtained":[{"floor":4,"key":"EssenceOfSteel"},{"floor":8,"key":"Energy Potion"},{"floor":10,"key":"Explosive Potion"},{"floor":11,"key":"Poison Potion"},{"floor":18,"key":"Dexterity Potion"},{"floor":23,"key":"Weak Potion"},{"floor":31,"key":"EssenceOfSteel"},{"floor":35,"key":"PowerPotion"},{"floor":40,"key":"GamblersBrew"},{"floor":55,"key":"SteroidPotion"}],"is_trial":false,"path_per_floor":["M","?","M","M","$","E","R","E","T","M","E","?","$","M","R","B",null,"M","?","?","T","M","E","T","R","T","R","E","R","M","E","R","B",null,"M","?","M","?","$","E","R","E","T","$","E","M","R","E","R","B","B",null,"R","$","E","B",null],"character_chosen":"DEFECT","items_purchased":["Chill","Barrage","AttackPotion","Compile Driver+1","Skim","Bronze Scales","Frozen Eye","Loop"],"campfire_rested":0,"item_purchase_floors":[5,5,5,13,39,39,44,54],"current_hp_per_floor":[62,62,62,62,62,57,57,57,57,63,61,61,61,61,61,55,67,63,35,35,35,22,29,29,29,29,29,35,35,25,28,28,35,35,35,35,35,33,33,24,24,15,15,15,23,32,32,35,35,35,35,35,35,35,35,14],"gold":73,"neow_bonus":"RANDOM_COMMON_RELIC","is_prod":false,"is_daily":false,"chose_seed":false,"campfire_upgraded":6,"win_rate":0,"timestamp":1557107568,"path_taken":["M","?","?","M","$","E","R","E","T","M","E","?","?","M","R","BOSS","M","?","?","?","M","E","?","R","T","R","E","R","M","E","R","BOSS","M","?","M","?","$","E","R","E","T","$","E","?","R","E","R","BOSS","BOSS","R","$","E","BOSS"],"build_version":"2019-04-23","purchased_purges":3,"victory":true,"max_hp_per_floor":[71,71,71,71,71,71,71,71,71,71,71,71,71,71,71,71,71,71,35,35,35,35,35,35,35,35,35,35,35,35,35,35,35,35,35,35,35,35,35,35,35,35,35,35,35,35,35,35,35,35,35,35,35,35,35,35],"card_choices":[{"not_picked":["Blizzard","Chaos"],"picked":"Ball Lightning","floor":1},{"not_picked":["Compile Driver","Leap"],"picked":"Self Repair","floor":3},{"not_picked":["Melter","Beam Cell"],"picked":"Capacitor","floor":4},{"not_picked":["Ball Lightning","Go for the Eyes"],"picked":"Coolheaded","floor":6},{"not_picked":["Double Energy","Hologram"],"picked":"Ball Lightning","floor":8},{"not_picked":["Skim","Rebound+1","Ball Lightning+1"],"picked":"SKIP","floor":10},{"not_picked":["Capacitor","Reprogram","Blizzard+1"],"picked":"SKIP","floor":11},{"not_picked":["Chaos","Coolheaded"],"picked":"Go for the Eyes+1","floor":14},{"not_picked":["Reboot","Thunder Strike+1"],"picked":"Machine Learning","floor":16},{"not_picked":["Genetic Algorithm+1","Steam"],"picked":"Doom and Gloom+1","floor":18},{"not_picked":["Capacitor","Rebound+1"],"picked":"Hologram","floor":22},{"not_picked":["Beam Cell+1","Chaos"],"picked":"Sweeping Beam+1","floor":23},{"not_picked":["Sweeping Beam+1","Chaos","Streamline+1"],"picked":"SKIP","floor":28},{"not_picked":["Go for the Eyes+1","Scrape+1","Redo"],"picked":"SKIP","floor":30},{"not_picked":["Aggregate","Barrage+1"],"picked":"Defragment","floor":31},{"not_picked":["Hyperbeam+1","Rainbow"],"picked":"Creative AI","floor":33},{"not_picked":["Streamline+1","Heatsinks","FTL+1"],"picked":"SKIP","floor":35},{"not_picked":["Gash+1","Sweeping Beam+1"],"picked":"Doom and Gloom+1","floor":37},{"not_picked":["Streamline+1","Stack","Turbo"],"picked":"SKIP","floor":40},{"not_picked":["Doom and Gloom+1","Ball Lightning+1"],"picked":"Coolheaded","floor":42},{"not_picked":["Lockon+1","Rebound+1"],"picked":"Steam Power+1","floor":45},{"not_picked":["Turbo","Rebound+1","Melter+1"],"picked":"SKIP","floor":46},{"not_picked":["Steam","Stack","Turbo+1"],"picked":"SKIP","floor":48},{"not_picked":["Cold Snap+1","Rainbow"],"picked":"Reinforced Body","floor":55}],"player_experience":6179999,"relics_obtained":[{"floor":6,"key":"Kunai"},{"floor":8,"key":"Torii"},{"floor":9,"key":"Molten Egg 2"},{"floor":11,"key":"Dream Catcher"},{"floor":21,"key":"Incense Burner"},{"floor":23,"key":"Vajra"},{"floor":24,"key":"Ornamental Fan"},{"floor":26,"key":"MawBank"},{"floor":28,"key":"Bottled Tornado"},{"floor":31,"key":"Matryoshka"},{"floor":40,"key":"Shovel"},{"floor":41,"key":"StoneCalendar"},{"floor":42,"key":"Lantern"},{"floor":43,"key":"Anchor"},{"floor":45,"key":"Ancient Tea Set"},{"floor":47,"key":"Potion Belt"},{"floor":48,"key":"Art of War"},{"floor":53,"key":"Cables"},{"floor":55,"key":"Happy Flower"}],"event_choices":[{"cards_removed":["Strike_B"],"damage_healed":0,"gold_gain":0,"player_choice":"Purged","damage_taken":0,"max_hp_gain":0,"max_hp_loss":0,"event_name":"Purifier","floor":2,"gold_loss":0},{"damage_healed":0,"gold_gain":0,"player_choice":"Gave Potion","damage_taken":0,"relics_obtained":["Blood Vial"],"max_hp_gain":0,"max_hp_loss":0,"event_name":"WeMeetAgain","floor":12,"gold_loss":0},{"damage_healed":0,"gold_gain":0,"player_choice":"Became a Ghost","damage_taken":0,"max_hp_gain":0,"max_hp_loss":36,"event_name":"Ghosts","floor":19,"gold_loss":0,"cards_obtained":["Ghostly","Ghostly","Ghostly"]},{"damage_healed":0,"gold_gain":0,"player_choice":"Ignored","damage_taken":0,"max_hp_gain":0,"max_hp_loss":0,"event_name":"The Mausoleum","floor":20,"gold_loss":0},{"cards_removed":["Ball Lightning"],"damage_healed":0,"gold_gain":0,"player_choice":"Removed Attack","damage_taken":0,"max_hp_gain":0,"max_hp_loss":0,"event_name":"Falling","floor":36,"gold_loss":0},{"damage_healed":0,"gold_gain":0,"player_choice":"Bought 0 Potions","damage_taken":0,"max_hp_gain":0,"max_hp_loss":0,"event_name":"The Woman in Blue","floor":38,"gold_loss":0}],"is_beta":true,"boss_relics":[{"not_picked":["Ectoplasm","Eternal Feather"],"picked":"Velvet Choker"},{"not_picked":["Tiny House","Sozu"],"picked":"Coffee Dripper"}],"items_purged_floors":[13,39,44],"is_endless":false,"potions_floor_spawned":[4,8,10,11,18,23,28,31,35,40,42,55],"ascension_level":20}