{"gold_per_floor":[11,27,40,56,69,69,87,114,196,227,14,14,14,38,38,167,167,192,69,88,112,112,153,166,204,227,270,195,234,234,249,249,375,375,394,419,434,457,790,790,816,226,277,277],"floor_reached":44,"playtime":2660,"items_purged":["Strike_R"],"score":610,"play_id":"7fff7e9f-d3e5-47c2-947d-b5f8f6bcc253","local_time":"20190510185253","is_ascension_mode":true,"campfire_choices":[{"data":"Bash","floor":6,"key":"SMITH"},{"floor":12,"key":"REST"},{"data":"Limit Break","floor":15,"key":"SMITH"},{"floor":30,"key":"REST"},{"data":"Offering","floor":32,"key":"SMITH"},{"data":"Offering","floor":40,"key":"SMITH"}],"neow_cost":"NO_GOLD","seed_source_timestamp":30234740170659,"circlet_count":0,"master_deck":["Strike_R","Strike_R","Strike_R","Defend_R","Defend_R","Defend_R","Defend_R","Bash+1","True Grit","Shrug It Off","Battle Trance","Iron Wave","Perfected Strike","Warcry","Inflame","Limit Break+1","Headbutt","Clothesline","Flame Barrier","Offering+1","Headbutt","Whirlwind","Whirlwind","Burning Pact","Spot Weakness+1","Berserk","Impervious","Reaper","Flex+1","Exhume","Offering+1"],"relics":["Burning Blood","Charon\u0027s Ashes","The Courier","Lantern","OrangePellets","Sozu","Nloth\u0027s Gift","Ginger","Happy Flower","Smiling Mask","Nunchaku","Bag of Preparation","Busted Crown","Juzu Bracelet","Self Forming Clay","Girya","Bronze Scales"],"potions_floor_usage":[10],"damage_taken":[{"damage":6,"enemies":"Cultist","floor":1,"turns":3},{"damage":6,"enemies":"2 Louse","floor":2,"turns":2},{"damage":5,"enemies":"Small Slimes","floor":3,"turns":3},{"damage":14,"enemies":"Gremlin Gang","floor":4,"turns":6},{"damage":4,"enemies":"Exordium Wildlife","floor":5,"turns":5},{"damage":6,"enemies":"3 Louse","floor":7,"turns":4},{"damage":38,"enemies":"Lagavulin","floor":8,"turns":7},{"damage":19,"enemies":"3 Sentries","floor":10,"turns":8},{"damage":5,"enemies":"2 Fungi Beasts","floor":14,"turns":3},{"damage":41,"enemies":"The Guardian","floor":16,"turns":12},{"damage":12,"enemies":"Shell Parasite","floor":18,"turns":5},{"damage":2,"enemies":"Chosen","floor":20,"turns":4},{"damage":6,"enemies":"Snecko","floor":21,"turns":4},{"damage":16,"enemies":"Gremlin Leader","floor":23,"turns":4},{"damage":0,"enemies":"Snake Plant","floor":24,"turns":3},{"damage":14,"enemies":"Slavers","floor":25,"turns":4},{"damage":42,"enemies":"Gremlin Leader","floor":27,"turns":5},{"damage":33,"enemies":"Book of Stabbing","floor":29,"turns":6},{"damage":0,"enemies":"3 Cultists","floor":31,"turns":1},{"damage":19,"enemies":"Collector","floor":33,"turns":6},{"damage":27,"enemies":"3 Darklings","floor":35,"turns":3},{"damage":0,"enemies":"Orb Walker","floor":36,"turns":2},{"damage":36,"enemies":"Maw","floor":37,"turns":4},{"damage":8,"enemies":"4 Shapes","floor":38,"turns":2},{"damage":12,"enemies":"Giant Head","floor":41,"turns":4},{"damage":123,"enemies":"Nemesis","floor":44,"turns":10}],"seed_played":"7094526069209143500","potions_obtained":[{"floor":4,"key":"BloodPotion"},{"floor":5,"key":"FairyPotion"},{"floor":8,"key":"AttackPotion"},{"floor":16,"key":"LiquidBronze"}],"is_trial":false,"path_per_floor":["M","M","M","M","M","R","M","E","T","E","$","R","?","M","R","B",null,"M","$","M","M","?","E","M","E","T","E","?","E","R","M","R","B",null,"M","M","M","M","?","R","E","$","T","E"],"character_chosen":"IRONCLAD","items_purchased":["OrangePellets","Headbutt","Clothesline","Whirlwind","Whirlwind","Self Forming Clay","Girya","Bronze Scales"],"campfire_rested":2,"item_purchase_floors":[11,11,11,19,19,42,42,42],"current_hp_per_floor":[80,80,80,72,74,74,74,42,42,29,29,53,53,54,54,19,74,68,68,72,72,72,62,68,60,60,40,40,13,35,41,41,44,74,74,74,74,72,72,72,74,74,74,0],"gold":277,"neow_bonus":"ONE_RARE_RELIC","is_prod":false,"is_daily":false,"chose_seed":false,"campfire_upgraded":4,"win_rate":0,"timestamp":1557507173,"path_taken":["M","?","M","?","M","R","M","E","T","E","$","R","?","M","R","BOSS","M","$","M","M","?","E","?","E","T","E","?","E","R","M","R","BOSS","M","M","M","M","?","R","E","$","T","E"],"build_version":"2019-01-23","purchased_purges":1,"victory":false,"max_hp_per_floor":[80,80,80,80,80,80,80,80,80,80,80,80,74,74,74,74,74,74,74,74,74,74,74,74,74,74,74,74,74,74,74,74,74,74,74,74,74,74,74,74,74,74,74,74],"card_choices":[{"not_picked":["Thunderclap","Perfected Strike"],"picked":"True Grit","floor":1},{"not_picked":["Iron Wave","Metallicize"],"picked":"Shrug It Off","floor":2},{"not_picked":["Clash","Headbutt"],"picked":"Battle Trance","floor":3},{"not_picked":["Shrug It Off","Twin Strike"],"picked":"Iron Wave","floor":4},{"not_picked":["Dual Wield","Exhume"],"picked":"Perfected Strike","floor":5},{"not_picked":["Infernal Blade","Flame Barrier"],"picked":"Warcry","floor":7},{"not_picked":["Twin Strike","Havoc"],"picked":"Inflame","floor":8},{"not_picked":["Combust","True Grit"],"picked":"Limit Break","floor":10},{"not_picked":["Anger","Iron Wave"],"picked":"Flame Barrier","floor":14},{"not_picked":["Double Tap","Juggernaut"],"picked":"Offering","floor":16},{"not_picked":["Clothesline+1","True Grit"],"picked":"Headbutt","floor":18},{"not_picked":["Anger+1","Cleave+1"],"picked":"Burning Pact","floor":20},{"not_picked":["Reaper","Clothesline"],"picked":"Spot Weakness+1","floor":21},{"not_picked":["Infernal Blade","Heavy Blade"],"picked":"Berserk","floor":23},{"not_picked":["Rampage","Shrug It Off+1"],"picked":"Impervious","floor":24},{"not_picked":["Dropkick","True Grit"],"picked":"Reaper","floor":25},{"not_picked":["Limit Break","Fire Breathing+1"],"picked":"Flex+1","floor":27},{"not_picked":["Power Through+1","True Grit","Combust"],"picked":"SKIP","floor":29},{"not_picked":["Flex","Anger+1","Bloodletting"],"picked":"SKIP","floor":31},{"not_picked":["Limit Break","Demon Form"],"picked":"Exhume","floor":33},{"not_picked":["Carnage"],"picked":"SKIP","floor":35},{"not_picked":["Havoc"],"picked":"SKIP","floor":36},{"not_picked":["Clothesline+1"],"picked":"SKIP","floor":37},{"not_picked":[],"picked":"Offering","floor":38},{"not_picked":["Metallicize"],"picked":"SKIP","floor":41}],"player_experience":353061,"relics_obtained":[{"floor":8,"key":"Du-Vu Doll"},{"floor":9,"key":"The Courier"},{"floor":10,"key":"Lantern"},{"floor":23,"key":"Ginger"},{"floor":25,"key":"Happy Flower"},{"floor":26,"key":"Smiling Mask"},{"floor":27,"key":"Nunchaku"},{"floor":29,"key":"Bag of Preparation"},{"floor":41,"key":"Juzu Bracelet"}],"event_choices":[{"damage_healed":0,"gold_gain":0,"player_choice":"Lose Max HP","damage_taken":0,"relics_obtained":["Golden Idol"],"max_hp_gain":0,"max_hp_loss":6,"event_name":"Golden Idol","floor":13,"gold_loss":0},{"damage_healed":0,"gold_gain":0,"player_choice":"Traded Relic","damage_taken":0,"relics_obtained":["Nloth\u0027s Gift"],"max_hp_gain":0,"max_hp_loss":0,"event_name":"N\u0027loth","floor":22,"relics_lost":["Du-Vu Doll"],"gold_loss":0},{"cards_removed":["Strike_R"],"damage_healed":0,"gold_gain":0,"player_choice":"Gave Gold","damage_taken":0,"max_hp_gain":0,"max_hp_loss":0,"event_name":"Beggar","floor":28,"gold_loss":75},{"damage_healed":0,"gold_gain":333,"player_choice":"Gave Idol","damage_taken":0,"max_hp_gain":0,"max_hp_loss":0,"event_name":"The Moai Head","floor":39,"relics_lost":["Golden Idol"],"gold_loss":0}],"is_beta":false,"boss_relics":[{"not_picked":["Ectoplasm","Runic Dome"],"picked":"Sozu"},{"not_picked":["Empty Cage","Philosopher\u0027s Stone"],"picked":"Busted Crown"}],"items_purged_floors":[42],"is_endless":false,"potions_floor_spawned":[4,5,8,16,18,23,24,33,36,37,41],"killed_by":"Nemesis","ascension_level":1}