{"gold_per_floor":[109,59,59,72,84,116,291,291,291,311,311,311,311,328,328,430,430,385,4,4,4,4,4,4,4,4,4,4,4,4,4,4,4],"floor_reached":33,"playtime":1581,"items_purged":[],"score":389,"play_id":"8ac86eb9-d9d2-4fa1-8308-1a6748f0cc70","local_time":"20190312024806","is_ascension_mode":true,"campfire_choices":[{"data":"Barrage","floor":11,"key":"SMITH"},{"data":"Doom and Gloom","floor":13,"key":"SMITH"},{"data":"Force Field","floor":15,"key":"SMITH"},{"data":"Multi-Cast","floor":23,"key":"SMITH"},{"floor":25,"key":"DIG"},{"floor":29,"key":"REST"},{"floor":32,"key":"DIG"}],"neow_cost":"NONE","seed_source_timestamp":746917816715593,"circlet_count":0,"master_deck":["Strike_B","Strike_B","Strike_B","Defend_B","Defend_B","Defend_B","Defend_B","Zap","Dualcast","Barrage+1","Force Field+1","Chill","Doom and Gloom+1","Lockon","Multi-Cast+1","Steam+1","Hello World","Rebound+1","Conserve Battery+1","Tempest+1","Streamline+1","Rebound+1","Undo"],"relics":["Cracked Core","Shovel","Mango","Ectoplasm","Chemical X","Red Mask","CultistMask","Smiling Mask","Mercury Hourglass","Bottled Flame","Pantograph","Bag of Preparation","Unceasing Top"],"potions_floor_usage":[1,6,6,16,20,22,22,24,30,31,33],"damage_taken":[{"damage":8,"enemies":"Small Slimes","floor":1,"turns":2},{"damage":5,"enemies":"Cultist","floor":4,"turns":4},{"damage":1,"enemies":"2 Louse","floor":5,"turns":3},{"damage":11,"enemies":"Gremlin Nob","floor":6,"turns":3},{"damage":5,"enemies":"Large Slime","floor":10,"turns":5},{"damage":0,"enemies":"Lots of Slimes","floor":14,"turns":1},{"damage":44,"enemies":"Slime Boss","floor":16,"turns":9},{"damage":18,"enemies":"2 Thieves","floor":18,"turns":4},{"damage":0,"enemies":"Masked Bandits","floor":20,"turns":2},{"damage":6,"enemies":"Spheric Guardian","floor":22,"turns":4},{"damage":20,"enemies":"Gremlin Leader","floor":24,"turns":6},{"damage":14,"enemies":"Centurion and Healer","floor":27,"turns":4},{"damage":20,"enemies":"Book of Stabbing","floor":28,"turns":4},{"damage":5,"enemies":"Slavers","floor":30,"turns":2},{"damage":17,"enemies":"Sentry and Sphere","floor":31,"turns":4},{"damage":74,"enemies":"Automaton","floor":33,"turns":6}],"seed_played":"-6804541952378806322","potions_obtained":[{"floor":0,"key":"SneckoOil"},{"floor":0,"key":"AttackPotion"},{"floor":0,"key":"LiquidBronze"},{"floor":1,"key":"SpeedPotion"},{"floor":4,"key":"FocusPotion"},{"floor":14,"key":"SkillPotion"},{"floor":20,"key":"Regen Potion"},{"floor":28,"key":"AttackPotion"},{"floor":30,"key":"PowerPotion"},{"floor":31,"key":"AttackPotion"}],"is_trial":false,"path_per_floor":["M","?","?","M","M","E","?","?","T","M","R","?","R","M","R","B",null,"M","$","?","?","M","R","E","R","T","M","E","R","E","M","R","B"],"character_chosen":"DEFECT","items_purchased":["Hello World","Chemical X","AttackPotion","Block Potion"],"campfire_rested":1,"item_purchase_floors":[19,19,19,19],"current_hp_per_floor":[67,67,67,62,61,50,50,50,64,59,59,99,99,99,99,55,99,81,81,81,81,87,87,67,67,67,53,33,62,57,40,40,0],"gold":4,"neow_bonus":"THREE_SMALL_POTIONS","is_prod":false,"is_daily":false,"chose_seed":false,"campfire_upgraded":4,"win_rate":0,"timestamp":1552373286,"path_taken":["M","?","?","?","M","E","?","?","T","M","R","?","R","?","R","BOSS","M","$","?","?","M","R","E","R","T","?","E","R","E","M","R","BOSS"],"build_version":"2019-01-23","purchased_purges":0,"victory":false,"max_hp_per_floor":[75,75,75,75,75,75,75,75,89,89,89,99,99,99,99,99,99,99,99,99,99,99,99,99,99,99,99,99,99,99,99,99,99],"card_choices":[{"not_picked":["FTL","Steam"],"picked":"Barrage","floor":1},{"not_picked":["Beam Cell","Cold Snap"],"picked":"Force Field","floor":4},{"not_picked":["Steam","Conserve Battery"],"picked":"Chill","floor":5},{"not_picked":["Auto Shields","Stack"],"picked":"Reboot","floor":6},{"not_picked":["Sunder","Conserve Battery"],"picked":"Doom and Gloom","floor":10},{"not_picked":["Cold Snap","Aggregate"],"picked":"Lockon","floor":14},{"not_picked":["Biased Cognition","Electrodynamics"],"picked":"Multi-Cast","floor":16},{"not_picked":["Recycle","Gash+1"],"picked":"Steam+1","floor":18},{"not_picked":["Cold Snap","Barrage"],"picked":"Rebound+1","floor":20},{"not_picked":["Recycle","Melter"],"picked":"Conserve Battery+1","floor":22},{"not_picked":["Lockon+1","Force Field"],"picked":"Tempest+1","floor":24},{"not_picked":["FTL","Sunder"],"picked":"Streamline+1","floor":27},{"not_picked":["Cold Snap","Reboot"],"picked":"Rebound+1","floor":28},{"not_picked":["Streamline","FTL","Stack"],"picked":"SKIP","floor":30},{"not_picked":["Rip and Tear","Doom and Gloom"],"picked":"Undo","floor":31}],"player_experience":1040685,"relics_obtained":[{"floor":6,"key":"Shovel"},{"floor":9,"key":"Mango"},{"floor":20,"key":"Red Mask"},{"floor":24,"key":"Smiling Mask"},{"floor":25,"key":"Mercury Hourglass"},{"floor":26,"key":"Bottled Flame"},{"floor":28,"key":"Pantograph"},{"floor":30,"key":"Bag of Preparation"},{"floor":32,"key":"Unceasing Top"}],"event_choices":[{"cards_removed":["Strike_B"],"damage_healed":0,"gold_gain":0,"player_choice":"Card Removal","damage_taken":0,"max_hp_gain":0,"max_hp_loss":0,"event_name":"The Cleric","floor":2,"gold_loss":50},{"damage_healed":0,"gold_gain":0,"player_choice":"Bought 0 Potions","damage_taken":0,"max_hp_gain":0,"max_hp_loss":0,"event_name":"The Woman in Blue","floor":3,"gold_loss":0},{"damage_healed":0,"gold_gain":175,"player_choice":"AGREE","damage_taken":0,"max_hp_gain":0,"max_hp_loss":0,"event_name":"Liars Game","floor":7,"gold_loss":0,"cards_obtained":["Doubt"]},{"cards_removed":["Doubt"],"damage_healed":0,"gold_gain":0,"player_choice":"Forget","damage_taken":0,"max_hp_gain":0,"max_hp_loss":0,"event_name":"Living Wall","floor":8,"gold_loss":0},{"cards_removed":["Reboot"],"damage_healed":30,"gold_gain":0,"player_choice":"Offered Rare","damage_taken":0,"max_hp_gain":10,"max_hp_loss":0,"event_name":"Bonfire Elementals","floor":12,"gold_loss":0},{"damage_healed":0,"gold_gain":0,"player_choice":"Fought Bandits","damage_taken":0,"max_hp_gain":0,"max_hp_loss":0,"event_name":"Masked Bandits","floor":20,"gold_loss":0},{"damage_healed":0,"gold_gain":0,"player_choice":"Trade","damage_taken":0,"relics_obtained":["CultistMask"],"max_hp_gain":0,"max_hp_loss":0,"event_name":"FaceTrader","floor":21,"gold_loss":0}],"is_beta":false,"boss_relics":[{"not_picked":["Calling Bell","Orrery"],"picked":"Ectoplasm"}],"items_purged_floors":[],"is_endless":false,"potions_floor_spawned":[1,4,14,20,28,30,31],"killed_by":"Automaton","ascension_level":4}