{"gold_per_floor":[111,127,127,127,138,138,138,148,148,161,171,187,218,218,218,318,318,330,330,342,342],"floor_reached":21,"playtime":937,"items_purged":[],"score":183,"play_id":"c8dd2c74-d447-434e-8c43-08a23904298e","local_time":"20190510233030","is_ascension_mode":false,"campfire_choices":[{"data":"Bash","floor":6,"key":"SMITH"},{"floor":15,"key":"REST"}],"neow_cost":"NONE","seed_source_timestamp":1191969550828791,"circlet_count":0,"master_deck":["Strike_R+1","Strike_R","Strike_R+1","Strike_R","Defend_R","Defend_R","Defend_R","Bash+1","Pommel Strike","Battle Trance","Shrug It Off","Pommel Strike","Feed","Spot Weakness+1","Sever Soul+1"],"relics":["Burning Blood","Shuriken","Letter Opener","Kunai","Empty Cage","Blue Candle"],"potions_floor_usage":[13,16,16],"damage_taken":[{"damage":11,"enemies":"Jaw Worm","floor":1,"turns":4},{"damage":0,"enemies":"Small Slimes","floor":2,"turns":3},{"damage":0,"enemies":"Cultist","floor":5,"turns":2},{"damage":20,"enemies":"Gremlin Gang","floor":8,"turns":5},{"damage":2,"enemies":"3 Louse","floor":10,"turns":4},{"damage":0,"enemies":"Red Slaver","floor":11,"turns":5},{"damage":12,"enemies":"Exordium Thugs","floor":12,"turns":5},{"damage":21,"enemies":"3 Sentries","floor":13,"turns":7},{"damage":6,"enemies":"Hexaghost","floor":16,"turns":8},{"damage":44,"enemies":"Shell Parasite","floor":18,"turns":6},{"damage":25,"enemies":"Spheric Guardian","floor":20,"turns":4},{"damage":39,"enemies":"Snake Plant","floor":21,"turns":5}],"seed_played":"2294622956540486141","potions_obtained":[{"floor":2,"key":"Energy Potion"},{"floor":11,"key":"Weak Potion"},{"floor":12,"key":"PowerPotion"},{"floor":13,"key":"PowerPotion"},{"floor":16,"key":"Poison Potion"}],"is_trial":false,"path_per_floor":["M","M","?","?","M","R","T","M","T","M","M","M","E","?","R","B",null,"M","T","M","M"],"character_chosen":"IRONCLAD","items_purchased":[],"campfire_rested":1,"item_purchase_floors":[],"current_hp_per_floor":[83,88,70,52,58,58,58,44,44,48,54,48,33,25,51,51,88,53,53,37,0],"gold":342,"neow_bonus":"TEN_PERCENT_HP_BONUS","is_prod":false,"is_daily":false,"chose_seed":false,"campfire_upgraded":1,"win_rate":0,"timestamp":1557502230,"path_taken":["M","M","?","?","?","R","?","?","T","M","M","M","E","?","R","BOSS","M","?","M","M"],"build_version":"2019-01-23","purchased_purges":0,"victory":false,"max_hp_per_floor":[88,88,88,88,88,88,88,88,88,88,88,88,88,88,88,88,88,91,91,94,94],"card_choices":[{"not_picked":["Intimidate","Cleave"],"picked":"Pommel Strike","floor":1},{"not_picked":["Twin Strike","Evolve","Sword Boomerang"],"picked":"SKIP","floor":2},{"not_picked":["Hemokinesis","Flex"],"picked":"Battle Trance","floor":5},{"not_picked":["Havoc","Iron Wave","Hemokinesis"],"picked":"SKIP","floor":8},{"not_picked":["Blood for Blood","Twin Strike","Infernal Blade"],"picked":"SKIP","floor":10},{"not_picked":["Havoc","Body Slam"],"picked":"Shrug It Off","floor":11},{"not_picked":["Wild Strike","Corruption","Flex"],"picked":"SKIP","floor":12},{"not_picked":["Offering","Thunderclap"],"picked":"Pommel Strike","floor":13},{"not_picked":["Dark Embrace","Double Tap"],"picked":"Feed","floor":16},{"not_picked":["Metallicize","Pommel Strike"],"picked":"Spot Weakness+1","floor":18},{"not_picked":["Dropkick","Wild Strike"],"picked":"Sever Soul+1","floor":20}],"player_experience":507132,"relics_obtained":[{"floor":9,"key":"Letter Opener"},{"floor":13,"key":"Kunai"},{"floor":19,"key":"Blue Candle"}],"event_choices":[{"damage_healed":0,"gold_gain":0,"player_choice":"Success","damage_taken":18,"relics_obtained":["Shuriken"],"max_hp_gain":0,"max_hp_loss":0,"event_name":"Scrap Ooze","floor":3,"gold_loss":0},{"damage_healed":0,"gold_gain":0,"player_choice":"Entered Light","damage_taken":18,"max_hp_gain":0,"max_hp_loss":0,"event_name":"Shining Light","floor":4,"gold_loss":0,"cards_upgraded":["Strike_R","Strike_R"]},{"damage_healed":0,"gold_gain":0,"player_choice":"Damaged","damage_taken":8,"max_hp_gain":0,"max_hp_loss":0,"event_name":"Wheel of Change","floor":14,"gold_loss":0}],"is_beta":false,"boss_relics":[{"not_picked":["Astrolabe","Cursed Key"],"picked":"Empty Cage"}],"items_purged_floors":[],"is_endless":false,"potions_floor_spawned":[2,11,12,13,16],"killed_by":"Snake Plant","ascension_level":0}