{"gold_per_floor":[116,135,285,305,324,324,335,335,361,361,361,12,12,44,44,123,123,139,139,158,158],"floor_reached":21,"playtime":3555,"items_purged":["Doubt"],"score":358,"play_id":"13530cb5-ed1f-473f-9614-80f1cc5fce32","local_time":"20190428205619","is_ascension_mode":true,"campfire_choices":[{"data":"Feel No Pain","floor":6,"key":"SMITH"},{"data":"Seeing Red","floor":8,"key":"SMITH"},{"data":"Spot Weakness","floor":10,"key":"SMITH"},{"data":"Anger","floor":13,"key":"SMITH"},{"data":"Headbutt","floor":15,"key":"SMITH"}],"neow_cost":"NONE","seed_source_timestamp":525690028856300,"circlet_count":0,"master_deck":["AscendersBane","Strike_R","Strike_R","Strike_R","Strike_R+1","Strike_R","Defend_R","Defend_R","Defend_R+1","Defend_R","Bash+1","Seeing Red+1","Headbutt+1","Spot Weakness+1","Feel No Pain+1","Anger+1","Offering","Burning Pact","Clothesline+1"],"relics":["Burning Blood","Ancient Tea Set","Frozen Egg 2","Strawberry","Fusion Hammer"],"potions_floor_usage":[4,14,16,21,21],"damage_taken":[{"damage":12,"enemies":"Small Slimes","floor":1,"turns":3},{"damage":9,"enemies":"2 Louse","floor":2,"turns":4},{"damage":2,"enemies":"Cultist","floor":4,"turns":4},{"damage":22,"enemies":"Blue Slaver","floor":5,"turns":6},{"damage":15,"enemies":"2 Fungi Beasts","floor":7,"turns":4},{"damage":16,"enemies":"3 Sentries","floor":14,"turns":7},{"damage":8,"enemies":"Hexaghost","floor":16,"turns":7},{"damage":27,"enemies":"Spheric Guardian","floor":18,"turns":4},{"damage":18,"enemies":"Shell Parasite","floor":20,"turns":2},{"damage":21,"enemies":"Cultist and Chosen","floor":21,"turns":4}],"seed_played":"2611580361118563566","potions_obtained":[{"floor":1,"key":"GamblersBrew"},{"floor":2,"key":"PowerPotion"},{"floor":7,"key":"Regen Potion"},{"floor":14,"key":"SpeedPotion"},{"floor":16,"key":"Ancient Potion"}],"is_trial":false,"path_per_floor":["M","M","?","M","M","R","M","R","T","R","?","$","R","E","R","B",null,"M","?","M","M"],"character_chosen":"IRONCLAD","items_purchased":["Frozen Egg 2"],"campfire_rested":0,"item_purchase_floors":[12],"current_hp_per_floor":[62,59,59,63,47,47,38,38,38,38,15,15,15,27,27,25,68,47,23,11,0],"gold":158,"neow_bonus":"UPGRADE_CARD","is_prod":false,"is_daily":false,"chose_seed":false,"campfire_upgraded":5,"win_rate":0,"timestamp":1556499379,"path_taken":["M","M","?","M","M","R","M","R","T","R","?","$","R","E","R","BOSS","M","?","M","M"],"build_version":"2019-01-23","purchased_purges":1,"victory":false,"max_hp_per_floor":[75,75,75,75,75,75,75,75,75,75,75,75,75,82,82,82,82,82,87,87,87],"card_choices":[{"not_picked":["Thunderclap","Second Wind"],"picked":"Seeing Red","floor":1},{"not_picked":["Headbutt","Havoc","Intimidate"],"picked":"SKIP","floor":2},{"not_picked":["Havoc","Intimidate"],"picked":"Headbutt","floor":2},{"not_picked":["Iron Wave","Dropkick"],"picked":"Spot Weakness","floor":4},{"not_picked":["Havoc","Clash"],"picked":"Feel No Pain","floor":5},{"not_picked":["Clash","Perfected Strike"],"picked":"Anger","floor":7},{"not_picked":["Armaments","Perfected Strike","Dual Wield"],"picked":"SKIP","floor":14},{"not_picked":["Reaper","Fiend Fire"],"picked":"Offering","floor":16},{"not_picked":["Headbutt","Clash"],"picked":"Burning Pact","floor":18},{"not_picked":["Thunderclap","Twin Strike"],"picked":"Clothesline+1","floor":20}],"player_experience":2054310,"relics_obtained":[{"floor":9,"key":"Ancient Tea Set"},{"floor":14,"key":"Strawberry"}],"event_choices":[{"damage_healed":0,"gold_gain":150,"player_choice":"AGREE","damage_taken":0,"max_hp_gain":0,"max_hp_loss":0,"event_name":"Liars Game","floor":3,"gold_loss":0,"cards_obtained":["Doubt"]},{"damage_healed":0,"gold_gain":0,"player_choice":"Entered Light","damage_taken":23,"max_hp_gain":0,"max_hp_loss":0,"event_name":"Shining Light","floor":11,"gold_loss":0,"cards_upgraded":["Defend_R","Strike_R"]},{"damage_healed":0,"gold_gain":0,"player_choice":"Shed Blood","damage_taken":29,"max_hp_gain":5,"max_hp_loss":0,"event_name":"Forgotten Altar","floor":19,"gold_loss":0}],"is_beta":false,"boss_relics":[{"not_picked":["Eternal Feather","Philosopher\u0027s Stone"],"picked":"Fusion Hammer"}],"items_purged_floors":[12],"is_endless":false,"potions_floor_spawned":[1,2,7,14,16,18],"killed_by":"Cultist and Chosen","ascension_level":20}