{"gold_per_floor":[113,130,141,104,104,136,136,150,150,150,175,175,175,210,210,210],"floor_reached":16,"playtime":527,"items_purged":[],"score":236,"play_id":"138a8f69-e42d-443b-9bd0-4509ec1792ba","local_time":"20190330044448","is_ascension_mode":true,"campfire_choices":[{"data":"Defragment","floor":7,"key":"SMITH"},{"data":"Go for the Eyes","floor":10,"key":"SMITH"},{"data":"Dualcast","floor":13,"key":"SMITH"},{"data":"Rip and Tear","floor":15,"key":"SMITH"}],"neow_cost":"NONE","seed_source_timestamp":1134745692144070,"circlet_count":0,"master_deck":["AscendersBane","Strike_B","Strike_B","Strike_B","Strike_B","Defend_B","Defend_B+1","Defend_B+1","Defend_B","Zap+1","Dualcast+1","Rip and Tear","Defragment+1","Go for the Eyes+1","Rip and Tear+1","Conserve Battery","Genetic Algorithm","Undo","BootSequence"],"relics":["Cracked Core","NeowsBlessing","Juzu Bracelet","War Paint","Question Card","Shuriken"],"potions_floor_usage":[11,14,14],"damage_taken":[{"damage":0,"enemies":"Cultist","floor":1,"turns":1},{"damage":0,"enemies":"Small Slimes","floor":2,"turns":1},{"damage":0,"enemies":"2 Louse","floor":3,"turns":1},{"damage":30,"enemies":"3 Sentries","floor":6,"turns":7},{"damage":2,"enemies":"2 Fungi Beasts","floor":8,"turns":3},{"damage":8,"enemies":"Gremlin Nob","floor":11,"turns":3},{"damage":11,"enemies":"3 Sentries","floor":14,"turns":6},{"damage":18,"enemies":"Hexaghost","floor":16,"turns":9}],"seed_played":"-3184009246138901485","potions_obtained":[{"floor":1,"key":"FearPotion"},{"floor":2,"key":"FearPotion"},{"floor":6,"key":"Explosive Potion"},{"floor":11,"key":"Energy Potion"}],"is_trial":false,"path_per_floor":["M","M","M","$","?","E","R","M","T","R","E","?","R","E","R","B"],"character_chosen":"DEFECT","items_purchased":["Rip and Tear"],"campfire_rested":0,"item_purchase_floors":[4],"current_hp_per_floor":[64,64,64,64,69,39,39,37,37,37,29,29,29,18,18,0],"gold":210,"neow_bonus":"THREE_ENEMY_KILL","is_prod":false,"is_daily":false,"chose_seed":false,"campfire_upgraded":4,"win_rate":0,"timestamp":1553935488,"path_taken":["M","?","M","?","?","E","R","M","T","R","E","?","R","E","R","BOSS"],"build_version":"2019-01-23","purchased_purges":0,"victory":false,"max_hp_per_floor":[71,71,71,71,76,76,76,76,76,76,76,76,76,76,76,76],"card_choices":[{"not_picked":["Fusion","Hologram"],"picked":"Rip and Tear","floor":1},{"not_picked":["Genetic Algorithm","Steam Power"],"picked":"Defragment","floor":2},{"not_picked":["Blizzard","Hologram"],"picked":"Go for the Eyes","floor":3},{"not_picked":["Gash","Blizzard"],"picked":"Conserve Battery","floor":6},{"not_picked":["Steam","Static Discharge"],"picked":"Genetic Algorithm","floor":8},{"not_picked":["Turbo","Scrape"],"picked":"Undo","floor":11},{"not_picked":["Recycle","Auto Shields","Skim"],"picked":"BootSequence","floor":14}],"player_experience":1494996,"relics_obtained":[{"floor":6,"key":"Juzu Bracelet"},{"floor":9,"key":"War Paint"},{"floor":11,"key":"Question Card"},{"floor":14,"key":"Shuriken"}],"event_choices":[{"damage_healed":0,"gold_gain":0,"player_choice":"Donut","damage_taken":0,"max_hp_gain":5,"max_hp_loss":0,"event_name":"Big Fish","floor":5,"gold_loss":0},{"damage_healed":0,"gold_gain":0,"player_choice":"Grow","damage_taken":0,"max_hp_gain":0,"max_hp_loss":0,"event_name":"Living Wall","floor":12,"gold_loss":0,"cards_upgraded":["Zap"]}],"is_beta":false,"boss_relics":[],"items_purged_floors":[],"is_endless":false,"potions_floor_spawned":[1,2,6,11],"killed_by":"Hexaghost","ascension_level":20}