{"gold_per_floor":[119,134,152,152,152,152,168,168,168,183,26,46,77,77,77,154,154,169,180,180,195,209,209,239,251,251,251,251,277,277,301,301,301],"floor_reached":33,"playtime":1742,"items_purged":[],"score":620,"play_id":"5cb57761-7bcb-4155-b3b6-6c2d9a26f385","local_time":"20190430035410","is_ascension_mode":true,"campfire_choices":[{"data":"Bash","floor":6,"key":"SMITH"},{"data":"Feed","floor":8,"key":"SMITH"},{"data":"Metallicize","floor":15,"key":"SMITH"},{"floor":23,"key":"REST"},{"data":"Shockwave","floor":27,"key":"SMITH"},{"floor":30,"key":"REST"},{"floor":32,"key":"RECALL"}],"neow_cost":"NONE","seed_source_timestamp":639288815490078,"circlet_count":0,"master_deck":["AscendersBane","Strike_R+1","Strike_R","Strike_R","Strike_R","Defend_R","Defend_R","Defend_R","Defend_R+1","Bash+1","Headbutt","Metallicize+1","Battle Trance","Feed+1","Shockwave+1","Offering","Clothesline+1","Shrug It Off","Shrug It Off","Decay"],"relics":["Burning Blood","Bag of Marbles","PreservedInsect","Odd Mushroom","Bottled Tornado","Paper Frog","Sozu","Bird Faced Urn","Pear","Blood Vial"],"potions_floor_usage":[10,13,16,29],"damage_taken":[{"damage":24,"enemies":"Jaw Worm","floor":1,"turns":9},{"damage":4,"enemies":"Small Slimes","floor":2,"turns":4},{"damage":2,"enemies":"2 Louse","floor":3,"turns":4},{"damage":4,"enemies":"Looter","floor":7,"turns":3},{"damage":8,"enemies":"Red Slaver","floor":10,"turns":5},{"damage":19,"enemies":"The Mushroom Lair","floor":12,"turns":6},{"damage":12,"enemies":"3 Sentries","floor":13,"turns":5},{"damage":15,"enemies":"The Guardian","floor":16,"turns":14},{"damage":9,"enemies":"Shell Parasite","floor":18,"turns":4},{"damage":18,"enemies":"Spheric Guardian","floor":19,"turns":4},{"damage":19,"enemies":"Chosen and Byrds","floor":21,"turns":6},{"damage":17,"enemies":"3 Cultists","floor":22,"turns":6},{"damage":23,"enemies":"Book of Stabbing","floor":24,"turns":4},{"damage":22,"enemies":"Snake Plant","floor":25,"turns":6},{"damage":17,"enemies":"Slavers","floor":29,"turns":5},{"damage":132,"enemies":"Automaton","floor":33,"turns":14}],"seed_played":"-534467142599264259","potions_obtained":[{"floor":1,"key":"GamblersBrew"},{"floor":7,"key":"Dexterity Potion"},{"floor":12,"key":"SteroidPotion"},{"floor":16,"key":"Block Potion"}],"is_trial":false,"path_per_floor":["M","M","M","?","?","R","M","R","T","M","$","?","E","T","R","B",null,"M","M","?","M","M","R","E","M","T","R","?","E","R","T","R","B"],"character_chosen":"IRONCLAD","items_purchased":["PreservedInsect"],"campfire_rested":2,"item_purchase_floors":[11],"current_hp_per_floor":[57,59,63,38,31,31,33,33,33,35,35,26,24,24,24,15,74,75,67,67,58,51,84,71,61,71,71,71,66,105,105,105,0],"gold":301,"neow_bonus":"TEN_PERCENT_HP_BONUS","is_prod":false,"is_daily":false,"chose_seed":false,"campfire_upgraded":4,"win_rate":0,"timestamp":1556610850,"path_taken":["M","M","M","?","?","R","M","R","T","M","$","?","E","?","R","BOSS","M","M","?","?","M","R","E","M","T","R","?","E","R","?","R","BOSS"],"build_version":"2019-01-23","purchased_purges":0,"victory":false,"max_hp_per_floor":[82,82,82,82,82,82,82,82,82,86,86,90,94,94,94,94,94,98,102,102,106,110,110,114,118,128,128,128,132,132,132,132,132],"card_choices":[{"not_picked":["Iron Wave","Sentinel"],"picked":"Headbutt","floor":1},{"not_picked":["Sword Boomerang","Pommel Strike"],"picked":"Metallicize","floor":2},{"not_picked":["Heavy Blade","Intimidate"],"picked":"Battle Trance","floor":3},{"not_picked":["Havoc","Ghostly Armor"],"picked":"Feed","floor":7},{"not_picked":["Body Slam","Thunderclap","Cleave"],"picked":"SKIP","floor":10},{"not_picked":["Armaments","Clothesline"],"picked":"Shockwave","floor":12},{"not_picked":["Sword Boomerang","Anger","Searing Blow"],"picked":"SKIP","floor":13},{"not_picked":["Barricade","Limit Break"],"picked":"Offering","floor":16},{"not_picked":["Sever Soul+1","Headbutt"],"picked":"Clothesline","floor":18},{"not_picked":["Evolve","Cleave","True Grit"],"picked":"SKIP","floor":19},{"not_picked":["True Grit","Dual Wield","Whirlwind"],"picked":"SKIP","floor":21},{"not_picked":["Clothesline","Second Wind"],"picked":"Shrug It Off","floor":22},{"not_picked":["Intimidate","Sword Boomerang","Bloodletting"],"picked":"SKIP","floor":24},{"not_picked":["Thunderclap","Blood for Blood"],"picked":"Shrug It Off","floor":25},{"not_picked":["Heavy Blade","Twin Strike+1","Second Wind"],"picked":"SKIP","floor":29}],"player_experience":2134772,"relics_obtained":[{"floor":9,"key":"Bag of Marbles"},{"floor":12,"key":"Odd Mushroom"},{"floor":13,"key":"Bottled Tornado"},{"floor":14,"key":"Paper Frog"},{"floor":24,"key":"Bird Faced Urn"},{"floor":26,"key":"Pear"},{"floor":29,"key":"Blood Vial"}],"event_choices":[{"damage_healed":0,"gold_gain":0,"player_choice":"Entered Light","damage_taken":25,"max_hp_gain":0,"max_hp_loss":0,"event_name":"Shining Light","floor":4,"gold_loss":0,"cards_upgraded":["Strike_R","Defend_R"]},{"cards_removed":["Strike_R"],"damage_healed":0,"gold_gain":0,"player_choice":"Card Removal","damage_taken":7,"max_hp_gain":0,"max_hp_loss":0,"event_name":"Golden Wing","floor":5,"gold_loss":0},{"damage_healed":0,"gold_gain":0,"player_choice":"Fought Mushrooms","damage_taken":0,"max_hp_gain":0,"max_hp_loss":0,"event_name":"Mushrooms","floor":12,"gold_loss":0},{"damage_healed":0,"gold_gain":0,"player_choice":"Upgraded","damage_taken":0,"max_hp_gain":0,"max_hp_loss":0,"event_name":"Upgrade Shrine","floor":20,"gold_loss":0,"cards_upgraded":["Clothesline"]},{"damage_healed":0,"gold_gain":0,"player_choice":"Smashed Altar","damage_taken":0,"max_hp_gain":0,"max_hp_loss":0,"event_name":"Forgotten Altar","floor":28,"gold_loss":0,"cards_obtained":["Decay"]}],"is_beta":false,"boss_relics":[{"not_picked":["White Beast Statue","Mark of Pain"],"picked":"Sozu"}],"items_purged_floors":[],"is_endless":false,"potions_floor_spawned":[1,7,12,16,21,24,25,29],"killed_by":"Automaton","ascension_level":20}