{"gold_per_floor":[111,111,36,36,49,82,82,8,8,8,19,19,48,48,48,125,125,139,139,149,99,112,112,125,125,182,182,193,5,24,41,41,115,115,126,126,144,164,8,8],"floor_reached":40,"playtime":1798,"items_purged":["Bite"],"score":825,"play_id":"e7406051-9ee7-490f-9db3-ab01cfe16e9c","local_time":"20180924175511","is_ascension_mode":true,"campfire_choices":[{"data":"Zap","floor":10,"key":"SMITH"},{"data":"Defragment","floor":12,"key":"SMITH"},{"data":"Seek","floor":15,"key":"SMITH"},{"data":"Loop","floor":23,"key":"SMITH"},{"data":"Buffer","floor":25,"key":"SMITH"},{"data":"Bite","floor":27,"key":"PURGE"},{"data":"Loop","floor":32,"key":"SMITH"}],"neow_cost":"NONE","seed_source_timestamp":198936490234592,"circlet_count":0,"master_deck":["Defend_B","Defend_B","Defend_B","Defend_B","Zap+1","Dualcast","AscendersBane","Glacier","Sweeping Beam","Coolheaded","Defragment+1","Cold Snap","Seek+1","Buffer+1","Capacitor+1","Bite","Bite","Bite","Cold Snap","Loop+1","Conserve Battery","Loop+1","Panache","Redo","Hologram","Core Surge","Conserve Battery","Magnetism","Finesse","Chrysalis","Coolheaded+1","Flash of Steel"],"relics":["FrozenCore","NeowsBlessing","The Courier","Strawberry","Cables","Peace Pipe","Kunai","Tiny Chest","Cursed Key"],"potions_floor_usage":[13,28],"damage_taken":[{"damage":0,"enemies":"2 Louse","floor":1,"turns":1},{"damage":0,"enemies":"Jaw Worm","floor":5,"turns":1},{"damage":0,"enemies":"3 Sentries","floor":6,"turns":1},{"damage":3,"enemies":"Small Slimes","floor":11,"turns":3},{"damage":0,"enemies":"Lagavulin","floor":13,"turns":9},{"damage":15,"enemies":"Slime Boss","floor":16,"turns":16},{"damage":6,"enemies":"Shell Parasite","floor":18,"turns":16},{"damage":21,"enemies":"3 Byrds","floor":20,"turns":7},{"damage":0,"enemies":"Snecko","floor":22,"turns":12},{"damage":3,"enemies":"Centurion and Healer","floor":24,"turns":14},{"damage":18,"enemies":"Shelled Parasite and Fungi","floor":28,"turns":11},{"damage":0,"enemies":"Sentry and Sphere","floor":30,"turns":10},{"damage":4,"enemies":"Centurion and Healer","floor":31,"turns":15},{"damage":33,"enemies":"Collector","floor":33,"turns":20},{"damage":0,"enemies":"Orb Walker","floor":35,"turns":7},{"damage":9,"enemies":"3 Shapes","floor":37,"turns":11},{"damage":12,"enemies":"Spire Growth","floor":38,"turns":9},{"damage":53,"enemies":"2 Orb Walkers","floor":40,"turns":4}],"seed_played":"7154976919343109358","potions_obtained":[{"floor":1,"key":"LiquidBronze"},{"floor":13,"key":"Dexterity Potion"},{"floor":22,"key":"Poison Potion"},{"floor":24,"key":"Regen Potion"},{"floor":28,"key":"Dexterity Potion"}],"is_trial":false,"path_per_floor":["M","?","?","?","M","E","?","$","T","R","M","R","E","T","R","B",null,"M","?","M","?","M","R","M","R","T","R","M","$","M","M","R","B",null,"M","?","M","M","$"],"character_chosen":"DEFECT","items_purchased":["Defragment","Panache","Flash of Steel"],"campfire_rested":0,"item_purchase_floors":[8,29,39],"current_hp_per_floor":[64,53,53,71,71,78,78,78,78,78,75,75,75,75,75,60,74,68,54,47,47,54,54,54,54,54,54,54,54,54,54,54,35,49,54,44,45,52,52,0],"gold":8,"neow_bonus":"THREE_ENEMY_KILL","is_prod":false,"is_daily":false,"chose_seed":false,"campfire_upgraded":6,"win_rate":0,"timestamp":1537836911,"path_taken":["M","?","?","?","?","E","?","$","T","R","M","R","E","?","R","BOSS","M","?","M","?","M","R","M","R","T","R","M","$","?","M","R","BOSS","M","?","M","M","$","E"],"build_version":"2018-09-20","purchased_purges":1,"victory":false,"max_hp_per_floor":[71,71,71,71,71,78,78,78,78,78,78,78,78,78,78,78,78,78,54,54,54,54,54,54,54,54,54,54,54,54,54,54,54,54,54,54,54,54,54,54],"card_choices":[{"not_picked":["Streamline","Hologram"],"picked":"Glacier","floor":1},{"not_picked":["Streamline","Storm"],"picked":"Sweeping Beam","floor":5},{"not_picked":["Turbo","Beam Cell"],"picked":"Coolheaded","floor":6},{"not_picked":["Go for the Eyes","Compile Driver"],"picked":"Cold Snap","floor":11},{"not_picked":["Glacier","Chill"],"picked":"Seek","floor":13},{"not_picked":["Machine Learning","Meteor Strike"],"picked":"Buffer","floor":16},{"not_picked":["Leap","Glacier"],"picked":"Capacitor+1","floor":18},{"not_picked":["Streamline","Rebound"],"picked":"Cold Snap","floor":20},{"not_picked":["Go for the Eyes","Reprogram+1"],"picked":"Loop","floor":22},{"not_picked":["Coolheaded","Amplify"],"picked":"Conserve Battery","floor":24},{"not_picked":["Beam Cell","Leap"],"picked":"Loop","floor":28},{"not_picked":["Rip and Tear+1","Gash"],"picked":"Redo","floor":30},{"not_picked":["BootSequence","Storm"],"picked":"Hologram","floor":31},{"not_picked":["Meteor Strike","Machine Learning"],"picked":"Core Surge","floor":33},{"not_picked":["Redo","Coolheaded"],"picked":"Conserve Battery","floor":35},{"not_picked":["Discovery","Master of Strategy"],"picked":"Magnetism","floor":36},{"not_picked":["Mind Blast","Magnetism"],"picked":"Finesse","floor":36},{"not_picked":["The Bomb","Swift Strike"],"picked":"Chrysalis","floor":36},{"not_picked":["Ball Lightning","Reprogram"],"picked":"Coolheaded+1","floor":37},{"not_picked":["Compile Driver","Beam Cell+1","Rebound"],"picked":"SKIP","floor":38}],"player_experience":930058,"relics_obtained":[{"floor":6,"key":"Strawberry"},{"floor":9,"key":"Cables"},{"floor":13,"key":"Peace Pipe"},{"floor":14,"key":"Kunai"},{"floor":26,"key":"Tiny Chest"}],"event_choices":[{"event_name":"Scrap Ooze","player_choice":"success","floor":2,"damage_taken":11},{"event_name":"The Cleric","player_choice":"Card Removal","floor":3,"damage_taken":0},{"event_name":"Big Fish","player_choice":"Banana","floor":4,"damage_taken":0},{"event_name":"Dead Adventurer","player_choice":"Searched \u00270\u0027 times","floor":7,"damage_taken":0},{"event_name":"Vampires","player_choice":"Became a vampire","floor":19,"damage_taken":0},{"event_name":"The Joust","player_choice":"Bet on Murderer","floor":21,"damage_taken":0},{"event_name":"SensoryStone","player_choice":"Memory 3","floor":36,"damage_taken":0}],"is_beta":true,"boss_relics":[{"not_picked":["White Beast Statue","Calling Bell"],"picked":"FrozenCore"},{"not_picked":["Snecko Eye","Busted Crown"],"picked":"Cursed Key"}],"items_purged_floors":[39],"is_endless":false,"potions_floor_spawned":[1,13,22,24,28,38],"killed_by":"2 Orb Walkers","ascension_level":17}