{"gold_per_floor":[118,138,118,14,28,28,55,55,55,75,101,117,151,38,38,112,112,122,17,17,17,17,47,47,81,81,145,145,164,164,174,174,251,251,266,276,293,293,304,304],"floor_reached":40,"playtime":2958,"items_purged":[],"score":1153,"play_id":"9d0d298d-771d-45d9-84d0-8d9429d3065c","local_time":"20190430063940","is_ascension_mode":true,"campfire_choices":[{"data":"Poisoned Stab","floor":6.0,"key":"SMITH"},{"data":"Masterful Stab","floor":8.0,"key":"SMITH"},{"data":"Malaise","floor":15.0,"key":"SMITH"},{"data":"After Image","floor":24.0,"key":"SMITH"},{"data":"Noxious Fumes","floor":28.0,"key":"SMITH"},{"data":"Neutralize","floor":32.0,"key":"SMITH"}],"neow_cost":"NONE","seed_source_timestamp":647826254649876,"circlet_count":0,"master_deck":["AscendersBane","Defend_G","Defend_G","Defend_G","Defend_G","Defend_G","Survivor","Neutralize+1","Caltrops","Poisoned Stab+1","Masterful Stab+1","Malaise+1","Dash","Dagger Spray+1","Backflip","After Image+1","Blur","Noxious Fumes+1","Poisoned Stab+1","Bite+1","Bite+1","Bite+1","Bite+1","Bite+1","Backflip","Dodge and Roll","Poisoned Stab+1","After Image","PiercingWail","Finisher+1"],"special_seed":0,"relics":["Ring of the Snake","Letter Opener","Pen Nib","Bottled Flame","Molten Egg 2","Sozu","Matryoshka","Dodecahedron","The Courier","Lantern","Tiny Chest","Busted Crown"],"potions_floor_usage":[],"damage_taken":[{"damage":1.0,"enemies":"2 Louse","floor":1.0,"turns":3.0},{"damage":3.0,"enemies":"Cultist","floor":2.0,"turns":5.0},{"damage":0.0,"enemies":"Small Slimes","floor":5.0,"turns":3.0},{"damage":30.0,"enemies":"Lagavulin","floor":7.0,"turns":7.0},{"damage":2.0,"enemies":"Blue Slaver","floor":10.0,"turns":3.0},{"damage":9.0,"enemies":"Gremlin Nob","floor":11.0,"turns":4.0},{"damage":10.0,"enemies":"Exordium Thugs","floor":12.0,"turns":4.0},{"damage":5.0,"enemies":"3 Sentries","floor":13.0,"turns":7.0},{"damage":0.0,"enemies":"The Guardian","floor":16.0,"turns":11.0},{"damage":16.0,"enemies":"Shell Parasite","floor":18.0,"turns":5.0},{"damage":11.0,"enemies":"Book of Stabbing","floor":23.0,"turns":6.0},{"damage":0.0,"enemies":"Gremlin Leader","floor":25.0,"turns":6.0},{"damage":0.0,"enemies":"Book of Stabbing","floor":27.0,"turns":5.0},{"damage":0.0,"enemies":"2 Thieves","floor":29.0,"turns":3.0},{"damage":0.0,"enemies":"Centurion and Healer","floor":31.0,"turns":6.0},{"damage":60.0,"enemies":"Collector","floor":33.0,"turns":12.0},{"damage":1.0,"enemies":"Orb Walker","floor":35.0,"turns":3.0},{"damage":8.0,"enemies":"3 Darklings","floor":36.0,"turns":6.0},{"damage":24.0,"enemies":"Spire Growth","floor":37.0,"turns":6.0},{"damage":8.0,"enemies":"4 Shapes","floor":39.0,"turns":10.0},{"damage":76,"enemies":"Giant Head","floor":40,"turns":8}],"seed_played":"2445654853520875329","potions_obtained":[{"floor":2.0,"key":"SpeedPotion"},{"floor":3.0,"key":"SkillPotion"},{"floor":7.0,"key":"GamblersBrew"},{"floor":11.0,"key":"PowerPotion"},{"floor":13.0,"key":"PowerPotion"}],"is_trial":false,"path_per_floor":["M","M","?","$","M","R","E","R","T","M","E","M","E","$","R","B",null,"M","$","?","?","T","E","R","E","T","E","R","M","?","M","R","B",null,"M","M","M","?","M","E"],"character_chosen":"THE_SILENT","items_purchased":["Poisoned Stab","Strength Potion","Backflip","Regen Potion","Noxious Fumes","Poisoned Stab+1"],"campfire_rested":0,"item_purchase_floors":[4,4,14,14,19,19],"current_hp_per_floor":[64,61,61,61,61,61,31,31,31,29,20,10,5,5,5,20,59,43,43,43,43,43,46,46,50,50,50,50,50,50,50,50,16,42,50,50,35,35,48,0],"gold":304,"neow_bonus":"TEN_PERCENT_HP_BONUS","is_prod":false,"is_daily":false,"chose_seed":false,"campfire_upgraded":6,"win_rate":0,"timestamp":1556620780,"path_taken":["M","M","?","$","M","R","E","R","T","M","E","M","E","$","R","BOSS","M","$","?","?","?","E","R","E","T","E","R","?","?","M","R","BOSS","M","M","?","?","?","E"],"build_version":"2019-01-23","purchased_purges":0,"victory":false,"max_hp_per_floor":[72,72,72,72,72,72,72,72,72,72,72,72,72,72,72,72,72,72,72,72,50,50,50,50,50,50,50,50,50,50,50,50,50,50,50,50,50,50,50,50],"card_choices":[{"not_picked":["Backflip","Sucker Punch"],"picked":"Dagger Throw","floor":1.0},{"not_picked":["Prepared","Deflect"],"picked":"Caltrops","floor":2.0},{"not_picked":["Heel Hook","Flying Knee"],"picked":"Masterful Stab","floor":5.0},{"not_picked":["Deadly Poison","Dodge and Roll"],"picked":"Malaise","floor":7.0},{"not_picked":["Quick Slash","Outmaneuver"],"picked":"Dash","floor":10.0},{"not_picked":["Infinite Blades","Poisoned Stab","Distraction"],"picked":"SKIP","floor":11.0},{"not_picked":["Quick Slash","Deadly Poison","Infinite Blades"],"picked":"SKIP","floor":12.0},{"not_picked":["Predator","Blade Dance"],"picked":"Dagger Spray","floor":13.0},{"not_picked":["A Thousand Cuts","Die Die Die+1"],"picked":"After Image","floor":16.0},{"not_picked":["Quick Slash+1","Flying Knee+1"],"picked":"Blur","floor":18.0},{"not_picked":["All Out Attack+1","Flying Knee+1"],"picked":"Backflip","floor":23.0},{"not_picked":["Unload+1","Prepared","Distraction"],"picked":"SKIP","floor":25.0},{"not_picked":["Terror","Caltrops"],"picked":"Dodge and Roll","floor":27.0},{"not_picked":["Flying Knee+1","Noxious Fumes","Blade Dance"],"picked":"SKIP","floor":29.0},{"not_picked":["Deadly Poison","Backstab+1"],"picked":"Poisoned Stab+1","floor":31.0},{"not_picked":["Doppelganger","Storm of Steel"],"picked":"After Image","floor":33.0},{"not_picked":["Heel Hook+1"],"picked":"SKIP","floor":35.0},{"not_picked":[],"picked":"PiercingWail","floor":36.0},{"not_picked":["Bane+1"],"picked":"SKIP","floor":37.0},{"not_picked":["Outmaneuver"],"picked":"SKIP","floor":39.0}],"player_experience":2142610,"relics_obtained":[{"floor":7.0,"key":"Letter Opener"},{"floor":9.0,"key":"Pen Nib"},{"floor":11.0,"key":"Bottled Flame"},{"floor":13.0,"key":"Molten Egg 2"},{"floor":22.0,"key":"Matryoshka"},{"floor":23.0,"key":"Dodecahedron"},{"floor":25.0,"key":"The Courier"},{"floor":26.0,"key":"Lantern"},{"floor":27.0,"key":"Tiny Chest"}],"event_choices":[{"damage_healed":0.0,"max_hp_gain":0.0,"max_hp_loss":0.0,"gold_gain":0.0,"event_name":"The Woman in Blue","player_choice":"Bought 1 Potion","floor":3.0,"gold_loss":0.0,"damage_taken":0.0},{"damage_healed":0.0,"max_hp_gain":0.0,"max_hp_loss":0.0,"gold_gain":0.0,"event_name":"Beggar","player_choice":"Ignored","floor":20.0,"gold_loss":0.0,"damage_taken":0.0},{"damage_healed":0.0,"max_hp_gain":0.0,"max_hp_loss":22.0,"gold_gain":0.0,"event_name":"Vampires","player_choice":"Became a vampire","floor":21.0,"gold_loss":0.0,"damage_taken":0.0,"cards_obtained":["Bite","Bite","Bite","Bite","Bite"]},{"damage_healed":0.0,"max_hp_gain":0.0,"max_hp_loss":0.0,"gold_gain":0.0,"event_name":"FaceTrader","player_choice":"Leave","floor":30.0,"gold_loss":0.0,"damage_taken":0.0},{"damage_healed":0.0,"max_hp_gain":0.0,"max_hp_loss":0.0,"gold_gain":0.0,"cards_transformed":["Dagger Throw"],"event_name":"Transmorgrifier","player_choice":"Transformed","floor":38.0,"gold_loss":0.0,"damage_taken":0.0,"cards_obtained":["Finisher"]}],"is_beta":false,"boss_relics":[{"not_picked":["Runic Pyramid","Pandora\u0027s Box"],"picked":"Sozu"},{"not_picked":["Lizard Tail","Snecko Eye"],"picked":"Busted Crown"}],"items_purged_floors":[],"is_endless":false,"potions_floor_spawned":[2,7,11,13,23,29,31,33,35,36,39],"killed_by":"Giant Head","ascension_level":20}