{"gold_per_floor":[114,132,207,226,376,376,411,411,436,436,451,451,470,180,180,257,257,270,287,297,297,297,297,297,311,357,357,357],"floor_reached":28,"playtime":1126,"items_purged":["Doubt"],"score":436,"play_id":"8f335888-5be1-4b93-b00e-cbdcb433a2ef","local_time":"20190415233502","is_ascension_mode":true,"campfire_choices":[{"data":"Bash","floor":6,"key":"SMITH"},{"data":"Disarm","floor":8,"key":"SMITH"},{"data":"True Grit","floor":12,"key":"SMITH"},{"data":"Carnage","floor":15,"key":"SMITH"},{"data":"RitualDagger","floor":23,"key":"SMITH"}],"neow_cost":"NONE","seed_source_timestamp":363559681267004,"circlet_count":0,"master_deck":["AscendersBane","Strike_R+1","Strike_R","Strike_R","Strike_R","Strike_R","Defend_R","Defend_R","Defend_R","Defend_R","Bash+1","True Grit+1","Anger+1","Disarm+1","Parasite","Shrug It Off","Carnage+1","Immolate","Shockwave","Seeing Red+1","Inflame","RitualDagger+1","Ghostly","Ghostly","Ghostly","Writhe","Heavy Blade+1"],"relics":["Burning Blood","Centennial Puzzle","Juzu Bracelet","Strange Spoon","Sozu","Toxic Egg 2","Anchor","Whetstone"],"potions_floor_usage":[7,16,16],"damage_taken":[{"damage":7,"enemies":"Small Slimes","floor":1,"turns":3},{"damage":4,"enemies":"Jaw Worm","floor":2,"turns":5},{"damage":1,"enemies":"2 Louse","floor":4,"turns":2},{"damage":68,"enemies":"3 Sentries","floor":7,"turns":13},{"damage":3,"enemies":"Blue Slaver","floor":11,"turns":7},{"damage":3,"enemies":"3 Louse","floor":13,"turns":6},{"damage":7,"enemies":"Hexaghost","floor":16,"turns":10},{"damage":16,"enemies":"2 Thieves","floor":18,"turns":3},{"damage":8,"enemies":"3 Byrds","floor":19,"turns":9},{"damage":38,"enemies":"3 Cultists","floor":20,"turns":5},{"damage":13,"enemies":"Centurion and Healer","floor":25,"turns":8},{"damage":18,"enemies":"Chosen and Byrds","floor":28,"turns":2}],"seed_played":"-3206984954487019556","potions_obtained":[{"floor":1,"key":"Poison Potion"},{"floor":7,"key":"Weak Potion"},{"floor":13,"key":"LiquidBronze"}],"is_trial":false,"path_per_floor":["M","M","?","M","?","R","E","R","T","?","M","R","M","$","R","B",null,"M","M","M","?","?","R","?","M","T","T","M"],"character_chosen":"IRONCLAD","items_purchased":["Strange Spoon"],"campfire_rested":0,"item_purchase_floors":[14],"current_hp_per_floor":[74,76,65,70,70,70,8,8,8,28,31,31,34,34,34,33,70,60,58,26,20,20,20,20,13,13,13,0],"gold":357,"neow_bonus":"TEN_PERCENT_HP_BONUS","is_prod":false,"is_daily":false,"chose_seed":false,"campfire_upgraded":5,"win_rate":0,"timestamp":1555385702,"path_taken":["M","M","?","M","?","R","E","R","T","?","M","R","M","?","R","BOSS","M","M","M","?","?","R","?","M","T","?","M"],"build_version":"2019-01-23","purchased_purges":1,"victory":false,"max_hp_per_floor":[82,82,82,82,82,82,82,82,82,82,82,82,82,82,82,82,82,82,82,82,82,41,41,41,41,41,41,41],"card_choices":[{"not_picked":["Battle Trance","Blood for Blood"],"picked":"True Grit","floor":1},{"not_picked":["Havoc","Infernal Blade"],"picked":"Anger","floor":2},{"not_picked":["Headbutt","Havoc","Second Wind"],"picked":"SKIP","floor":4},{"not_picked":["Thunderclap","Ghostly Armor"],"picked":"Disarm","floor":7},{"not_picked":["Whirlwind","Clash"],"picked":"Shrug It Off","floor":11},{"not_picked":["Pommel Strike","Iron Wave"],"picked":"Carnage","floor":13},{"not_picked":["Berserk","Double Tap"],"picked":"Immolate","floor":16},{"not_picked":["Flex","Rage"],"picked":"Shockwave","floor":18},{"not_picked":["Clash","Anger"],"picked":"Seeing Red+1","floor":19},{"not_picked":["Clash","Headbutt"],"picked":"Inflame","floor":20},{"not_picked":["Inflame","Headbutt"],"picked":"Heavy Blade+1","floor":25}],"player_experience":1845208,"relics_obtained":[{"floor":7,"key":"Centennial Puzzle"},{"floor":9,"key":"Juzu Bracelet"},{"floor":26,"key":"Anchor"},{"floor":27,"key":"Whetstone"}],"event_choices":[{"damage_healed":0,"gold_gain":75,"player_choice":"Gather Gold","damage_taken":11,"max_hp_gain":0,"max_hp_loss":0,"event_name":"World of Goop","floor":3,"gold_loss":0},{"damage_healed":0,"gold_gain":150,"player_choice":"AGREE","damage_taken":0,"max_hp_gain":0,"max_hp_loss":0,"event_name":"Liars Game","floor":5,"gold_loss":0,"cards_obtained":["Doubt"]},{"damage_healed":20,"gold_gain":0,"player_choice":"Healed and dodged fight","damage_taken":0,"max_hp_gain":0,"max_hp_loss":0,"event_name":"Mushrooms","floor":10,"gold_loss":0,"cards_obtained":["Parasite"]},{"damage_healed":0,"gold_gain":0,"player_choice":"Joined the Cult","damage_taken":6,"max_hp_gain":0,"max_hp_loss":0,"event_name":"Nest","floor":21,"gold_loss":0,"cards_obtained":["RitualDagger"]},{"damage_healed":0,"gold_gain":0,"player_choice":"Became a Ghost","damage_taken":0,"max_hp_gain":0,"max_hp_loss":41,"event_name":"Ghosts","floor":22,"gold_loss":0,"cards_obtained":["Ghostly","Ghostly","Ghostly"]},{"damage_healed":0,"gold_gain":0,"player_choice":"Opened","damage_taken":0,"relics_obtained":["Toxic Egg 2"],"max_hp_gain":0,"max_hp_loss":0,"event_name":"The Mausoleum","floor":24,"gold_loss":0,"cards_obtained":["Writhe"]}],"is_beta":false,"boss_relics":[{"not_picked":["Pandora\u0027s Box","Eternal Feather"],"picked":"Sozu"}],"items_purged_floors":[14],"is_endless":false,"potions_floor_spawned":[1,7,13,18,20],"killed_by":"Chosen and Byrds","ascension_level":20}