{"gold_per_floor":[360,372,372,383,348,373,373,399,399,56,56,56,56,73,73,150,150,167,167,167,192,12,42,42,67,67,17,17,50,50,65,65,137,137,152,19,19,69,84,84],"floor_reached":40,"playtime":2177,"items_purged":["Strike_B","Writhe"],"score":902,"play_id":"6bbff26f-7cdb-40d1-bbd5-1d857cf4fce1","local_time":"20190401111404","is_ascension_mode":true,"campfire_choices":[{"data":"Zap","floor":7,"key":"SMITH"},{"data":"Static Discharge","floor":11,"key":"SMITH"},{"floor":15,"key":"REST"},{"data":"1","floor":24,"key":"LIFT"},{"data":"2","floor":30,"key":"LIFT"},{"data":"Consume","floor":32,"key":"SMITH"}],"neow_cost":"CURSE","seed_source_timestamp":1940872232210,"circlet_count":0,"master_deck":["AscendersBane","Defend_B+1","Defend_B+1","Zap+1","Dualcast","Ball Lightning","Sweeping Beam","Coolheaded","Cold Snap","Hologram","Cold Snap","Static Discharge+1","BootSequence","Amplify","Gash+1","Fission+1","All For One+1","Auto Shields+1","Consume+1","Glacier","Electrodynamics","Compile Driver","Core Surge","Redo+1","Stack+1","Hologram"],"relics":["Cracked Core","Cables","Dead Branch","Gambling Chip","Membership Card","Astrolabe","Girya","Tiny Chest","Orichalcum","FossilizedHelix","Blood Vial","Symbiotic Virus","Regal Pillow","Fusion Hammer","MealTicket","Mango"],"potions_floor_usage":[2,6,8,16,23,29,29,38,38,40,40],"damage_taken":[{"damage":0,"enemies":"2 Louse","floor":1,"turns":3},{"damage":1,"enemies":"Cultist","floor":2,"turns":3},{"damage":3,"enemies":"Small Slimes","floor":4,"turns":2},{"damage":32,"enemies":"3 Sentries","floor":6,"turns":7},{"damage":14,"enemies":"Lagavulin","floor":8,"turns":6},{"damage":0,"enemies":"Blue Slaver","floor":14,"turns":2},{"damage":11,"enemies":"Hexaghost","floor":16,"turns":4},{"damage":3,"enemies":"3 Byrds","floor":18,"turns":3},{"damage":0,"enemies":"Gremlin Leader","floor":23,"turns":5},{"damage":20,"enemies":"Book of Stabbing","floor":29,"turns":5},{"damage":11,"enemies":"2 Thieves","floor":31,"turns":2},{"damage":30,"enemies":"Collector","floor":33,"turns":9},{"damage":0,"enemies":"3 Shapes","floor":35,"turns":2},{"damage":3,"enemies":"2 Orb Walkers","floor":38,"turns":5},{"damage":0,"enemies":"3 Darklings","floor":39,"turns":2},{"damage":99,"enemies":"Giant Head","floor":40,"turns":9}],"seed_played":"1083233515182720513","potions_obtained":[{"floor":1,"key":"EntropicBrew"},{"floor":2,"key":"Weak Potion"},{"floor":8,"key":"SteroidPotion"},{"floor":23,"key":"Dexterity Potion"},{"floor":33,"key":"Block Potion"},{"floor":38,"key":"GamblersBrew"},{"floor":39,"key":"Block Potion"}],"is_trial":false,"path_per_floor":["M","M","?","M","?","E","R","E","T","$","R","?","?","M","R","B",null,"M","?","?","T","$","E","R","T","T","$","?","E","R","M","R","B",null,"M","$","?","?","M","E"],"character_chosen":"DEFECT","items_purchased":["Membership Card","Cold Snap","FocusPotion","Static Discharge","Tiny Chest","Orichalcum","Glacier","Fire Potion","MealTicket","Block Potion"],"campfire_rested":1,"item_purchase_floors":[10,10,10,10,22,22,27,27,36,36],"current_hp_per_floor":[64,63,56,53,70,38,38,24,24,24,24,3,3,3,24,13,57,54,54,54,54,54,54,54,54,54,54,68,50,50,41,41,13,57,59,59,59,72,74,0],"gold":84,"neow_bonus":"TWO_FIFTY_GOLD","is_prod":false,"is_daily":false,"chose_seed":false,"campfire_upgraded":3,"win_rate":0,"timestamp":1554131644,"path_taken":["M","M","?","M","?","E","R","E","T","$","R","?","?","?","R","BOSS","M","?","?","?","$","E","R","?","T","$","?","E","R","M","R","BOSS","M","$","?","?","M","E"],"build_version":"2019-01-23","purchased_purges":2,"victory":false,"max_hp_per_floor":[71,71,71,71,71,71,71,71,71,71,71,71,71,71,71,71,71,71,71,71,71,71,71,71,71,71,71,71,71,71,71,71,71,71,71,71,67,81,81,81],"card_choices":[{"not_picked":["Conserve Battery","Steam"],"picked":"Ball Lightning","floor":1},{"not_picked":["Turbo","Go for the Eyes"],"picked":"Sweeping Beam","floor":2},{"not_picked":["Compile Driver","Sweeping Beam"],"picked":"Coolheaded","floor":4},{"not_picked":["Go for the Eyes","Hyperbeam"],"picked":"Cold Snap","floor":6},{"not_picked":["Beam Cell","Go for the Eyes"],"picked":"Hologram","floor":8},{"not_picked":["Sweeping Beam","Go for the Eyes"],"picked":"BootSequence","floor":14},{"not_picked":["Buffer","Thunder Strike"],"picked":"Amplify","floor":16},{"not_picked":["Steam","Conserve Battery"],"picked":"Auto Shields+1","floor":18},{"not_picked":["Gash","Storm"],"picked":"Consume","floor":23},{"not_picked":["Cold Snap","Auto Shields"],"picked":"Electrodynamics","floor":29},{"not_picked":["Leap","Rebound"],"picked":"Compile Driver","floor":31},{"not_picked":["Reboot","Electrodynamics"],"picked":"Core Surge","floor":33},{"not_picked":["Darkness","FTL"],"picked":"Redo+1","floor":35},{"not_picked":["Beam Cell","Turbo+1"],"picked":"Stack+1","floor":38},{"not_picked":["Force Field","Skim"],"picked":"Hologram","floor":39}],"player_experience":1519467,"relics_obtained":[{"floor":6,"key":"Cables"},{"floor":8,"key":"Dead Branch"},{"floor":9,"key":"Gambling Chip"},{"floor":23,"key":"FossilizedHelix"},{"floor":25,"key":"Blood Vial"},{"floor":26,"key":"Symbiotic Virus"},{"floor":29,"key":"Regal Pillow"},{"floor":38,"key":"Mango"}],"event_choices":[{"cards_removed":["Shame"],"damage_healed":0,"gold_gain":0,"player_choice":"Card Removal","damage_taken":7,"max_hp_gain":0,"max_hp_loss":0,"event_name":"Golden Wing","floor":3,"gold_loss":0},{"damage_healed":17,"gold_gain":0,"player_choice":"Healed","damage_taken":0,"max_hp_gain":0,"max_hp_loss":0,"event_name":"The Cleric","floor":5,"gold_loss":35},{"damage_healed":0,"gold_gain":0,"player_choice":"Entered Light","damage_taken":21,"max_hp_gain":0,"max_hp_loss":0,"event_name":"Shining Light","floor":12,"gold_loss":0,"cards_upgraded":["Defend_B","Defend_B"]},{"cards_removed":["Strike_B"],"damage_healed":0,"gold_gain":0,"player_choice":"Offered Basic","damage_taken":0,"max_hp_gain":0,"max_hp_loss":0,"event_name":"Bonfire Elementals","floor":13,"gold_loss":0},{"cards_removed":["Defend_B"],"damage_healed":0,"gold_gain":0,"player_choice":"Elegance","damage_taken":0,"max_hp_gain":0,"max_hp_loss":0,"event_name":"Back to Basics","floor":19,"gold_loss":0},{"damage_healed":0,"gold_gain":0,"player_choice":"Opened","damage_taken":0,"relics_obtained":["Girya"],"max_hp_gain":0,"max_hp_loss":0,"event_name":"The Mausoleum","floor":20,"gold_loss":0,"cards_obtained":["Writhe"]},{"damage_healed":14,"gold_gain":0,"player_choice":"Heal","damage_taken":0,"max_hp_gain":0,"max_hp_loss":0,"event_name":"The Library","floor":28,"gold_loss":0},{"damage_healed":0,"gold_gain":0,"player_choice":"Max HP","damage_taken":0,"max_hp_gain":0,"max_hp_loss":4,"event_name":"Winding Halls","floor":37,"gold_loss":0},{"damage_healed":0,"gold_gain":0,"player_choice":"Fight","damage_taken":0,"max_hp_gain":0,"max_hp_loss":0,"event_name":"Mysterious Sphere","floor":38,"gold_loss":0}],"is_beta":false,"boss_relics":[{"not_picked":["Pandora\u0027s Box","Runic Pyramid"],"picked":"Astrolabe"},{"not_picked":["Inserter","Philosopher\u0027s Stone"],"picked":"Fusion Hammer"}],"items_purged_floors":[10,22],"is_endless":false,"potions_floor_spawned":[1,2,8,23,33,38,39],"killed_by":"Giant Head","ascension_level":20}