{"gold_per_floor":[117,117,134,148,164,164,195,195,195,195,209,284,301,37,37,109,109,121,133,133,144,69,69,95,95,121,134,41,41,41,57,57,133,133,145,145,0,400,414,443,443,455,478,495,495,512,512,526,526,526],"floor_reached":50,"playtime":3638,"items_purged":["Strike_G"],"score":1038,"play_id":"70c9197f-291f-41c4-9bdb-a8ca356322b3","local_time":"20190504002255","is_ascension_mode":true,"campfire_choices":[{"data":"Noxious Fumes","floor":6.0,"key":"SMITH"},{"data":"Bouncing Flask","floor":8.0,"key":"SMITH"},{"floor":10.0,"key":"REST"},{"floor":15.0,"key":"REST"},{"data":"Leg Sweep","floor":23.0,"key":"SMITH"},{"floor":25.0,"key":"REST"},{"data":"Noxious Fumes","floor":29.0,"key":"SMITH"},{"floor":32.0,"key":"REST"},{"floor":41.0,"key":"RECALL"},{"floor":45.0,"key":"REST"},{"floor":47.0,"key":"REST"},{"floor":49.0,"key":"REST"}],"neow_cost":"NONE","seed_source_timestamp":970058013857785,"circlet_count":0,"master_deck":["AscendersBane","Defend_G","Defend_G","Defend_G","Defend_G","Defend_G","Strike_G","Strike_G","Strike_G","Strike_G","Survivor","Neutralize","Noxious Fumes+1","Cloak And Dagger","Noxious Fumes+1","Bouncing Flask+1","Leg Sweep+1","Dodge and Roll","Footwork","Acrobatics","Footwork","Dodge and Roll","Parasite"],"special_seed":0,"relics":["Ring of the Snake","Regal Pillow","Art of War","Singing Bowl","Question Card","Busted Crown","Unceasing Top","PreservedInsect","Black Star","Red Mask","Old Coin","Bird Faced Urn","Smiling Mask"],"potions_floor_usage":[50],"damage_taken":[{"damage":1.0,"enemies":"Jaw Worm","floor":1.0,"turns":6.0},{"damage":0.0,"enemies":"Cultist","floor":3.0,"turns":4.0},{"damage":3.0,"enemies":"Small Slimes","floor":4.0,"turns":6.0},{"damage":1.0,"enemies":"3 Louse","floor":5.0,"turns":4.0},{"damage":46.0,"enemies":"Gremlin Nob","floor":7.0,"turns":5.0},{"damage":22.0,"enemies":"Gremlin Gang","floor":11.0,"turns":4.0},{"damage":6.0,"enemies":"Red Slaver","floor":13.0,"turns":5.0},{"damage":22.0,"enemies":"Slime Boss","floor":16.0,"turns":9.0},{"damage":21.0,"enemies":"Shell Parasite","floor":18.0,"turns":5.0},{"damage":10.0,"enemies":"3 Byrds","floor":19.0,"turns":5.0},{"damage":6.0,"enemies":"Snake Plant","floor":21.0,"turns":7.0},{"damage":60.0,"enemies":"Slavers","floor":24.0,"turns":5.0},{"damage":1.0,"enemies":"Snecko","floor":27.0,"turns":7.0},{"damage":27.0,"enemies":"Shelled Parasite and Fungi","floor":31.0,"turns":5.0},{"damage":27.0,"enemies":"Automaton","floor":33.0,"turns":11.0},{"damage":0.0,"enemies":"Orb Walker","floor":35.0,"turns":6.0},{"damage":0.0,"enemies":"Mind Bloom Boss Battle","floor":38.0,"turns":10.0},{"damage":25.0,"enemies":"3 Darklings","floor":39.0,"turns":7.0},{"damage":14.0,"enemies":"Nemesis","floor":40.0,"turns":11.0},{"damage":43.0,"enemies":"Jaw Worm Horde","floor":42.0,"turns":6.0},{"damage":16.0,"enemies":"Writhing Mass","floor":44.0,"turns":7.0},{"damage":34.0,"enemies":"Sphere and 2 Shapes","floor":46.0,"turns":6.0},{"damage":21.0,"enemies":"3 Darklings","floor":48.0,"turns":6.0},{"damage":106,"enemies":"Time Eater","floor":50,"turns":15}],"seed_played":"-4815990821936923262","potions_obtained":[{"floor":1.0,"key":"Ancient Potion"},{"floor":4.0,"key":"EssenceOfSteel"},{"floor":11.0,"key":"Explosive Potion"},{"floor":16.0,"key":"FearPotion"},{"floor":21.0,"key":"Swift Potion"},{"floor":27.0,"key":"Explosive Potion"},{"floor":31.0,"key":"Poison Potion"},{"floor":35.0,"key":"LiquidBronze"},{"floor":38.0,"key":"Swift Potion"},{"floor":42.0,"key":"SteroidPotion"}],"is_trial":false,"path_per_floor":["M","?","M","M","M","R","E","R","T","R","M","?","M","$","R","B",null,"M","M","?","M","$","R","E","R","T","M","$","R","$","M","R","B",null,"M","?","?","?","M","E","R","M","T","M","R","M","R","M","R","B"],"character_chosen":"THE_SILENT","items_purchased":["Question Card","Footwork","SpeedPotion"],"campfire_rested":7,"item_purchase_floors":[14,28,28],"current_hp_per_floor":[58,58,58,55,54,54,8,8,8,42,22,11,5,5,40,18,56,35,25,78,74,74,74,16,55,55,56,56,56,56,29,69,44,76,78,78,78,80,57,45,45,12,12,6,49,25,68,57,98,0],"gold":526,"neow_bonus":"RANDOM_COMMON_RELIC","is_prod":false,"is_daily":false,"chose_seed":false,"campfire_upgraded":4,"win_rate":0,"timestamp":1556943775,"path_taken":["M","?","?","M","M","R","E","R","T","R","?","?","M","$","R","BOSS","M","M","?","?","$","R","E","R","T","M","$","R","?","M","R","BOSS","M","?","?","?","?","E","R","M","T","M","R","M","R","M","R","BOSS"],"build_version":"2019-01-23","purchased_purges":1,"victory":false,"max_hp_per_floor":[66,66,66,66,66,66,66,66,66,66,68,68,68,68,68,68,68,68,68,78,80,80,80,82,82,82,84,84,84,84,84,84,86,86,88,84,84,86,88,90,90,92,92,94,94,96,96,98,98,98],"card_choices":[{"not_picked":["Dodge and Roll","Choke"],"picked":"Noxious Fumes","floor":1.0},{"not_picked":["Flying Knee","Heel Hook","Prepared"],"picked":"SKIP","floor":3.0},{"not_picked":["Dagger Throw","Quick Slash"],"picked":"Noxious Fumes","floor":4.0},{"not_picked":["Blur","Flying Knee"],"picked":"Bouncing Flask","floor":5.0},{"not_picked":["Bane","Quick Slash"],"picked":"Leg Sweep","floor":7.0},{"not_picked":["Underhanded Strike","Outmaneuver","A Thousand Cuts"],"picked":"Singing Bowl","floor":11.0},{"not_picked":["Blade Dance","Acrobatics"],"picked":"Dodge and Roll","floor":13.0},{"not_picked":["Night Terror","Unload","Bullet Time"],"picked":"Wraith Form v2","floor":16.0},{"not_picked":["Endless Agony"],"picked":"Footwork","floor":18.0},{"not_picked":["Terror"],"picked":"Acrobatics","floor":19.0},{"not_picked":["Blade Dance+1","Quick Slash"],"picked":"Singing Bowl","floor":21.0},{"not_picked":["Flying Knee","Sucker Punch"],"picked":"Singing Bowl","floor":24.0},{"not_picked":["Setup","Dagger Spray"],"picked":"Singing Bowl","floor":27.0},{"not_picked":["Endless Agony"],"picked":"Dodge and Roll","floor":31.0},{"not_picked":["Doppelganger","Glass Knife"],"picked":"Singing Bowl","floor":33.0},{"not_picked":["Dagger Spray","Underhanded Strike"],"picked":"Singing Bowl","floor":35.0},{"not_picked":["Dagger Throw","Dagger Spray+1"],"picked":"Singing Bowl","floor":38.0},{"not_picked":["Quick Slash","Choke"],"picked":"Singing Bowl","floor":39.0},{"not_picked":["Dagger Throw","Dash+1"],"picked":"Singing Bowl","floor":40.0},{"not_picked":["Blade Dance","Acrobatics"],"picked":"Singing Bowl","floor":42.0},{"not_picked":["Sucker Punch","Dagger Throw"],"picked":"Singing Bowl","floor":44.0},{"not_picked":["Glass Knife","Riddle With Holes+1"],"picked":"Singing Bowl","floor":46.0},{"not_picked":["Dagger Spray","Slice"],"picked":"Singing Bowl","floor":48.0}],"player_experience":2323343,"relics_obtained":[{"floor":7.0,"key":"Art of War"},{"floor":9.0,"key":"Singing Bowl"},{"floor":24.0,"key":"Unceasing Top"},{"floor":26.0,"key":"PreservedInsect"},{"floor":38.0,"key":"Old Coin"},{"floor":40.0,"key":"Bird Faced Urn"},{"floor":40.0,"key":"Smiling Mask"}],"event_choices":[{"damage_healed":0.0,"max_hp_gain":0.0,"max_hp_loss":0.0,"gold_gain":0.0,"event_name":"Match and Keep!","player_choice":"1 cards matched","floor":2.0,"gold_loss":0.0,"damage_taken":0.0,"cards_obtained":["Cloak And Dagger"]},{"damage_healed":0.0,"max_hp_gain":0.0,"max_hp_loss":0.0,"gold_gain":75.0,"event_name":"World of Goop","player_choice":"Gather Gold","floor":12.0,"gold_loss":0.0,"damage_taken":11.0},{"cards_removed":["Wraith Form v2"],"damage_healed":43.0,"max_hp_gain":10.0,"max_hp_loss":0.0,"gold_gain":0.0,"event_name":"Bonfire Elementals","player_choice":"Offered Rare","floor":20.0,"gold_loss":0.0,"damage_taken":0.0},{"damage_healed":0.0,"max_hp_gain":0.0,"max_hp_loss":4.0,"gold_gain":0.0,"event_name":"Winding Halls","player_choice":"Max HP","floor":36.0,"gold_loss":0.0,"damage_taken":0.0},{"damage_healed":0.0,"max_hp_gain":0.0,"max_hp_loss":0.0,"gold_gain":0.0,"event_name":"Tomb of Lord Red Mask","player_choice":"Paid","floor":37.0,"gold_loss":145.0,"damage_taken":0.0,"relics_obtained":["Red Mask"]},{"damage_healed":0.0,"max_hp_gain":0.0,"max_hp_loss":0.0,"gold_gain":0.0,"event_name":"MindBloom","player_choice":"Fight","floor":38.0,"gold_loss":0.0,"damage_taken":0.0}],"is_beta":false,"boss_relics":[{"not_picked":["Fusion Hammer","Calling Bell"],"picked":"Busted Crown"},{"not_picked":["Astrolabe","Philosopher\u0027s Stone"],"picked":"Black Star"}],"items_purged_floors":[22],"is_endless":false,"potions_floor_spawned":[1,4,11,16,21,27,31,35,38,39,42,48],"killed_by":"Time Eater","ascension_level":20}