{"path_per_floor":["M","M","?","M","?","$","M","R","T","M","R","?","R","M","R","B",null,"M","?","?","$","?","E","$","M","T","M","M","R","$","E","R"],"character_chosen":"IRONCLAD","items_purchased":["Carnage","Anger","Sword Boomerang","Feel No Pain","Whetstone"],"gold_per_floor":[10,27,27,37,112,29,43,43,43,60,60,60,60,75,75,175,175,187,277,192,65,65,96,96,112,161,177,192,192,0,25,25,25],"floor_reached":33,"campfire_rested":0,"playtime":1433,"current_hp_per_floor":[80,80,73,72,61,61,61,61,61,67,67,67,67,72,72,26,80,66,50,60,60,60,48,48,54,54,52,46,46,46,34,34,0],"items_purged":["Strike_R"],"gold":25,"score":300,"play_id":"aca91546-6f12-4b9e-9c27-95599ca6af9f","local_time":"20180410002752","is_prod":false,"is_daily":false,"is_ascension_mode":false,"campfire_upgraded":6,"timestamp":1523334472,"path_taken":["M","?","?","?","?","$","M","R","T","M","R","?","R","M","R","BOSS","M","?","?","$","?","E","?","M","T","M","?","R","$","E","R","BOSS"],"build_version":"2018-04-05v2","purchased_purges":3,"victory":false,"master_deck":["Strike_R","Strike_R+1","Defend_R","Defend_R","Defend_R","Defend_R","Bash","True Grit","Limit Break+1","Heavy Blade","Carnage","Anger+1","Armaments+1","Flex","Armaments+1","Demon Form+1","Metallicize","Sword Boomerang+1","Feel No Pain+1","Iron Wave+1","Whirlwind+1","Warcry+1","Feel No Pain","Sentinel+1"],"max_hp_per_floor":[80,80,80,80,80,80,80,80,80,80,80,80,80,80,80,80,80,80,80,90,90,90,90,90,90,90,90,90,90,90,90,90,90],"relics":["Burning Blood","Champion Belt","Gambling Chip","Sozu","Pear","Singing Bowl","Prayer Wheel","Whetstone","Ice Cream"],"card_choices":[{"not_picked":["Intimidate","Headbutt"],"picked":"True Grit","floor":1},{"not_picked":["Wild Strike","Anger"],"picked":"Limit Break","floor":2},{"not_picked":["Perfected Strike","Clash"],"picked":"Heavy Blade","floor":4},{"not_picked":["Evolve","Iron Wave"],"picked":"Armaments","floor":7},{"not_picked":["Iron Wave","Twin Strike"],"picked":"Flex","floor":10},{"not_picked":["Cleave","True Grit"],"picked":"Armaments","floor":14},{"not_picked":["Limit Break","Impervious"],"picked":"Demon Form","floor":16},{"not_picked":["Warcry","True Grit"],"picked":"Metallicize","floor":18},{"not_picked":["Metallicize","True Grit"],"picked":"Feel No Pain","floor":23},{"not_picked":["Flex","Perfected Strike"],"picked":"Iron Wave","floor":25},{"not_picked":["Immolate","Thunderclap"],"picked":"Whirlwind","floor":27},{"not_picked":["Evolve","Wild Strike"],"picked":"Warcry","floor":28},{"not_picked":["Barricade","Sword Boomerang"],"picked":"Sentinel","floor":31}],"player_experience":801525,"potions_floor_usage":[7,16,16,31],"damage_taken":[{"damage":4,"enemies":"Cultist","floor":1,"turns":4},{"damage":1,"enemies":"2 Louse","floor":2,"turns":3},{"damage":7,"enemies":"Small Slimes","floor":4,"turns":4},{"damage":6,"enemies":"Gremlin Gang","floor":7,"turns":4},{"damage":0,"enemies":"Red Slaver","floor":10,"turns":4},{"damage":1,"enemies":"3 Louse","floor":14,"turns":3},{"damage":52,"enemies":"Hexaghost","floor":16,"turns":10},{"damage":20,"enemies":"Shell Parasite","floor":18,"turns":7},{"damage":18,"enemies":"Book of Stabbing","floor":23,"turns":5},{"damage":0,"enemies":"Chosen","floor":25,"turns":7},{"damage":8,"enemies":"Snecko","floor":27,"turns":4},{"damage":12,"enemies":"Chosen and Byrds","floor":28,"turns":6},{"damage":18,"enemies":"Gremlin Leader","floor":31,"turns":4},{"damage":35,"enemies":"Champ","floor":33,"turns":10}],"event_choices":[{"event_name":"Golden Wing","player_choice":"Card Removal","floor":3,"damage_taken":0},{"event_name":"World of Goop","player_choice":"Gather Gold","floor":5,"damage_taken":0},{"event_name":"Bonfire Elementals","player_choice":"BASIC","floor":12,"damage_taken":0},{"event_name":"Knowing Skull","player_choice":"GOLD ","floor":19,"damage_taken":0},{"event_name":"Addict","player_choice":"Obtained Relic","floor":20,"damage_taken":0},{"event_name":"Drug Dealer","player_choice":"Ignored","floor":22,"damage_taken":0}],"boss_relics":[{"not_picked":["Snecko Eye","Ectoplasm"],"picked":"Sozu"}],"potions_floor_spawned":[1,4,7,10,14,27,31],"seed_played":"-5513508384507978736","killed_by":"Champ","ascension_level":0,"is_trial":false}