{"gold_per_floor":[109,120,130,6,23,23,33,61,61,61,61,61,11,38,38,38],"floor_reached":16,"playtime":651,"items_purged":[],"score":132,"play_id":"cf3fc3ac-a4a1-4d0f-bb75-b5c55ea534c4","local_time":"20180909150705","is_ascension_mode":true,"campfire_choices":[{"data":"Streamline","floor":6,"key":"SMITH"},{"data":"Fusion","floor":15,"key":"SMITH"}],"neow_cost":"","seed_source_timestamp":592839363936101,"circlet_count":0,"master_deck":["Strike_B","Strike_B","Strike_B","Strike_B","Defend_B","Defend_B","Defend_B","Defend_B","Zap","Dualcast","FTL","Streamline+1","Rebound","Capacitor","Cold Snap","Streamline","Darkness+1","Core Surge","Fusion+1"],"relics":["Cracked Core","Juzu Bracelet","StoneCalendar","Symbiotic Virus","Du-Vu Doll"],"potions_floor_usage":[7,8,14,16],"damage_taken":[{"damage":0,"enemies":"Cultist","floor":1,"turns":3},{"damage":1,"enemies":"2 Louse","floor":2,"turns":2},{"damage":7,"enemies":"Small Slimes","floor":3,"turns":2},{"damage":9,"enemies":"Blue Slaver","floor":5,"turns":3},{"damage":12,"enemies":"Exordium Wildlife","floor":7,"turns":2},{"damage":27,"enemies":"3 Sentries","floor":8,"turns":5},{"damage":24,"enemies":"Gremlin Nob","floor":14,"turns":4},{"damage":21,"enemies":"The Guardian","floor":16,"turns":8}],"seed_played":"-3889406099120053859","potions_obtained":[{"floor":2,"key":"LiquidBronze"},{"floor":3,"key":"PowerPotion"},{"floor":5,"key":"AttackPotion"}],"is_trial":false,"path_per_floor":["M","M","M","$","M","R","M","E","T","?","?","?","$","E","R"],"character_chosen":"DEFECT","items_purchased":["Capacitor","Cold Snap","SkillPotion"],"campfire_rested":0,"item_purchase_floors":[4,4,13],"current_hp_per_floor":[75,74,67,67,58,58,46,19,19,44,44,44,44,20,20,0],"gold":38,"neow_bonus":"","is_prod":false,"is_daily":false,"chose_seed":false,"campfire_upgraded":2,"win_rate":0,"timestamp":1536520025,"path_taken":["M","M","M","$","M","R","M","E","T","?","?","?","?","E","R","BOSS"],"build_version":"2018-09-06","purchased_purges":0,"victory":false,"max_hp_per_floor":[75,75,75,75,75,75,75,75,75,75,75,75,75,75,75,75],"card_choices":[{"not_picked":["Rebound","Stack"],"picked":"FTL","floor":1},{"not_picked":["Cold Snap","Hologram"],"picked":"Streamline","floor":2},{"not_picked":["Reprogram","Steam"],"picked":"Rebound","floor":3},{"not_picked":["Turbo","Scrape"],"picked":"Streamline","floor":5},{"not_picked":["Force Field","Leap"],"picked":"Darkness","floor":7},{"not_picked":["All For One","Stack"],"picked":"Core Surge","floor":8},{"not_picked":["Conserve Battery","Sweeping Beam"],"picked":"Fusion","floor":14}],"player_experience":998457,"relics_obtained":[{"floor":8,"key":"Juzu Bracelet"},{"floor":9,"key":"StoneCalendar"},{"floor":14,"key":"Du-Vu Doll"}],"event_choices":[{"event_name":"Big Fish","player_choice":"Banana","floor":10,"damage_taken":0},{"event_name":"Dead Adventurer","player_choice":"Searched \u00272\u0027 times","floor":11,"damage_taken":0},{"event_name":"Accursed Blacksmith","player_choice":"Forge","floor":12,"damage_taken":0}],"is_beta":false,"boss_relics":[],"items_purged_floors":[],"is_endless":false,"potions_floor_spawned":[2,3,5],"killed_by":"The Guardian","ascension_level":4}