{"path_per_floor":["M","?","$","?","M","R","E","T","T","R","?","T","M","M","R","B",null,"M","$","?","?","M","?","R","M","T","M","E","R","M","M","R","B",null,"M","?","$","?","M","R","E","$","T","R","M","?","?","M","R","B"],"character_chosen":"DEFECT","items_purchased":["DataDisk","Letter Opener","Panache","FTL+1","Conserve Battery"],"gold_per_floor":[366,366,142,142,159,159,188,188,188,188,288,288,301,313,313,389,389,403,64,164,164,181,181,181,195,222,232,260,260,271,288,288,365,365,385,433,235,235,255,255,285,192,192,192,208,208,208,219,219,219],"floor_reached":51,"campfire_rested":1,"playtime":1928,"item_purchase_floors":[],"current_hp_per_floor":[64,64,64,69,69,69,38,38,38,38,38,38,38,38,38,10,57,49,49,49,49,54,46,46,44,44,42,35,35,39,31,67,73,73,73,73,73,73,73,73,61,61,61,61,46,36,54,73,73,73],"items_purged":["Strike_B","Strike_B"],"gold":219,"score":1161,"play_id":"288b0e02-2f72-4879-8ccf-d7f4b9ad721c","local_time":"20180613163942","is_prod":false,"is_daily":false,"chose_seed":false,"is_ascension_mode":true,"campfire_upgraded":8,"win_rate":0,"timestamp":1528933182,"campfire_choices":[{"data":"Redo","floor":6.0,"key":"SMITH"},{"data":"Dualcast","floor":10.0,"key":"SMITH"},{"data":"Defragment","floor":15.0,"key":"SMITH"},{"data":"Static Discharge","floor":24,"key":"SMITH"},{"data":"Stack","floor":29,"key":"SMITH"},{"floor":32,"key":"REST"},{"data":"Panache","floor":40,"key":"SMITH"},{"data":"Seek","floor":44,"key":"SMITH"},{"data":"Reboot","floor":49,"key":"SMITH"}],"path_taken":["M","?","$","?","M","R","E","?","T","R","?","?","M","M","R","BOSS","M","$","?","?","M","?","R","M","T","?","E","R","M","M","R","BOSS","M","?","$","?","M","R","E","$","T","R","?","?","?","M","R","BOSS"],"build_version":"2018-06-13","seed_source_timestamp":282869580516389,"purchased_purges":2,"victory":true,"master_deck":["Strike_B","Strike_B","Defend_B","Defend_B","Defend_B+1","Defend_B","Zap+1","Dualcast+1","AscendersBane","Redo+1","BootSequence+1","Scrape+1","Leap","Defragment+1","Reboot+1","Gash+1","Stack+1","Self Repair","Glacier","Chill","Conserve Battery+1","Static Discharge+1","Loop+1","Hologram+1","Conserve Battery","Chill","Cold Snap+1","Seek+1","Cold Snap+1","Panache+1","Gash+1","Blizzard+1","Chill","FTL+1","Conserve Battery","Go for the Eyes+1","Steam","Finesse","Bandage Up","Good Instincts","Writhe","Redo+1","Stack+1"],"max_hp_per_floor":[68,68,68,73,73,73,73,73,73,73,73,73,73,73,73,73,73,73,73,73,73,73,73,73,73,73,73,73,73,73,73,73,73,73,73,73,73,73,73,73,73,73,73,73,73,73,73,73,73,73],"special_seed":0,"relics":["Cracked Core","DataDisk","Molten Egg 2","Regal Pillow","Bottled Flame","Unceasing Top","Orrery","Letter Opener","War Paint","Cables","Runic Dome","Prayer Wheel","Bird Faced Urn","Potion Belt"],"card_choices":[{"not_picked":["Turbo","Gash"],"picked":"Redo","floor":1.0},{"not_picked":["Beam Cell","Gash"],"picked":"BootSequence","floor":5.0},{"not_picked":["Loop","Hyperbeam"],"picked":"Scrape","floor":7.0},{"not_picked":["Barrage+1","Ball Lightning+1"],"picked":"Leap","floor":13.0},{"not_picked":["Gash+1","Sweeping Beam+1"],"picked":"Defragment","floor":14.0},{"not_picked":["Creative AI","Biased Cognition"],"picked":"Reboot","floor":16.0},{"not_picked":["Hologram","Barrage+1"],"picked":"Gash+1","floor":17.0},{"not_picked":["Coolheaded","Double Energy"],"picked":"Stack","floor":17.0},{"not_picked":["Static Discharge","Barrage+1"],"picked":"Self Repair","floor":17.0},{"not_picked":["Turbo","Rebound+1"],"picked":"Glacier","floor":17.0},{"not_picked":["Recycle","Auto Shields"],"picked":"Chill","floor":17.0},{"not_picked":["Reprogram+1","Force Field"],"picked":"Conserve Battery+1","floor":18},{"not_picked":["Beam Cell+1","Amplify"],"picked":"Static Discharge","floor":22},{"not_picked":["Compile Driver+1","Melter+1"],"picked":"Loop+1","floor":25},{"not_picked":["Tempest","Rebound+1"],"picked":"Hologram+1","floor":27},{"not_picked":["Ball Lightning+1","Sunder+1"],"picked":"Conserve Battery","floor":28},{"not_picked":["Streamline+1","Double Energy"],"picked":"Chill","floor":30},{"not_picked":["Chaos","Tempest"],"picked":"Cold Snap+1","floor":31},{"not_picked":["Buffer","Echo Form"],"picked":"Seek","floor":33},{"not_picked":["Steam","Storm"],"picked":"Gash+1","floor":35},{"not_picked":["Compile Driver+1","Fusion"],"picked":"Cold Snap+1","floor":36},{"not_picked":["Barrage+1","Coolheaded"],"picked":"Gash+1","floor":39},{"not_picked":["Defragment","Barrage+1"],"picked":"Blizzard+1","floor":39},{"not_picked":["Rip and Tear+1","Sunder+1"],"picked":"Chill","floor":41},{"not_picked":["Reboot","Genetic Algorithm"],"picked":"Go for the Eyes+1","floor":45},{"not_picked":["Streamline+1","Double Energy"],"picked":"Steam","floor":45},{"not_picked":["Deep Breath","Sadistic Nature"],"picked":"Finesse","floor":46},{"not_picked":["Secret Technique","Trip"],"picked":"Bandage Up","floor":46},{"not_picked":["Madness","Enlightenment"],"picked":"Good Instincts","floor":46},{"not_picked":["Sweeping Beam+1","Force Field"],"picked":"Redo+1","floor":48},{"not_picked":["Compile Driver+1","Rip and Tear+1"],"picked":"Stack+1","floor":48}],"player_experience":652046,"potions_floor_usage":[28,28,33,33,36,41,50],"damage_taken":[{"damage":4.0,"enemies":"Jaw Worm","floor":1.0,"turns":3.0},{"damage":0.0,"enemies":"2 Louse","floor":5.0,"turns":2.0},{"damage":31.0,"enemies":"3 Sentries","floor":7.0,"turns":9.0},{"damage":0.0,"enemies":"Small Slimes","floor":13.0,"turns":2.0},{"damage":0.0,"enemies":"Blue Slaver","floor":14.0,"turns":3.0},{"damage":28.0,"enemies":"Slime Boss","floor":16.0,"turns":10.0},{"damage":8,"enemies":"2 Thieves","floor":18,"turns":4},{"damage":2,"enemies":"Shell Parasite","floor":22,"turns":5},{"damage":9,"enemies":"Snake Plant","floor":25,"turns":3},{"damage":9,"enemies":"Centurion and Healer","floor":27,"turns":8},{"damage":14,"enemies":"Book of Stabbing","floor":28,"turns":6},{"damage":3,"enemies":"3 Cultists","floor":30,"turns":6},{"damage":8,"enemies":"Chosen and Byrds","floor":31,"turns":6},{"damage":1,"enemies":"Collector","floor":33,"turns":11},{"damage":0,"enemies":"Orb Walker","floor":35,"turns":6},{"damage":0,"floor":36,"turns":8},{"damage":0,"enemies":"Flame Bruiser 1 Orb","floor":39,"turns":7},{"damage":19,"enemies":"2 Orb Walkers","floor":41,"turns":5},{"damage":32,"enemies":"Transient","floor":45,"turns":5},{"damage":0,"enemies":"Maw","floor":48,"turns":9},{"damage":3,"enemies":"Awakened One","floor":50,"turns":21}],"relics_obtained":[{"floor":7.0,"key":"Molten Egg 2"},{"floor":8.0,"key":"Regal Pillow"},{"floor":9.0,"key":"Bottled Flame"},{"floor":12.0,"key":"Unceasing Top"},{"floor":26,"key":"War Paint"},{"floor":28,"key":"Cables"},{"floor":36,"key":"Prayer Wheel"},{"floor":41,"key":"Bird Faced Urn"},{"floor":43,"key":"Potion Belt"}],"event_choices":[{"event_name":"Living Wall","player_choice":"Grow","floor":2.0,"damage_taken":0.0},{"event_name":"Big Fish","player_choice":"Donut","floor":4.0,"damage_taken":0.0},{"event_name":"Golden Shrine","player_choice":"Pray","floor":11.0,"damage_taken":0.0},{"event_name":"Golden Shrine","player_choice":"Pray","floor":20,"damage_taken":0},{"event_name":"Ghosts","player_choice":"Ignored","floor":21,"damage_taken":0},{"event_name":"Knowing Skull","player_choice":"","floor":23,"damage_taken":0},{"event_name":"Mysterious Sphere","player_choice":"Fight","floor":36,"damage_taken":0},{"event_name":"Falling","player_choice":"Removed Attack","floor":38,"damage_taken":0},{"event_name":"SensoryStone","player_choice":"Memory 3","floor":46,"damage_taken":0},{"event_name":"Winding Halls","player_choice":"Writhe","floor":47,"damage_taken":0}],"boss_relics":[{"not_picked":["Runic Pyramid","Tiny House"],"picked":"Orrery"},{"not_picked":["Black Star","Snecko Eye"],"picked":"Runic Dome"}],"items_purged_floors":[],"potions_floor_spawned":[16,22,25,28,31,36,39],"seed_played":"-2753129941075129752","ascension_level":13,"potions_obtained":[{"floor":16.0,"key":"Poison Potion"},{"floor":22,"key":"Poison Potion"},{"floor":25,"key":"Swift Potion"},{"floor":28,"key":"FocusPotion"},{"floor":31,"key":"EntropicBrew"},{"floor":36,"key":"AttackPotion"}],"is_trial":false}