{"path_per_floor":["M","M","$","M","M","?","E","R","T","M","R","M","R","M","R","B",null,"M","$","?","M","M","M","?","R","T","?","R"],"character_chosen":"IRONCLAD","items_purchased":["Membership Card","Vajra","Iron Wave","Regen Potion","Juzu Bracelet"],"gold_per_floor":[364,377,0,11,24,24,49,49,72,84,84,100,100,118,118,195,195,207,22,22,37,55,71,71,71,71,71,71,71],"floor_reached":29,"campfire_rested":1,"playtime":959,"current_hp_per_floor":[74,70,70,63,62,62,50,50,50,42,42,48,48,46,46,38,69,55,55,55,53,38,19,19,19,19,19,46,0],"items_purged":["Injury"],"gold":71,"score":397,"play_id":"9d1a079d-024e-45dc-a72a-3964b971cb78","local_time":"20180405113949","is_prod":false,"is_daily":false,"is_ascension_mode":true,"campfire_upgraded":5,"timestamp":1522942789,"path_taken":["M","M","$","M","M","?","E","R","T","M","R","M","R","M","R","BOSS","M","$","?","M","M","M","?","R","T","?","R","M"],"build_version":"2018-03-29v2","purchased_purges":1,"victory":false,"master_deck":["Strike_R","Strike_R","Strike_R","Strike_R","Strike_R","Defend_R","Defend_R","Defend_R","Defend_R","Bash+1","AscendersBane","Thunderclap","Inflame+1","Iron Wave+1","Heavy Blade+1","Flex+1","Feed+1","Perfected Strike+1","Decay"],"max_hp_per_floor":[75,75,75,75,75,75,75,75,75,77,77,77,77,79,79,79,79,81,81,81,87,91,93,93,93,93,93,93,93],"relics":["Burning Blood","Membership Card","Vajra","Letter Opener","Singing Bowl","Mark of Pain","Juzu Bracelet","Magic Flower"],"card_choices":[{"not_picked":["Rage","Shrug It Off"],"picked":"Thunderclap","floor":1},{"not_picked":["Shrug It Off","Infernal Blade"],"picked":"Inflame","floor":2},{"not_picked":["Clothesline","Headbutt"],"picked":"Heavy Blade","floor":4},{"not_picked":["Evolve","Carnage"],"picked":"Flex","floor":12},{"not_picked":["Bludgeon","Exhume"],"picked":"Feed","floor":16},{"not_picked":["Thunderclap","Cleave"],"picked":"Perfected Strike","floor":22}],"player_experience":681372,"potions_floor_usage":[5,7,14,16,16,21],"damage_taken":[{"damage":0,"enemies":"2 Louse","floor":1,"turns":3},{"damage":10,"enemies":"Cultist","floor":2,"turns":5},{"damage":13,"enemies":"Jaw Worm","floor":4,"turns":4},{"damage":7,"enemies":"Looter","floor":5,"turns":3},{"damage":18,"enemies":"Gremlin Nob","floor":7,"turns":4},{"damage":16,"enemies":"Gremlin Gang","floor":10,"turns":3},{"damage":0,"enemies":"2 Fungi Beasts","floor":12,"turns":2},{"damage":22,"enemies":"Lots of Slimes","floor":14,"turns":5},{"damage":26,"enemies":"The Guardian","floor":16,"turns":8},{"damage":22,"enemies":"Spheric Guardian","floor":18,"turns":4},{"damage":14,"enemies":"Shell Parasite","floor":21,"turns":4},{"damage":25,"enemies":"Snecko","floor":22,"turns":4},{"damage":27,"enemies":"Chosen and Byrds","floor":23,"turns":6},{"damage":50,"enemies":"Slaver and Parasite","floor":29,"turns":5}],"event_choices":[{"event_name":"Upgrade Shrine","player_choice":"Upgraded","floor":6,"damage_taken":0},{"event_name":"Accursed Blacksmith","player_choice":"Forge","floor":20,"damage_taken":0},{"event_name":"Purifier","player_choice":"One Purge","floor":24,"damage_taken":0},{"event_name":"Forgotten Altar","player_choice":"Smashed Altar","floor":27,"damage_taken":0}],"boss_relics":[{"not_picked":["Calling Bell","Black Star"],"picked":"Mark of Pain"}],"potions_floor_spawned":[1,4,12,14,16],"seed_played":"2484972287471941471","killed_by":"Slaver and Parasite","ascension_level":15,"is_trial":false}