{"path_per_floor":["M","M","?","?","$","R","E","?","T","M","E","R","M","M","R","B",null,"M","?","M","?","?","R","?","R","T","R","E","M","$","M","R"],"character_chosen":"THE_SILENT","items_purchased":["Membership Card","Noxious Fumes","Snake Skull","Catalyst","Anchor","Apotheosis"],"gold_per_floor":[211,229,404,479,34,34,60,60,85,96,128,128,140,150,150,253,253,268,268,285,285,285,285,285,285,285,285,317,334,1,16,16],"floor_reached":33,"campfire_rested":3,"playtime":2106,"current_hp_per_floor":[70,70,70,59,59,59,39,39,39,35,21,42,42,42,42,14,56,20,20,20,20,20,41,64,64,64,64,25,6,6,5,26],"items_purged":["Doubt"],"gold":16,"score":373,"play_id":"2eb676e1-d323-446c-9afb-85a1cb10a864","is_prod":false,"is_daily":false,"is_ascension_mode":true,"campfire_upgraded":4,"path_taken":["M","?","?","?","$","R","E","?","T","M","E","R","?","M","R","BOSS","M","?","?","?","?","R","?","R","T","R","E","M","$","M","R","BOSS"],"build_version":"2018-02-15-PROD1","purchased_purges":1,"victory":false,"master_deck":["Defend_G+1","Defend_G","Defend_G+1","Defend_G","Defend_G","Strike_G","Strike_G","Strike_G","Survivor","Neutralize+1","Noxious Fumes","Noxious Fumes","Poisoned Stab","Setup+1","Corpse Explosion+1","Prepared","Deadly Poison","Night Terror+1","Blur","Bullet Time","Blur","Poisoned Stab","Catalyst","Apotheosis","Bouncing Flask+1"],"max_hp_per_floor":[70,70,70,70,70,70,70,70,70,70,70,70,70,70,70,70,70,70,70,70,70,70,70,70,70,70,70,70,70,70,70,70],"relics":["Ring of the Snake","Membership Card","Snake Skull","Darkstone Periapt","Omamori","War Paint","Velvet Choker","Oddly Smooth Stone","Ginger","Mercury Hourglass","Anchor"],"card_choices":[{"not_picked":["Deflect","PiercingWail"],"picked":"Noxious Fumes"},{"not_picked":["Bane","Dodge and Roll"],"picked":"Poisoned Stab"},{"not_picked":["Flechettes","Underhanded Strike"],"picked":"Corpse Explosion"},{"not_picked":["All Out Attack","Slice"],"picked":"Prepared"},{"not_picked":["Prepared","Bane"],"picked":"Deadly Poison"},{"not_picked":["Storm of Steel","Glass Knife"],"picked":"Night Terror"},{"not_picked":["Slice","Prepared"],"picked":"Blur"},{"not_picked":["Underhanded Strike","Slice"],"picked":"Bullet Time"},{"not_picked":["Sucker Punch","Caltrops"],"picked":"Blur"},{"not_picked":["Deflect","Flying Knee"],"picked":"Poisoned Stab"},{"not_picked":["Slice","Malaise"],"picked":"Bouncing Flask"}],"player_experience":346635,"potions_floor_usage":[7,13,16,18,20,29,31],"damage_taken":[{"damage":0,"enemies":"Cultist","floor":1,"turns":5},{"damage":0,"enemies":"Jaw Worm","floor":2,"turns":4},{"damage":20,"enemies":"Gremlin Nob","floor":7,"turns":5},{"damage":4,"enemies":"Small Slimes","floor":10,"turns":4},{"damage":14,"enemies":"Lagavulin","floor":11,"turns":8},{"damage":0,"enemies":"3 Louse","floor":13,"turns":3},{"damage":0,"enemies":"2 Fungi Beasts","floor":14,"turns":4},{"damage":28,"enemies":"Hexaghost","floor":16,"turns":8},{"damage":36,"enemies":"Chosen","floor":18,"turns":7},{"damage":0,"enemies":"Shell Parasite","floor":20,"turns":5},{"damage":39,"enemies":"Slavers","floor":28,"turns":4},{"damage":19,"enemies":"Sentry and Sphere","floor":29,"turns":6},{"damage":1,"enemies":"Cultist and Chosen","floor":31,"turns":6},{"damage":50,"enemies":"Automaton","floor":33,"turns":6}],"event_choices":[{"event_name":"Liars Game","player_choice":"agreed","floor":3,"damage_taken":0},{"event_name":"World of Goop","player_choice":"Gather Gold","floor":4,"damage_taken":0},{"event_name":"Transmorgrifier","player_choice":"Transform","floor":8,"damage_taken":0},{"event_name":"The Mausoleum","player_choice":"Yes","floor":19,"damage_taken":0},{"event_name":"Purifier","player_choice":"One Purge","floor":21,"damage_taken":0},{"event_name":"Drug Dealer","player_choice":"Ignored","floor":22,"damage_taken":0},{"event_name":"The Library","player_choice":"Heal","floor":24,"damage_taken":0}],"boss_relics":[{"not_picked":["Pandora\u0027s Box","Runic Dome"],"picked":"Velvet Choker"}],"potions_floor_spawned":[1,10,13,14,16,18,28],"seed_played":"7180463655672764427","killed_by":"Automaton","ascension_level":5,"is_trial":false}