{"gold_per_floor":[116,126,126,83,95,120,120,120,144,144,144,144,144],"floor_reached":13,"playtime":507,"items_purged":[],"score":162,"play_id":"2c1208b9-14c9-45a0-84ad-96126111b7a2","local_time":"20190502052116","is_ascension_mode":true,"campfire_choices":[{"floor":8,"key":"RECALL"},{"data":"Dagger Spray","floor":12,"key":"SMITH"}],"neow_cost":"NONE","seed_source_timestamp":818583215447380,"circlet_count":0,"master_deck":["AscendersBane","Defend_G","Defend_G","Defend_G","Defend_G","Defend_G","Strike_G","Strike_G","Strike_G","Strike_G","Survivor","Neutralize+1","Well Laid Plans","Cloak And Dagger","Footwork","Dagger Spray+1","PiercingWail"],"relics":["Ring of the Snake","NeowsBlessing","Pen Nib","Oddly Smooth Stone","Pantograph"],"potions_floor_usage":[6,13],"damage_taken":[{"damage":0,"enemies":"Cultist","floor":1,"turns":1},{"damage":0,"enemies":"2 Louse","floor":2,"turns":1},{"damage":0,"enemies":"Small Slimes","floor":5,"turns":1},{"damage":39,"enemies":"3 Sentries","floor":6,"turns":14},{"damage":5,"enemies":"3 Louse","floor":13,"turns":2}],"seed_played":"-8006125580699041809","potions_obtained":[{"floor":3,"key":"SkillPotion"},{"floor":3,"key":"FairyPotion"},{"floor":5,"key":"PowerPotion"}],"is_trial":false,"path_per_floor":["M","M","?","$","M","E","?","R","T","?","?","R","M"],"character_chosen":"THE_SILENT","items_purchased":["Footwork"],"campfire_rested":0,"item_purchase_floors":[4],"current_hp_per_floor":[59,59,59,59,59,20,13,13,13,2,2,2,0],"gold":144,"neow_bonus":"THREE_ENEMY_KILL","is_prod":false,"is_daily":false,"chose_seed":false,"campfire_upgraded":1,"win_rate":0,"timestamp":1556788876,"path_taken":["M","?","?","$","?","E","?","R","T","?","?","R","M"],"build_version":"2019-01-23","purchased_purges":0,"victory":false,"max_hp_per_floor":[66,66,66,66,66,66,66,66,66,66,66,66,66],"card_choices":[{"not_picked":["Deflect","Blade Dance"],"picked":"Well Laid Plans","floor":1},{"not_picked":["Predator","Concentrate"],"picked":"Cloak And Dagger","floor":2},{"not_picked":["Underhanded Strike","Dagger Throw"],"picked":"Dagger Spray","floor":5},{"not_picked":["Bullet Time","Storm of Steel"],"picked":"PiercingWail","floor":6}],"player_experience":2230302,"relics_obtained":[{"floor":6,"key":"Pen Nib"},{"floor":9,"key":"Oddly Smooth Stone"}],"event_choices":[{"damage_healed":0,"gold_gain":0,"player_choice":"Got Potions","damage_taken":0,"max_hp_gain":0,"max_hp_loss":0,"event_name":"Lab","floor":3,"gold_loss":0},{"cards_removed":["Strike_G"],"damage_healed":0,"gold_gain":0,"player_choice":"Card Removal","damage_taken":7,"max_hp_gain":0,"max_hp_loss":0,"event_name":"Golden Wing","floor":7,"gold_loss":0},{"damage_healed":0,"gold_gain":0,"player_choice":"Success","damage_taken":11,"relics_obtained":["Pantograph"],"max_hp_gain":0,"max_hp_loss":0,"event_name":"Scrap Ooze","floor":10,"gold_loss":0},{"damage_healed":0,"gold_gain":0,"player_choice":"Grow","damage_taken":0,"max_hp_gain":0,"max_hp_loss":0,"event_name":"Living Wall","floor":11,"gold_loss":0,"cards_upgraded":["Neutralize"]}],"is_beta":false,"boss_relics":[],"items_purged_floors":[],"is_endless":false,"potions_floor_spawned":[5],"killed_by":"3 Louse","ascension_level":20}