{"gold_per_floor":[114,57,70,85,103,103,59,88,88,13,13,13,13,13,13,90,90,100,100,115,71,71],"floor_reached":22,"playtime":509,"items_purged":[],"score":364,"play_id":"791f93f4-2559-4b7f-87b8-1d819da23515","local_time":"20190221150056","is_ascension_mode":true,"campfire_choices":[{"data":"Neutralize","floor":6,"key":"SMITH"},{"data":"Noxious Fumes","floor":11,"key":"SMITH"},{"data":"Cloak And Dagger","floor":15,"key":"SMITH"}],"neow_cost":"NONE","seed_source_timestamp":280076483518496,"circlet_count":0,"master_deck":["AscendersBane","Defend_G","Defend_G","Defend_G","Defend_G","Defend_G","Strike_G","Strike_G","Strike_G","Strike_G","Survivor","Neutralize+1","Noxious Fumes+1","Flying Knee","PiercingWail","Cloak And Dagger+1","Infinite Blades","Escape Plan","Well Laid Plans","Envenom+1","Backflip","Dagger Spray","Crippling Poison"],"relics":["Ring of the Snake","NeowsBlessing","Boot","The Specimen","Pear","Sozu"],"potions_floor_usage":[16,16,22],"damage_taken":[{"damage":0,"enemies":"Small Slimes","floor":1,"turns":1},{"damage":0,"enemies":"Cultist","floor":3,"turns":1},{"damage":0,"enemies":"Jaw Worm","floor":4,"turns":1},{"damage":3,"enemies":"Looter","floor":5,"turns":5},{"damage":14,"enemies":"3 Sentries","floor":8,"turns":8},{"damage":31,"enemies":"Hexaghost","floor":16,"turns":9},{"damage":29,"enemies":"3 Byrds","floor":18,"turns":4},{"damage":19,"enemies":"Spheric Guardian","floor":20,"turns":7},{"damage":16,"enemies":"3 Cultists","floor":22,"turns":4}],"seed_played":"-484919550626116527","potions_obtained":[{"floor":4,"key":"LiquidBronze"},{"floor":5,"key":"SteroidPotion"},{"floor":16,"key":"EssenceOfSteel"}],"is_trial":false,"path_per_floor":["M","?","M","M","M","R","$","E","T","$","R","$","$","?","R","B",null,"M","?","M","$","M"],"character_chosen":"THE_SILENT","items_purchased":["Infinite Blades","Well Laid Plans","Crippling Poison"],"campfire_rested":0,"item_purchase_floors":[7,10,21],"current_hp_per_floor":[59,59,59,59,56,56,56,42,52,52,52,52,52,52,52,21,62,33,33,14,14,0],"gold":71,"neow_bonus":"THREE_ENEMY_KILL","is_prod":false,"is_daily":false,"chose_seed":false,"campfire_upgraded":3,"win_rate":0,"timestamp":1550786456,"path_taken":["M","?","M","?","M","R","$","E","T","$","R","?","$","?","R","BOSS","M","?","?","$","M"],"build_version":"2019-02-06","purchased_purges":0,"victory":false,"max_hp_per_floor":[66,66,66,66,66,66,66,66,76,76,76,76,76,76,76,76,76,76,76,76,76,76],"card_choices":[{"not_picked":["Deflect","Dagger Spray"],"picked":"Noxious Fumes","floor":1},{"not_picked":["Quick Slash","Tactician"],"picked":"Flying Knee","floor":3},{"not_picked":["Flechettes","Catalyst"],"picked":"PiercingWail","floor":4},{"not_picked":["Blade Dance","Finisher"],"picked":"Cloak And Dagger","floor":5},{"not_picked":["Deadly Poison","Concentrate"],"picked":"Escape Plan","floor":8},{"not_picked":["Phantasmal Killer","Storm of Steel"],"picked":"Envenom","floor":16},{"not_picked":["Dodge and Roll","Blur"],"picked":"Backflip","floor":18},{"not_picked":["Concentrate","Dagger Throw"],"picked":"Dagger Spray","floor":20}],"player_experience":1121472,"relics_obtained":[{"floor":8,"key":"The Specimen"},{"floor":9,"key":"Pear"}],"event_choices":[{"damage_healed":0,"gold_gain":0,"player_choice":"Paid Gold","damage_taken":0,"relics_obtained":["Boot"],"max_hp_gain":0,"max_hp_loss":0,"event_name":"WeMeetAgain","floor":2,"gold_loss":57},{"cards_removed":["Strike_G"],"damage_healed":0,"gold_gain":0,"player_choice":"Forget","damage_taken":0,"max_hp_gain":0,"max_hp_loss":0,"event_name":"Living Wall","floor":14,"gold_loss":0},{"damage_healed":0,"gold_gain":0,"player_choice":"Upgraded","damage_taken":0,"max_hp_gain":0,"max_hp_loss":0,"event_name":"Upgrade Shrine","floor":19,"gold_loss":0,"cards_upgraded":["Envenom"]}],"is_beta":true,"boss_relics":[{"not_picked":["Empty Cage","White Beast Statue"],"picked":"Sozu"}],"items_purged_floors":[],"is_endless":false,"potions_floor_spawned":[4,5,16],"killed_by":"3 Cultists","ascension_level":20}