{"gold_per_floor":[109,124,139,157,175,175,194,194,219,219,69,84,117,133,133,233,233,252,252,269,269,280,280,308,48,48,77,95,105,105,135,135,234,234,246,246,246,14,24,49,49,49,49,111,111,123,123,123,123,123],"floor_reached":51,"playtime":5068,"items_purged":["Pain"],"score":878,"play_id":"342269f7-7e4c-476a-8081-9bc14975f46a","local_time":"20180804214813","is_ascension_mode":true,"campfire_choices":[{"data":"Limit Break","floor":6,"key":"SMITH"},{"floor":8,"key":"REST"},{"data":"Inflame","floor":10,"key":"SMITH"},{"data":"Defend_R","floor":15,"key":"SMITH"},{"data":"Whirlwind","floor":23,"key":"SMITH"},{"data":"Offering","floor":30,"key":"SMITH"},{"floor":32,"key":"REST"},{"floor":41,"key":"REST"},{"floor":45,"key":"REST"},{"floor":47,"key":"REST"},{"floor":49,"key":"REST"}],"neow_cost":"FIFTY_PERCENT_DAMAGE","seed_source_timestamp":939411491305215,"circlet_count":0,"master_deck":["Strike_R","Strike_R","Strike_R","Strike_R+1","Defend_R","Defend_R+1","Defend_R+1","Defend_R+1","Bash","Sword Boomerang","Inflame+1","Bloodletting","Limit Break+1","Heavy Blade+1","Shrug It Off","Flex","Reaper","Warcry","Offering+1","Clothesline","Cleave","Whirlwind+1","Thunderclap","Headbutt+1","Offering","Headbutt+1","Demon Form","Combust+1","Clumsy","Spot Weakness+1","Metallicize+1","Heavy Blade+1"],"relics":["Burning Blood","Lantern","War Paint","Whetstone","Sozu","Orichalcum","Kunai","Molten Egg 2","Bag of Marbles","Dodecahedron","Cursed Key","Toxic Egg 2","Ancient Tea Set","Question Card","Tiny Chest","Peace Pipe"],"potions_floor_usage":[4,16,16],"damage_taken":[{"damage":1,"enemies":"Cultist","floor":1,"turns":4},{"damage":12,"enemies":"2 Louse","floor":2,"turns":3},{"damage":9,"enemies":"Jaw Worm","floor":3,"turns":3},{"damage":7,"enemies":"Exordium Wildlife","floor":4,"turns":3},{"damage":4,"enemies":"Large Slime","floor":5,"turns":6},{"damage":16,"enemies":"Blue Slaver","floor":7,"turns":5},{"damage":6,"enemies":"Exordium Thugs","floor":12,"turns":5},{"damage":20,"enemies":"Lagavulin","floor":13,"turns":5},{"damage":13,"enemies":"3 Louse","floor":14,"turns":2},{"damage":42,"enemies":"The Guardian","floor":16,"turns":9},{"damage":9,"enemies":"3 Byrds","floor":18,"turns":4},{"damage":30,"enemies":"Spheric Guardian","floor":20,"turns":4},{"damage":23,"enemies":"Snake Plant","floor":22,"turns":4},{"damage":34,"enemies":"Gremlin Leader","floor":24,"turns":7},{"damage":37,"enemies":"Slavers","floor":27,"turns":5},{"damage":5,"enemies":"Centurion and Healer","floor":28,"turns":3},{"damage":5,"enemies":"Snecko","floor":29,"turns":1},{"damage":62,"enemies":"Book of Stabbing","floor":31,"turns":6},{"damage":30,"enemies":"Automaton","floor":33,"turns":6},{"damage":22,"enemies":"3 Darklings","floor":35,"turns":3},{"damage":8,"enemies":"Orb Walker","floor":39,"turns":3},{"damage":81,"enemies":"Giant Head","floor":40,"turns":7},{"damage":14,"enemies":"Nemesis","floor":44,"turns":5},{"damage":58,"enemies":"Maw","floor":46,"turns":7},{"damage":3,"floor":48,"turns":4},{"damage":87,"enemies":"Time Eater","floor":50,"turns":7}],"seed_played":"2349720750088694495","potions_obtained":[{"floor":2,"key":"PowerPotion"},{"floor":3,"key":"Poison Potion"},{"floor":7,"key":"FearPotion"}],"is_trial":false,"path_per_floor":["M","M","M","M","M","R","M","R","T","R","$","M","E","M","R","B",null,"M","?","M","?","M","R","E","$","T","E","M","M","R","E","R","B",null,"M","?","T","$","M","E","R","$","T","E","R","M","R","?","R","B"],"character_chosen":"IRONCLAD","items_purchased":["War Paint","Kunai","Demon Form"],"campfire_rested":6,"item_purchase_floors":[11,25,38],"current_hp_per_floor":[53,47,44,43,45,45,35,63,63,63,63,63,49,42,42,16,96,96,96,72,72,65,65,49,49,49,30,57,58,58,16,44,41,96,80,80,80,80,88,19,47,47,47,53,81,47,75,78,96,33],"gold":123,"neow_bonus":"TWENTY_PERCENT_HP_BONUS","is_prod":false,"is_daily":false,"chose_seed":false,"campfire_upgraded":5,"win_rate":0,"timestamp":1533433693,"path_taken":["M","?","M","M","M","R","?","R","T","R","$","?","E","M","R","BOSS","M","?","M","?","?","R","E","$","T","E","M","M","R","E","R","BOSS","M","?","?","$","M","E","R","$","T","E","R","M","R","?","R","BOSS"],"build_version":"2018-08-02","purchased_purges":1,"victory":true,"max_hp_per_floor":[96,96,96,96,96,96,96,96,96,96,96,96,96,96,96,96,96,96,96,96,96,96,96,96,96,96,96,96,96,96,96,96,96,96,96,96,96,96,96,96,96,96,96,96,96,96,96,96,96,96],"card_choices":[{"not_picked":["Body Slam","Evolve"],"picked":"Sword Boomerang","floor":1},{"not_picked":["Disarm","Perfected Strike"],"picked":"Inflame","floor":2},{"not_picked":["Headbutt","Body Slam"],"picked":"Bloodletting","floor":3},{"not_picked":["Iron Wave","Intimidate"],"picked":"Limit Break","floor":4},{"not_picked":["Flex","Warcry"],"picked":"Heavy Blade","floor":5},{"not_picked":["Anger","Infernal Blade"],"picked":"Shrug It Off","floor":7},{"not_picked":["Body Slam","Thunderclap"],"picked":"Flex","floor":12},{"not_picked":["Hemokinesis","Armaments"],"picked":"Reaper","floor":13},{"not_picked":["Rage","Shrug It Off"],"picked":"Warcry","floor":14},{"not_picked":["Exhume","Juggernaut"],"picked":"Offering","floor":16},{"not_picked":["Shrug It Off","Havoc"],"picked":"Clothesline","floor":18},{"not_picked":["Dropkick","Flex+1"],"picked":"Cleave","floor":20},{"not_picked":["Dual Wield+1","Clash"],"picked":"Whirlwind","floor":22},{"not_picked":["Anger","Clash"],"picked":"Thunderclap","floor":24},{"not_picked":["Infernal Blade","Perfected Strike+1"],"picked":"Headbutt+1","floor":27},{"not_picked":["Clothesline+1","Anger+1","Thunderclap+1"],"picked":"SKIP","floor":28},{"not_picked":["Dual Wield+1","Limit Break","Clothesline+1"],"picked":"SKIP","floor":29},{"not_picked":["Warcry","Limit Break","Armaments"],"picked":"SKIP","floor":31},{"not_picked":["Exhume","Bludgeon+1"],"picked":"Offering","floor":33},{"not_picked":["Perfected Strike+1","Bloodletting"],"picked":"Headbutt+1","floor":35},{"not_picked":["Headbutt+1","Thunderclap+1"],"picked":"Combust+1","floor":39},{"not_picked":["Combust","True Grit+1","Clash+1"],"picked":"SKIP","floor":40},{"not_picked":["Flame Barrier+1","Double Tap+1","Flex+1"],"picked":"Spot Weakness+1","floor":44},{"not_picked":["Thunderclap+1","Twin Strike+1","Fiend Fire+1"],"picked":"Metallicize+1","floor":46},{"not_picked":["Twin Strike+1","Uppercut+1","Sword Boomerang+1"],"picked":"Heavy Blade+1","floor":48}],"player_experience":222962,"relics_obtained":[{"floor":9,"key":"Lantern"},{"floor":13,"key":"Whetstone"},{"floor":24,"key":"Orichalcum"},{"floor":26,"key":"Molten Egg 2"},{"floor":27,"key":"Bag of Marbles"},{"floor":31,"key":"Dodecahedron"},{"floor":37,"key":"Toxic Egg 2"},{"floor":40,"key":"Ancient Tea Set"},{"floor":43,"key":"Question Card"},{"floor":44,"key":"Tiny Chest"},{"floor":48,"key":"Peace Pipe"}],"event_choices":[{"event_name":"Bonfire Elementals","player_choice":"BASIC","floor":19,"damage_taken":0},{"event_name":"Vampires","player_choice":"Ignored","floor":21,"damage_taken":0},{"event_name":"Tomb of Lord Red Mask","player_choice":"Ignored","floor":36,"damage_taken":0},{"event_name":"MindBloom","player_choice":"Fight","floor":48,"damage_taken":0}],"is_beta":false,"boss_relics":[{"not_picked":["Runic Cube","Philosopher\u0027s Stone"],"picked":"Sozu"},{"not_picked":["Mark of Pain","Fusion Hammer"],"picked":"Cursed Key"}],"items_purged_floors":[38],"is_endless":false,"potions_floor_spawned":[2,3,7,22,29,31,33,39,46,48],"ascension_level":3}