{"gold_per_floor":[212,225,239,255,13,13,48,65,89,100,27,59,59,59,59,59],"floor_reached":16,"playtime":946,"items_purged":[],"score":174,"play_id":"0b168385-4536-4398-8280-67ad06048f19","local_time":"20190318030619","is_ascension_mode":true,"campfire_choices":[{"data":"Static Discharge","floor":6,"key":"SMITH"},{"data":"Zap","floor":13,"key":"SMITH"},{"data":"Hologram","floor":15,"key":"SMITH"}],"neow_cost":"NONE","seed_source_timestamp":91497439244862,"circlet_count":0,"master_deck":["AscendersBane","Strike_B","Strike_B","Strike_B","Defend_B","Defend_B","Defend_B","Defend_B","Zap+1","Dualcast","Streamline","Hologram+1","Static Discharge+1","Auto Shields","Loop+1","Static Discharge+1","Machine Learning+1","Loop+1","Steam"],"relics":["Cracked Core","Frozen Egg 2","Mango","Bag of Preparation","Happy Flower"],"potions_floor_usage":[7,12,16],"damage_taken":[{"damage":0,"enemies":"2 Louse","floor":1,"turns":2},{"damage":0,"enemies":"Cultist","floor":2,"turns":3},{"damage":7,"enemies":"Jaw Worm","floor":3,"turns":3},{"damage":13,"enemies":"Looter","floor":4,"turns":4},{"damage":23,"enemies":"3 Sentries","floor":7,"turns":7},{"damage":10,"enemies":"Red Slaver","floor":8,"turns":5},{"damage":5,"enemies":"Exordium Thugs","floor":10,"turns":3},{"damage":15,"enemies":"Lagavulin","floor":12,"turns":4},{"damage":8,"enemies":"Hexaghost","floor":16,"turns":7}],"seed_played":"8849709729782645203","potions_obtained":[{"floor":1,"key":"Block Potion"},{"floor":8,"key":"Fire Potion"},{"floor":12,"key":"Poison Potion"}],"is_trial":false,"path_per_floor":["M","M","M","M","$","R","E","M","T","M","$","E","R","?","R","B"],"character_chosen":"DEFECT","items_purchased":["Frozen Egg 2","Loop+1"],"campfire_rested":0,"item_purchase_floors":[5,11],"current_hp_per_floor":[68,68,61,48,48,48,39,29,29,24,24,9,9,2,2,0],"gold":59,"neow_bonus":"HUNDRED_GOLD","is_prod":false,"is_daily":false,"chose_seed":false,"campfire_upgraded":3,"win_rate":0,"timestamp":1552892779,"path_taken":["M","M","M","M","$","R","E","M","T","M","$","E","R","?","R","BOSS"],"build_version":"2019-01-23","purchased_purges":0,"victory":false,"max_hp_per_floor":[75,75,75,75,75,75,89,89,89,89,89,89,89,89,89,89],"card_choices":[{"not_picked":["Scrape","Redo"],"picked":"Streamline","floor":1},{"not_picked":["Beam Cell","Auto Shields"],"picked":"Hologram","floor":2},{"not_picked":["Go for the Eyes","Leap"],"picked":"Static Discharge","floor":3},{"not_picked":["Redo","Gash"],"picked":"Auto Shields","floor":4},{"not_picked":["Coolheaded","Rebound"],"picked":"Loop+1","floor":7},{"not_picked":["Chill","Auto Shields"],"picked":"Static Discharge+1","floor":8},{"not_picked":["Recycle","Static Discharge+1"],"picked":"Machine Learning+1","floor":10},{"not_picked":["Leap","Recycle"],"picked":"Steam","floor":12}],"player_experience":1204922,"relics_obtained":[{"floor":7,"key":"Mango"},{"floor":9,"key":"Bag of Preparation"},{"floor":12,"key":"Happy Flower"}],"event_choices":[{"cards_removed":["Strike_B"],"damage_healed":0,"gold_gain":0,"player_choice":"Card Removal","damage_taken":7,"max_hp_gain":0,"max_hp_loss":0,"event_name":"Golden Wing","floor":14,"gold_loss":0}],"is_beta":false,"boss_relics":[],"items_purged_floors":[],"is_endless":false,"potions_floor_spawned":[1,8,12],"killed_by":"Hexaghost","ascension_level":11}