{"gold_per_floor":[114,130,205,205,216,216,233,233,257,272,99,99,54,65,65,186,186,223,223,6,47,65,91,39,39,39,39,39,39,39,56,56,56],"floor_reached":33,"playtime":1180,"items_purged":[],"score":305,"play_id":"3a6047be-2c24-409f-aca9-71fc218e1d67","local_time":"20190310000248","is_ascension_mode":false,"campfire_choices":[{"floor":6,"key":"REST"},{"floor":8,"key":"REST"},{"floor":12,"key":"REST"},{"data":"HandOfGreed","floor":15,"key":"SMITH"},{"floor":25,"key":"REST"},{"floor":28,"key":"REST"},{"floor":32,"key":"REST"}],"neow_cost":"NONE","seed_source_timestamp":715423893108086,"circlet_count":0,"master_deck":["Defend_G","Defend_G","Defend_G","Defend_G","Defend_G","Strike_G","Strike_G","Strike_G","Strike_G","Strike_G","Survivor","Neutralize","Heel Hook","Caltrops","Sucker Punch","Backstab","Masterful Stab","Poisoned Stab","HandOfGreed+1","Poisoned Stab","Catalyst","Adrenaline","Deadly Poison","Footwork","Deadly Poison","Flechettes+1","Outmaneuver+1","Deadly Poison","Catalyst","Footwork"],"relics":["Ring of the Snake","Anchor","Juzu Bracelet","Black Star","Bronze Scales","Girya","Regal Pillow","Enchiridion"],"potions_floor_usage":[2,14,16,18],"damage_taken":[{"damage":4,"enemies":"2 Louse","floor":1,"turns":2},{"damage":4,"enemies":"Jaw Worm","floor":2,"turns":6},{"damage":2,"enemies":"Small Slimes","floor":5,"turns":3},{"damage":5,"enemies":"Exordium Thugs","floor":7,"turns":6},{"damage":0,"enemies":"3 Louse","floor":10,"turns":2},{"damage":0,"enemies":"Exordium Wildlife","floor":14,"turns":2},{"damage":0,"enemies":"Slime Boss","floor":16,"turns":5},{"damage":0,"enemies":"Chosen","floor":18,"turns":4},{"damage":1,"enemies":"3 Byrds","floor":21,"turns":2},{"damage":21,"enemies":"Shelled Parasite and Fungi","floor":22,"turns":6},{"damage":42,"enemies":"Gremlin Leader","floor":23,"turns":6},{"damage":20,"enemies":"Cultist and Chosen","floor":31,"turns":5},{"damage":85,"enemies":"Automaton","floor":33,"turns":6}],"seed_played":"-4471572447303111440","potions_obtained":[{"floor":1,"key":"Block Potion"},{"floor":5,"key":"Poison Potion"},{"floor":7,"key":"FearPotion"},{"floor":16,"key":"LiquidBronze"},{"floor":23,"key":"SmokeBomb"}],"is_trial":false,"path_per_floor":["M","M","?","?","M","R","M","R","T","M","$","R","$","M","R","B",null,"M","?","$","M","M","E","$","R","T","?","R","?","$","M","R","B"],"character_chosen":"THE_SILENT","items_purchased":["HandOfGreed","Poisoned Stab","Bronze Scales","Footwork","Deadly Poison"],"campfire_rested":6,"item_purchase_floors":[11,13,20,20,24],"current_hp_per_floor":[66,62,51,18,16,37,32,53,53,53,53,70,70,70,70,70,70,70,70,70,69,48,6,6,42,42,26,62,62,62,42,70,0],"gold":56,"neow_bonus":"THREE_CARDS","is_prod":false,"is_daily":false,"chose_seed":false,"campfire_upgraded":1,"win_rate":0,"timestamp":1552194168,"path_taken":["M","M","?","?","?","R","M","R","T","M","$","R","$","M","R","BOSS","M","?","?","M","M","E","$","R","T","?","R","?","?","M","R","BOSS"],"build_version":"2019-01-23","purchased_purges":0,"victory":false,"max_hp_per_floor":[70,70,70,70,70,70,70,70,70,70,70,70,70,70,70,70,70,70,70,70,70,70,70,70,70,70,70,70,70,70,70,70,70],"card_choices":[{"not_picked":["Prepared","Leg Sweep"],"picked":"Heel Hook","floor":0},{"not_picked":["Acrobatics","Escape Plan"],"picked":"Caltrops","floor":1},{"not_picked":["Dodge and Roll","Acrobatics"],"picked":"Sucker Punch","floor":2},{"not_picked":["Riddle With Holes","Distraction"],"picked":"Backstab","floor":5},{"not_picked":["Dodge and Roll","Infinite Blades"],"picked":"Masterful Stab","floor":7},{"not_picked":["Expertise","PiercingWail"],"picked":"Poisoned Stab","floor":10},{"not_picked":["Backflip","Riddle With Holes"],"picked":"Catalyst","floor":14},{"not_picked":["After Image","Malaise"],"picked":"Adrenaline","floor":16},{"not_picked":["Poisoned Stab","Dodge and Roll"],"picked":"Deadly Poison","floor":18},{"not_picked":["Bane","Dagger Throw"],"picked":"Deadly Poison","floor":21},{"not_picked":["Finisher","Quick Slash"],"picked":"Flechettes+1","floor":22},{"not_picked":["Acrobatics+1","Choke"],"picked":"Outmaneuver+1","floor":23},{"not_picked":["Deflect","A Thousand Cuts"],"picked":"Footwork","floor":31}],"player_experience":656736,"relics_obtained":[{"floor":9,"key":"Juzu Bracelet"},{"floor":23,"key":"Girya"},{"floor":23,"key":"Regal Pillow"},{"floor":27,"key":"Enchiridion"}],"event_choices":[{"damage_healed":0,"gold_gain":75,"player_choice":"Gather Gold","damage_taken":11,"max_hp_gain":0,"max_hp_loss":0,"event_name":"World of Goop","floor":3,"gold_loss":0},{"damage_healed":0,"gold_gain":0,"player_choice":"Success","damage_taken":33,"relics_obtained":["Anchor"],"max_hp_gain":0,"max_hp_loss":0,"event_name":"Scrap Ooze","floor":4,"gold_loss":0},{"damage_healed":0,"gold_gain":0,"player_choice":"Ignored","damage_taken":0,"max_hp_gain":0,"max_hp_loss":0,"event_name":"WeMeetAgain","floor":19,"gold_loss":0},{"damage_healed":0,"gold_gain":0,"player_choice":"Obtained Book","damage_taken":16,"max_hp_gain":0,"max_hp_loss":0,"event_name":"Cursed Tome","floor":27,"gold_loss":0},{"damage_healed":0,"gold_gain":0,"player_choice":"Copied","damage_taken":0,"max_hp_gain":0,"max_hp_loss":0,"event_name":"Duplicator","floor":29,"gold_loss":0,"cards_obtained":["Catalyst"]}],"is_beta":false,"boss_relics":[{"not_picked":["Pandora\u0027s Box","Snecko Eye"],"picked":"Black Star"}],"items_purged_floors":[],"is_endless":false,"potions_floor_spawned":[1,5,7,16,23],"killed_by":"Automaton","ascension_level":0}