{"gold_per_floor":[119,137,137,149,163,194,194,209,233,233,243,243,260,287,287,287],"floor_reached":16,"playtime":729,"items_purged":[],"score":278,"play_id":"2dbe49de-62a0-450b-a8a1-b32f87324953","local_time":"20190319021723","is_ascension_mode":true,"campfire_choices":[{"data":"True Grit","floor":7,"key":"SMITH"},{"floor":10,"key":"REST"},{"data":"Demon Form","floor":12,"key":"SMITH"},{"data":"Barricade","floor":15,"key":"SMITH"}],"neow_cost":"NONE","seed_source_timestamp":175183705376029,"circlet_count":0,"master_deck":["AscendersBane","Strike_R","Strike_R","Strike_R","Strike_R","Defend_R","Defend_R","Defend_R","Defend_R","Bash","Demon Form+1","Pummel","True Grit+1","Barricade+1","Heavy Blade","Offering","Heavy Blade"],"relics":["Burning Blood","Orichalcum","Happy Flower","Centennial Puzzle"],"potions_floor_usage":[6,6,13,14],"damage_taken":[{"damage":2,"enemies":"Cultist","floor":1,"turns":4},{"damage":12,"enemies":"Jaw Worm","floor":2,"turns":3},{"damage":1,"enemies":"2 Louse","floor":4,"turns":3},{"damage":28,"enemies":"Red Slaver","floor":5,"turns":4},{"damage":42,"enemies":"3 Sentries","floor":6,"turns":10},{"damage":6,"enemies":"Gremlin Gang","floor":8,"turns":4},{"damage":16,"enemies":"Blue Slaver","floor":11,"turns":5},{"damage":8,"enemies":"Exordium Wildlife","floor":13,"turns":5},{"damage":6,"enemies":"Lagavulin","floor":14,"turns":4},{"damage":30,"enemies":"The Guardian","floor":16,"turns":2}],"seed_played":"-4654963724305539590","potions_obtained":[{"floor":4,"key":"BloodPotion"},{"floor":5,"key":"Block Potion"},{"floor":8,"key":"Dexterity Potion"},{"floor":11,"key":"EssenceOfSteel"}],"is_trial":false,"path_per_floor":["M","M","?","M","M","E","R","M","T","R","M","R","M","E","R","B"],"character_chosen":"IRONCLAD","items_purchased":[],"campfire_rested":1,"item_purchase_floors":[],"current_hp_per_floor":[72,66,66,71,49,20,20,20,20,42,32,32,30,30,30,0],"gold":287,"neow_bonus":"ONE_RANDOM_RARE_CARD","is_prod":false,"is_daily":false,"chose_seed":false,"campfire_upgraded":3,"win_rate":0,"timestamp":1552976243,"path_taken":["M","?","?","M","M","E","R","M","T","R","M","R","M","E","R","BOSS"],"build_version":"2019-01-23","purchased_purges":0,"victory":false,"max_hp_per_floor":[75,75,75,75,75,75,75,75,75,75,75,75,75,75,75,75],"card_choices":[{"not_picked":["Flex","Searing Blow"],"picked":"Pummel","floor":1},{"not_picked":["Thunderclap","Armaments"],"picked":"True Grit","floor":2},{"not_picked":["Twin Strike","Warcry"],"picked":"Heavy Blade","floor":4},{"not_picked":["Cleave","Heavy Blade"],"picked":"Offering","floor":5},{"not_picked":["Bloodletting","Warcry"],"picked":"Heavy Blade","floor":6},{"not_picked":["Anger","Combust","Warcry"],"picked":"SKIP","floor":8},{"not_picked":["Thunderclap","Perfected Strike","Searing Blow"],"picked":"SKIP","floor":11},{"not_picked":["Heavy Blade","Havoc","Dropkick"],"picked":"SKIP","floor":13},{"not_picked":["Juggernaut","Seeing Red","Evolve"],"picked":"SKIP","floor":14}],"player_experience":1248406,"relics_obtained":[{"floor":6,"key":"Orichalcum"},{"floor":9,"key":"Happy Flower"},{"floor":14,"key":"Centennial Puzzle"}],"event_choices":[{"damage_healed":0,"gold_gain":0,"cards_transformed":["Strike_R"],"player_choice":"Transformed","damage_taken":0,"max_hp_gain":0,"max_hp_loss":0,"event_name":"Transmorgrifier","floor":3,"gold_loss":0,"cards_obtained":["Barricade"]}],"is_beta":false,"boss_relics":[],"items_purged_floors":[],"is_endless":false,"potions_floor_spawned":[4,5,8,11],"killed_by":"The Guardian","ascension_level":20}