{"gold_per_floor":[362,382,392,392,43,43,60,60,131,156,156,156,185,197,197,273,273,284,302,302,302,29,44,54,54,105,125,125,139,139,173,173,246,246,261,261,361,372,372,372,403,403,403,421,455,455,482,497,497,497,497],"floor_reached":51,"playtime":3820,"items_purged":["Writhe"],"score":1730,"play_id":"88451dc9-040b-4280-8714-a60ea1883d5e","local_time":"20190503114839","is_ascension_mode":true,"campfire_choices":[{"data":"Zap","floor":6.0,"key":"SMITH"},{"data":"Dualcast","floor":8.0,"key":"SMITH"},{"floor":11.0,"key":"REST"},{"data":"Hologram","floor":15.0,"key":"SMITH"},{"data":"FTL","floor":25.0,"key":"SMITH"},{"data":"Barrage","floor":28.0,"key":"SMITH"},{"data":"Sweeping Beam","floor":30.0,"key":"SMITH"},{"data":"Buffer","floor":32.0,"key":"SMITH"},{"data":"Conserve Battery","floor":40.0,"key":"SMITH"},{"floor":42.0,"key":"RECALL"},{"floor":46.0,"key":"REST"},{"data":"Melter","floor":49.0,"key":"SMITH"}],"neow_cost":"CURSE","seed_source_timestamp":0,"circlet_count":0,"master_deck":["AscendersBane","Defend_B","Defend_B","Defend_B","Defend_B","Zap+1","Dualcast+1","Melter+1","Conserve Battery+1","Sweeping Beam+1","Ball Lightning","Hologram+1","FTL+1","Conserve Battery+1","Cold Snap+1","Reboot+1","Stack+1","J.A.X.+1","Bite","Bite","Bite","Bite+1","Barrage+1","Hologram+1","Steam Power+1","Hologram+1","Steam+1","Sweeping Beam+1","Buffer+1","Rip and Tear+1","Coolheaded+1","Darkness+1","Tempest+1"],"special_seed":0,"relics":["Cracked Core","Shuriken","Letter Opener","Dream Catcher","Toxic Egg 2","Busted Crown","DataDisk","Potion Belt","Inserter","Ice Cream","Anchor","Pocketwatch","Juzu Bracelet","Whetstone"],"potions_floor_usage":[51],"damage_taken":[{"damage":10.0,"enemies":"2 Louse","floor":1.0,"turns":2.0},{"damage":1.0,"enemies":"Cultist","floor":2.0,"turns":4.0},{"damage":0.0,"enemies":"Small Slimes","floor":3.0,"turns":4.0},{"damage":17.0,"enemies":"Exordium Thugs","floor":7.0,"turns":4.0},{"damage":25.0,"enemies":"Lagavulin","floor":10.0,"turns":6.0},{"damage":11.0,"enemies":"Gremlin Nob","floor":13.0,"turns":3.0},{"damage":3.0,"enemies":"Looter","floor":14.0,"turns":2.0},{"damage":0.0,"enemies":"Slime Boss","floor":16.0,"turns":7.0},{"damage":1.0,"enemies":"Spheric Guardian","floor":18.0,"turns":3.0},{"damage":11.0,"enemies":"Chosen","floor":19.0,"turns":4.0},{"damage":31.0,"enemies":"Shelled Parasite and Fungi","floor":23.0,"turns":4.0},{"damage":9.0,"enemies":"Centurion and Healer","floor":24.0,"turns":3.0},{"damage":6.0,"enemies":"Chosen and Byrds","floor":27.0,"turns":3.0},{"damage":0.0,"enemies":"Shelled Parasite and Fungi","floor":29.0,"turns":2.0},{"damage":42.0,"enemies":"Book of Stabbing","floor":31.0,"turns":4.0},{"damage":0.0,"enemies":"Collector","floor":33.0,"turns":9.0},{"damage":0.0,"enemies":"3 Shapes","floor":35.0,"turns":3.0},{"damage":18.0,"enemies":"Mind Bloom Boss Battle","floor":37.0,"turns":7.0},{"damage":6.0,"enemies":"3 Darklings","floor":38.0,"turns":4.0},{"damage":14.0,"enemies":"Nemesis","floor":41.0,"turns":7.0},{"damage":3.0,"enemies":"Jaw Worm Horde","floor":44.0,"turns":2.0},{"damage":32.0,"enemies":"Giant Head","floor":45.0,"turns":9.0},{"damage":0.0,"enemies":"Nemesis","floor":47.0,"turns":7.0},{"damage":3.0,"enemies":"Spire Growth","floor":48.0,"turns":4.0},{"damage":57.0,"enemies":"Awakened One","floor":50.0,"turns":12.0},{"damage":36,"enemies":"Donu and Deca","floor":51,"turns":6}],"seed_played":"-8105643792953562615","potions_obtained":[{"floor":2.0,"key":"LiquidBronze"},{"floor":7.0,"key":"FocusPotion"},{"floor":14.0,"key":"PowerPotion"},{"floor":16.0,"key":"Regen Potion"},{"floor":23.0,"key":"Strength Potion"},{"floor":24.0,"key":"FocusPotion"},{"floor":31.0,"key":"Explosive Potion"},{"floor":35.0,"key":"Ancient Potion"},{"floor":37.0,"key":"Energy Potion"},{"floor":45.0,"key":"Fire Potion"},{"floor":48.0,"key":"LiquidBronze"}],"is_trial":false,"path_per_floor":["M","M","M","?","$","R","M","R","T","E","R","?","E","M","R","B",null,"M","M","?","?","$","M","M","R","T","M","R","M","R","E","R","B",null,"M","?","?","M","?","R","E","R","T","M","E","R","E","M","R","B","B"],"character_chosen":"DEFECT","items_purchased":["Shuriken","DataDisk","Barrage","Hologram+1"],"campfire_rested":2,"item_purchase_floors":[5,22,22,22],"current_hp_per_floor":[54,53,53,53,53,53,36,36,36,11,32,32,21,18,18,18,58,57,46,46,46,46,37,38,38,38,40,40,46,46,15,15,27,44,49,49,41,43,43,43,33,33,33,36,18,32,42,49,49,17,0],"gold":497,"neow_bonus":"TWO_FIFTY_GOLD","is_prod":false,"is_daily":false,"chose_seed":false,"campfire_upgraded":9,"win_rate":0,"timestamp":1556898519,"path_taken":["M","M","M","?","$","R","?","R","T","E","R","?","E","M","R","BOSS","M","M","?","?","?","M","M","R","T","?","R","M","R","E","R","BOSS","M","?","?","M","?","R","E","R","T","M","E","R","E","M","R","BOSS","BOSS"],"build_version":"2019-01-23","purchased_purges":1,"victory":false,"max_hp_per_floor":[71,71,71,71,71,71,71,71,71,71,71,71,71,71,71,71,71,71,71,71,49,49,49,49,49,49,49,49,49,49,49,49,49,49,49,49,49,49,49,49,49,49,49,49,49,49,49,49,49,49,49],"card_choices":[{"not_picked":["Chaos","Gash"],"picked":"Melter","floor":1.0},{"not_picked":["Tempest","Streamline"],"picked":"Conserve Battery","floor":2.0},{"not_picked":["Gash","Beam Cell"],"picked":"Sweeping Beam","floor":3.0},{"not_picked":["Melter","Hello World"],"picked":"Ball Lightning","floor":7.0},{"not_picked":["Go for the Eyes","Beam Cell"],"picked":"Hologram","floor":10.0},{"not_picked":["Storm","Hologram"],"picked":"FTL","floor":11.0},{"not_picked":["Steam","Barrage"],"picked":"Conserve Battery","floor":13.0},{"not_picked":["Sweeping Beam","Amplify+1"],"picked":"Cold Snap","floor":14.0},{"not_picked":["Amplify+1","Biased Cognition"],"picked":"Reboot+1","floor":16.0},{"not_picked":[],"picked":"Stack+1","floor":18.0},{"not_picked":["Beam Cell"],"picked":"SKIP","floor":19.0},{"not_picked":[],"picked":"Steam Power+1","floor":23.0},{"not_picked":[],"picked":"Hologram+1","floor":24.0},{"not_picked":[],"picked":"Steam+1","floor":27.0},{"not_picked":[],"picked":"Sweeping Beam+1","floor":29.0},{"not_picked":[],"picked":"Buffer","floor":31.0},{"not_picked":[],"picked":"Rip and Tear+1","floor":35.0},{"not_picked":[],"picked":"Coolheaded+1","floor":38.0},{"not_picked":["Ball Lightning"],"picked":"SKIP","floor":41.0},{"not_picked":["Gash"],"picked":"SKIP","floor":44.0},{"not_picked":[],"picked":"Darkness+1","floor":45.0},{"not_picked":[],"picked":"Tempest+1","floor":46.0},{"not_picked":["Streamline"],"picked":"SKIP","floor":47.0},{"not_picked":["Leap+1"],"picked":"SKIP","floor":48.0}],"player_experience":2298114,"relics_obtained":[{"floor":9.0,"key":"Letter Opener"},{"floor":10.0,"key":"Dream Catcher"},{"floor":13.0,"key":"Toxic Egg 2"},{"floor":31.0,"key":"Potion Belt"},{"floor":37.0,"key":"Ice Cream"},{"floor":41.0,"key":"Anchor"},{"floor":43.0,"key":"Pocketwatch"},{"floor":45.0,"key":"Juzu Bracelet"},{"floor":47.0,"key":"Whetstone"}],"event_choices":[{"damage_healed":0.0,"max_hp_gain":0.0,"max_hp_loss":0.0,"gold_gain":0.0,"event_name":"Wheel of Change","player_choice":"Cursed","floor":4.0,"gold_loss":0.0,"damage_taken":0.0,"cards_obtained":["Decay"]},{"cards_removed":["Decay"],"damage_healed":0.0,"max_hp_gain":0.0,"max_hp_loss":0.0,"gold_gain":0.0,"event_name":"Fountain of Cleansing","player_choice":"Removed Curses","floor":12.0,"gold_loss":0.0,"damage_taken":0.0},{"damage_healed":0.0,"max_hp_gain":0.0,"max_hp_loss":0.0,"gold_gain":0.0,"event_name":"Drug Dealer","player_choice":"Obtain J.A.X.","floor":20.0,"gold_loss":0.0,"damage_taken":0.0,"cards_obtained":["J.A.X."]},{"damage_healed":0.0,"max_hp_gain":0.0,"max_hp_loss":22.0,"gold_gain":0.0,"event_name":"Vampires","player_choice":"Became a vampire","floor":21.0,"gold_loss":0.0,"damage_taken":0.0,"cards_obtained":["Bite","Bite","Bite","Bite","Bite"]},{"cards_removed":["Bite"],"damage_healed":0.0,"max_hp_gain":0.0,"max_hp_loss":0.0,"gold_gain":0.0,"event_name":"Falling","player_choice":"Removed Attack","floor":36.0,"gold_loss":0.0,"damage_taken":0.0},{"damage_healed":0.0,"max_hp_gain":0.0,"max_hp_loss":0.0,"gold_gain":0.0,"event_name":"MindBloom","player_choice":"Fight","floor":37.0,"gold_loss":0.0,"damage_taken":0.0},{"damage_healed":0.0,"max_hp_gain":0.0,"max_hp_loss":0.0,"gold_gain":0.0,"event_name":"Tomb of Lord Red Mask","player_choice":"Ignored","floor":39.0,"gold_loss":0.0,"damage_taken":0.0}],"is_beta":false,"boss_relics":[{"not_picked":["Ectoplasm","Pandora\u0027s Box"],"picked":"Busted Crown"},{"not_picked":["Tiny House","Astrolabe"],"picked":"Inserter"}],"items_purged_floors":[5],"is_endless":false,"potions_floor_spawned":[2,7,14,16,19,23,24,31,35,37,45,48],"killed_by":"Donu and Deca","ascension_level":20}