{"gold_per_floor":[214,43,56,67,67,101,111,111,191,191,202,217,217,251,251,323,323,323,263,263,27,27,27,27],"floor_reached":24,"playtime":1079,"items_purged":["Strike_R"],"score":416,"play_id":"7f9cba3d-6b55-4c69-badd-f258106b9ed8","local_time":"20190505211354","is_ascension_mode":true,"campfire_choices":[{"data":"Bash","floor":8.0,"key":"SMITH"},{"data":"Sword Boomerang","floor":10.0,"key":"SMITH"},{"data":"Armaments","floor":13.0,"key":"SMITH"},{"floor":15.0,"key":"REST"},{"data":"Disarm","floor":23,"key":"SMITH"}],"neow_cost":"NONE","seed_source_timestamp":1841036364140026,"circlet_count":0,"master_deck":["AscendersBane","Strike_R","Strike_R","Strike_R+1","Strike_R+1","Defend_R","Defend_R","Defend_R","Defend_R","Bash+1","Sword Boomerang+1","Twin Strike","Disarm+1","Anger","Reaper","Armaments+1","Evolve","Reaper","Spot Weakness","Metallicize","Flame Barrier"],"special_seed":0,"relics":["Burning Blood","Whetstone","Torii","Question Card","Red Skull","Ectoplasm","Bag of Preparation"],"potions_floor_usage":[19,19],"damage_taken":[{"damage":9.0,"enemies":"Small Slimes","floor":1.0,"turns":5.0},{"damage":10.0,"enemies":"2 Louse","floor":3.0,"turns":2.0},{"damage":0.0,"enemies":"Cultist","floor":4.0,"turns":3.0},{"damage":32.0,"enemies":"Gremlin Nob","floor":6.0,"turns":4.0},{"damage":12.0,"enemies":"Blue Slaver","floor":7.0,"turns":4.0},{"damage":2.0,"enemies":"Red Slaver","floor":11.0,"turns":3.0},{"damage":28.0,"enemies":"2 Fungi Beasts","floor":12.0,"turns":4.0},{"damage":30.0,"enemies":"Lagavulin","floor":14.0,"turns":8.0},{"damage":28.0,"enemies":"Slime Boss","floor":16.0,"turns":7.0},{"damage":31.0,"enemies":"Spheric Guardian","floor":18.0,"turns":5.0},{"damage":9,"enemies":"2 Thieves","floor":19,"turns":3},{"damage":22,"enemies":"Snake Plant","floor":20,"turns":5},{"damage":82,"enemies":"Slavers","floor":24,"turns":4}],"seed_played":"-538471284397636880","potions_obtained":[{"floor":3.0,"key":"Swift Potion"},{"floor":4.0,"key":"LiquidBronze"},{"floor":11.0,"key":"SteroidPotion"},{"floor":12.0,"key":"Energy Potion"},{"floor":14.0,"key":"Fruit Juice"},{"floor":16.0,"key":"EssenceOfSteel"},{"floor":18.0,"key":"PowerPotion"}],"is_trial":false,"path_per_floor":["M","$","M","M","?","E","M","R","T","R","M","M","R","E","R","B",null,"M","M","M","$","?","R","E"],"character_chosen":"IRONCLAD","items_purchased":["Whetstone","Bag of Preparation"],"campfire_rested":1,"item_purchase_floors":[2,21],"current_hp_per_floor":[65,65,61,67,72,46,40,40,40,40,44,26,26,9,33,23,70,47,52,47,47,47,47,0],"gold":27,"neow_bonus":"HUNDRED_GOLD","is_prod":false,"is_daily":false,"chose_seed":false,"campfire_upgraded":4,"win_rate":0,"timestamp":1557116034,"path_taken":["M","$","M","M","?","E","M","R","T","R","M","M","R","E","R","BOSS","M","M","M","$","?","R","E"],"build_version":"2019-04-23","purchased_purges":1,"victory":false,"max_hp_per_floor":[75,75,75,75,80,80,80,80,80,80,80,80,80,80,80,85,85,85,85,85,85,85,85,85],"card_choices":[{"not_picked":["Shockwave","Armaments"],"picked":"Sword Boomerang","floor":1.0},{"not_picked":["Clash","Perfected Strike"],"picked":"Twin Strike","floor":3.0},{"not_picked":["Evolve","Perfected Strike"],"picked":"Disarm","floor":4.0},{"not_picked":["Power Through","Body Slam"],"picked":"Anger","floor":6.0},{"not_picked":["Havoc","Uppercut"],"picked":"Reaper","floor":7.0},{"not_picked":["Thunderclap","Sentinel","Heavy Blade"],"picked":"Armaments","floor":11.0},{"not_picked":["Clash","Pommel Strike","Perfected Strike","Wild Strike"],"picked":"SKIP","floor":12.0},{"not_picked":["Clothesline","Sever Soul","Double Tap"],"picked":"Evolve","floor":14.0},{"not_picked":["Feed","Dark Embrace","Berserk"],"picked":"Reaper","floor":16.0},{"not_picked":["Thunderclap+1","Sword Boomerang","Combust"],"picked":"Spot Weakness","floor":18.0},{"not_picked":["Iron Wave","Twin Strike","True Grit"],"picked":"Metallicize","floor":19},{"not_picked":["Metallicize","Evolve","Burning Pact"],"picked":"Flame Barrier","floor":20}],"player_experience":1522398,"relics_obtained":[{"floor":6.0,"key":"Torii"},{"floor":9.0,"key":"Question Card"},{"floor":14.0,"key":"Red Skull"}],"event_choices":[{"damage_healed":0.0,"max_hp_gain":5.0,"max_hp_loss":0.0,"gold_gain":0.0,"event_name":"Big Fish","player_choice":"Donut","floor":5.0,"gold_loss":0.0,"damage_taken":0.0},{"damage_healed":0,"gold_gain":0,"player_choice":"Leave","damage_taken":0,"max_hp_gain":0,"max_hp_loss":0,"event_name":"FaceTrader","floor":22,"gold_loss":0}],"is_beta":true,"boss_relics":[{"not_picked":["Pandora\u0027s Box","Eternal Feather"],"picked":"Ectoplasm"}],"items_purged_floors":[21],"is_endless":false,"potions_floor_spawned":[3,4,11,12,14,16,18],"killed_by":"Slavers","ascension_level":20}