{"gold_per_floor":[116,130,140,160,160,160,193,193,193,193,227,248,248,261,261,261],"floor_reached":16,"playtime":1122,"items_purged":[],"score":224,"play_id":"5e94c640-50ca-4c23-b58d-9aee18c723a6","local_time":"20190319032903","is_ascension_mode":true,"campfire_choices":[{"data":"Bash","floor":6,"key":"SMITH"},{"data":"Shrug It Off","floor":8,"key":"SMITH"},{"data":"Evolve","floor":13,"key":"SMITH"},{"data":"Havoc","floor":15,"key":"SMITH"}],"neow_cost":"NONE","seed_source_timestamp":179091854800194,"circlet_count":0,"master_deck":["AscendersBane","Strike_R","Strike_R","Strike_R","Strike_R","Strike_R","Defend_R","Defend_R","Defend_R","Defend_R","Bash+1","Shrug It Off+1","Headbutt","Battle Trance","Evolve+1","Injury","Shrug It Off","Havoc+1"],"relics":["Burning Blood","Blood Vial","Bag of Marbles","Anchor","Golden Idol","Bottled Tornado"],"potions_floor_usage":[4,11,16],"damage_taken":[{"damage":6,"enemies":"Cultist","floor":1,"turns":3},{"damage":6,"enemies":"2 Louse","floor":2,"turns":3},{"damage":7,"enemies":"Small Slimes","floor":3,"turns":4},{"damage":9,"enemies":"Exordium Thugs","floor":4,"turns":5},{"damage":41,"enemies":"Lagavulin","floor":7,"turns":6},{"damage":31,"enemies":"Gremlin Nob","floor":11,"turns":4},{"damage":7,"enemies":"Red Slaver","floor":12,"turns":5},{"damage":0,"enemies":"3 Louse","floor":14,"turns":4},{"damage":57,"enemies":"Hexaghost","floor":16,"turns":9}],"seed_played":"314452134538544878","potions_obtained":[{"floor":1,"key":"BloodPotion"},{"floor":3,"key":"Fire Potion"},{"floor":7,"key":"Fire Potion"},{"floor":11,"key":"FearPotion"},{"floor":12,"key":"Regen Potion"}],"is_trial":false,"path_per_floor":["M","M","M","M","?","R","E","R","T","?","E","M","R","M","R","B"],"character_chosen":"IRONCLAD","items_purchased":[],"campfire_rested":0,"item_purchase_floors":[],"current_hp_per_floor":[70,72,73,72,77,77,44,44,44,44,29,30,30,38,38,0],"gold":261,"neow_bonus":"RANDOM_COMMON_RELIC","is_prod":false,"is_daily":false,"chose_seed":false,"campfire_upgraded":4,"win_rate":0,"timestamp":1552980543,"path_taken":["M","M","M","M","?","R","E","R","T","?","E","M","R","M","R","BOSS"],"build_version":"2019-01-23","purchased_purges":0,"victory":false,"max_hp_per_floor":[75,75,75,75,80,80,80,80,80,80,80,80,80,80,80,80],"card_choices":[{"not_picked":["Cleave","Rupture"],"picked":"Shrug It Off","floor":1},{"not_picked":["Rage","Heavy Blade"],"picked":"Headbutt","floor":2},{"not_picked":["Anger","Searing Blow"],"picked":"Battle Trance","floor":3},{"not_picked":["Sever Soul","Battle Trance"],"picked":"Evolve","floor":4},{"not_picked":["Clash","Warcry","Rage"],"picked":"SKIP","floor":7},{"not_picked":["Anger","Clash","Thunderclap"],"picked":"SKIP","floor":11},{"not_picked":["Warcry","Anger"],"picked":"Shrug It Off","floor":12},{"not_picked":["Fire Breathing","Body Slam"],"picked":"Havoc","floor":14}],"player_experience":1250933,"relics_obtained":[{"floor":7,"key":"Bag of Marbles"},{"floor":9,"key":"Anchor"},{"floor":11,"key":"Bottled Tornado"}],"event_choices":[{"damage_healed":0,"gold_gain":0,"player_choice":"Donut","damage_taken":0,"max_hp_gain":5,"max_hp_loss":0,"event_name":"Big Fish","floor":5,"gold_loss":0},{"damage_healed":0,"gold_gain":0,"player_choice":"Take Wound","damage_taken":0,"relics_obtained":["Golden Idol"],"max_hp_gain":0,"max_hp_loss":0,"event_name":"Golden Idol","floor":10,"gold_loss":0,"cards_obtained":["Injury"]}],"is_beta":false,"boss_relics":[],"items_purged_floors":[],"is_endless":false,"potions_floor_spawned":[1,3,7,11,12],"killed_by":"Hexaghost","ascension_level":20}