{"path_per_floor":["M","$","M","M","?","R","?","R","T","E","R","?","M","M","R","B",null,"M","M"],"character_chosen":"DEFECT","items_purchased":["Blizzard","Loop"],"gold_per_floor":[117,8,24,36,36,36,36,36,36,70,70,70,81,92,92,163,163,138,154,154],"floor_reached":20,"campfire_rested":1,"playtime":568,"item_purchase_floors":[2,2],"current_hp_per_floor":[57,57,57,57,71,71,71,71,71,43,43,43,39,27,48,33,62,39,7,0],"items_purged":[],"gold":154,"score":296,"play_id":"589a60ff-f207-4794-aadc-c2b2510a436b","local_time":"20180613165211","is_prod":false,"is_daily":false,"chose_seed":false,"is_ascension_mode":true,"campfire_upgraded":3,"win_rate":0,"timestamp":1528933931,"campfire_choices":[{"data":"Dualcast","floor":6,"key":"SMITH"},{"data":"Blizzard","floor":8,"key":"SMITH"},{"data":"Defragment","floor":11,"key":"SMITH"},{"floor":15,"key":"REST"}],"path_taken":["M","$","M","M","?","R","?","R","T","E","R","?","M","?","R","BOSS","M","M","M"],"build_version":"2018-06-13","seed_source_timestamp":285005125938803,"purchased_purges":0,"victory":false,"master_deck":["Strike_B","Strike_B","Strike_B","Defend_B","Defend_B","Defend_B","Defend_B","Zap+1","Dualcast+1","AscendersBane","Conserve Battery","Blizzard+1","Loop","Chill","Cold Snap","Defragment+1","Hologram","Static Discharge","Buffer","Stack"],"max_hp_per_floor":[71,71,71,71,71,71,71,71,71,71,71,71,71,71,71,71,71,71,71,71],"special_seed":0,"relics":["Cracked Core","Molten Egg 2","Omamori","Busted Crown"],"card_choices":[{"not_picked":["White Noise","Hologram"],"picked":"Conserve Battery","floor":1},{"not_picked":["Rebound","Auto Shields"],"picked":"Chill","floor":3},{"not_picked":["Auto Shields","Steam"],"picked":"Cold Snap","floor":4},{"not_picked":["Stack","Redo"],"picked":"Defragment","floor":10},{"not_picked":["Steam","Rebound+1"],"picked":"Hologram","floor":13},{"not_picked":["Barrage+1","Chaos"],"picked":"Static Discharge","floor":14},{"not_picked":["Thunder Strike+1","Hyperbeam+1"],"picked":"Buffer","floor":16},{"not_picked":[],"picked":"Stack","floor":18},{"not_picked":["Turbo"],"picked":"SKIP","floor":19}],"player_experience":653974,"potions_floor_usage":[10,16,20],"damage_taken":[{"damage":7,"enemies":"Jaw Worm","floor":1,"turns":3},{"damage":0,"enemies":"2 Louse","floor":3,"turns":2},{"damage":0,"enemies":"Cultist","floor":4,"turns":5},{"damage":28,"enemies":"Gremlin Nob","floor":10,"turns":5},{"damage":4,"enemies":"Exordium Wildlife","floor":13,"turns":3},{"damage":12,"enemies":"Looter","floor":14,"turns":5},{"damage":15,"enemies":"Slime Boss","floor":16,"turns":12},{"damage":23,"enemies":"2 Thieves","floor":18,"turns":5},{"damage":32,"enemies":"3 Byrds","floor":19,"turns":5},{"damage":8,"enemies":"Snake Plant","floor":20,"turns":2}],"relics_obtained":[{"floor":9,"key":"Molten Egg 2"},{"floor":10,"key":"Omamori"}],"event_choices":[{"event_name":"Big Fish","player_choice":"Banana","floor":5,"damage_taken":0},{"event_name":"Living Wall","player_choice":"Forget","floor":7,"damage_taken":0},{"event_name":"Dead Adventurer","player_choice":"Searched \u00270\u0027 times","floor":12,"damage_taken":0}],"boss_relics":[{"not_picked":["Runic Pyramid","White Beast Statue"],"picked":"Busted Crown"}],"items_purged_floors":[],"potions_floor_spawned":[1,3,4,14],"seed_played":"6380852315545144600","killed_by":"Snake Plant","ascension_level":14,"potions_obtained":[{"floor":1,"key":"Fire Potion"},{"floor":3,"key":"Energy Potion"},{"floor":4,"key":"Dexterity Potion"},{"floor":14,"key":"Strength Potion"}],"is_trial":false}