{"gold_per_floor":[409,409,52,67,79,79,104,104,104,104,121,138,138,170,170,244,244,255,273,188,202,202,202],"floor_reached":23,"playtime":1807,"items_purged":[],"score":367,"play_id":"3e541318-e6cf-4e0b-ab19-054f3b750467","local_time":"20190323035541","is_ascension_mode":true,"campfire_choices":[{"data":"Loop","floor":6,"key":"SMITH"},{"data":"Fission","floor":8,"key":"SMITH"},{"data":"Zap","floor":10,"key":"SMITH"},{"data":"Master of Strategy","floor":13,"key":"SMITH"},{"floor":15,"key":"REST"}],"neow_cost":"PERCENT_DAMAGE","seed_source_timestamp":525630592811799,"circlet_count":0,"master_deck":["AscendersBane","Strike_B","Strike_B","Strike_B","Strike_B","Defend_B","Defend_B","Defend_B","Defend_B","Zap+1","Dualcast","Reinforced Body","Cold Snap","Echo Form","Master of Strategy+1","Loop+1","Fission+1","Cold Snap","Coolheaded+1"],"relics":["Cracked Core","Old Coin","Singing Bowl","Torii","Pen Nib","Oddly Smooth Stone","Philosopher\u0027s Stone","Matryoshka"],"potions_floor_usage":[7,7,21,21],"damage_taken":[{"damage":0,"enemies":"Cultist","floor":1,"turns":4},{"damage":0,"enemies":"Small Slimes","floor":4,"turns":4},{"damage":6,"enemies":"2 Louse","floor":5,"turns":2},{"damage":4,"enemies":"Gremlin Nob","floor":7,"turns":5},{"damage":15,"enemies":"Exordium Thugs","floor":11,"turns":7},{"damage":1,"enemies":"3 Louse","floor":12,"turns":2},{"damage":22,"enemies":"3 Sentries","floor":14,"turns":7},{"damage":1,"enemies":"Slime Boss","floor":16,"turns":12},{"damage":6,"enemies":"Spheric Guardian","floor":18,"turns":4},{"damage":10,"enemies":"Shell Parasite","floor":19,"turns":4},{"damage":10,"enemies":"Centurion and Healer","floor":21,"turns":8},{"damage":98,"enemies":"Gremlin Leader","floor":23,"turns":8}],"seed_played":"-1997294757494660874","potions_obtained":[{"floor":1,"key":"Weak Potion"},{"floor":4,"key":"SpeedPotion"},{"floor":14,"key":"Weak Potion"},{"floor":16,"key":"GamblersBrew"}],"is_trial":false,"path_per_floor":["M","T","$","M","M","R","E","R","T","R","M","M","R","E","R","B",null,"M","M","?","M","?","E"],"character_chosen":"DEFECT","items_purchased":["Cold Snap","Echo Form","Master of Strategy"],"campfire_rested":1,"item_purchase_floors":[3,3,3],"current_hp_per_floor":[46,46,46,46,42,42,38,38,38,38,23,24,24,4,27,26,64,58,50,50,42,91,0],"gold":202,"neow_bonus":"ONE_RARE_RELIC","is_prod":false,"is_daily":false,"chose_seed":false,"campfire_upgraded":4,"win_rate":0,"timestamp":1553327741,"path_taken":["M","?","$","M","M","R","E","R","T","R","M","M","R","E","R","BOSS","M","?","?","M","?","E"],"build_version":"2019-01-23","purchased_purges":0,"victory":false,"max_hp_per_floor":[71,71,71,71,73,73,73,73,73,73,73,75,75,77,77,77,77,77,79,79,81,91,91],"card_choices":[{"not_picked":["Go for the Eyes","Rebound"],"picked":"Reinforced Body","floor":1},{"not_picked":["Static Discharge","Hologram"],"picked":"Loop","floor":4},{"not_picked":["Sweeping Beam","Steam","Beam Cell"],"picked":"Singing Bowl","floor":5},{"not_picked":["Stack","Chill"],"picked":"Fission","floor":7},{"not_picked":["Conserve Battery","Hologram"],"picked":"Cold Snap","floor":11},{"not_picked":["Gash","Barrage","Aggregate"],"picked":"Singing Bowl","floor":12},{"not_picked":["Sweeping Beam","Steam Power","Stack"],"picked":"Singing Bowl","floor":14},{"not_picked":["Rainbow","Thunder Strike"],"picked":"All For One","floor":16},{"not_picked":["Chill","Compile Driver"],"picked":"Coolheaded+1","floor":18},{"not_picked":["Gash","Chaos","Reprogram"],"picked":"Singing Bowl","floor":19},{"not_picked":["Storm","Gash","Redo"],"picked":"Singing Bowl","floor":21}],"player_experience":1364655,"relics_obtained":[{"floor":2,"key":"Singing Bowl"},{"floor":7,"key":"Torii"},{"floor":9,"key":"Pen Nib"},{"floor":14,"key":"Oddly Smooth Stone"}],"event_choices":[{"damage_healed":0,"gold_gain":0,"player_choice":"Obtained Relic","damage_taken":0,"relics_obtained":["Matryoshka"],"max_hp_gain":0,"max_hp_loss":0,"event_name":"Addict","floor":20,"gold_loss":85},{"cards_removed":["All For One"],"damage_healed":39,"gold_gain":0,"player_choice":"Offered Rare","damage_taken":0,"max_hp_gain":10,"max_hp_loss":0,"event_name":"Bonfire Elementals","floor":22,"gold_loss":0}],"is_beta":false,"boss_relics":[{"not_picked":["Orrery","Velvet Choker"],"picked":"Philosopher\u0027s Stone"}],"items_purged_floors":[],"is_endless":false,"potions_floor_spawned":[1,4,14,16],"killed_by":"Gremlin Leader","ascension_level":14}