{"gold_per_floor":[166,91,109,5,25,25,35,69,117,129,154,166,212,224,236,337,349,380,58,58,74,74,74,90,90,90,90,115,115,158,179,179,179],"floor_reached":33,"playtime":1207,"items_purged":["Strike_G"],"score":481,"play_id":"3b6b42bd-25b1-43ac-8c5a-282b131eaea2","local_time":"20180809213649","is_ascension_mode":true,"campfire_choices":[{"data":"Neutralize","floor":6,"key":"SMITH"},{"data":"Sucker Punch","floor":10,"key":"SMITH"},{"data":"Cloak And Dagger","floor":15,"key":"SMITH"},{"data":"Footwork","floor":23,"key":"SMITH"},{"data":"Footwork","floor":25,"key":"SMITH"},{"data":"Deadly Poison","floor":27,"key":"SMITH"},{"data":"Adrenaline","floor":29,"key":"SMITH"},{"floor":32,"key":"REST"}],"neow_cost":"NONE","seed_source_timestamp":366246024694046,"circlet_count":0,"master_deck":["Defend_G","Defend_G","Defend_G+1","Defend_G","Defend_G","Strike_G","Strike_G","Strike_G","Survivor","Neutralize+1","AscendersBane","Dodge and Roll","Deadly Poison+1","Sucker Punch+1","Dash","Poisoned Stab","Cloak And Dagger+1","PiercingWail","Caltrops","Adrenaline+1","Footwork+1","Footwork+1","Malaise"],"relics":["Tiny House","Blue Candle","MawBank","Regal Pillow","Golden Idol","Sozu","Kunai","Tingsha","Happy Flower"],"potions_floor_usage":[8,13,16,33],"damage_taken":[{"damage":0,"enemies":"Small Slimes","floor":1,"turns":5},{"damage":2,"enemies":"Jaw Worm","floor":3,"turns":4},{"damage":0,"enemies":"Cultist","floor":5,"turns":4},{"damage":2,"enemies":"Red Slaver","floor":7,"turns":6},{"damage":6,"enemies":"Gremlin Nob","floor":8,"turns":3},{"damage":4,"enemies":"3 Louse","floor":11,"turns":4},{"damage":15,"enemies":"Lagavulin","floor":13,"turns":6},{"damage":11,"enemies":"The Guardian","floor":16,"turns":13},{"damage":7,"enemies":"Chosen","floor":18,"turns":6},{"damage":0,"enemies":"3 Byrds","floor":21,"turns":5},{"damage":15,"enemies":"Centurion and Healer","floor":24,"turns":11},{"damage":0,"enemies":"Snake Plant","floor":28,"turns":6},{"damage":21,"enemies":"Slavers","floor":30,"turns":9},{"damage":7,"enemies":"Sentry and Sphere","floor":31,"turns":6},{"damage":64,"enemies":"Champ","floor":33,"turns":22}],"seed_played":"2023998147144527516","potions_obtained":[{"floor":0,"key":"Block Potion"},{"floor":3,"key":"FearPotion"},{"floor":11,"key":"PowerPotion"},{"floor":13,"key":"Explosive Potion"}],"is_trial":false,"path_per_floor":["M","?","M","$","M","R","M","E","T","R","M","$","E","?","R","B",null,"M","$","?","M","$","R","M","R","T","R","M","R","E","M","R"],"character_chosen":"THE_SILENT","items_purchased":["Dash","Poisoned Stab","Kunai"],"campfire_rested":1,"item_purchase_floors":[4,4,19],"current_hp_per_floor":[64,64,62,62,62,62,60,54,54,54,50,50,35,35,35,24,54,47,47,47,47,47,47,32,32,32,32,32,32,11,4,38,0],"gold":179,"neow_bonus":"BOSS_RELIC","is_prod":false,"is_daily":false,"chose_seed":false,"campfire_upgraded":7,"win_rate":0,"timestamp":1533875809,"path_taken":["M","?","M","?","M","R","?","E","T","R","M","?","E","?","R","BOSS","M","$","?","M","$","R","M","R","T","R","?","R","E","M","R","BOSS"],"build_version":"2018-08-08","purchased_purges":1,"victory":false,"max_hp_per_floor":[71,71,71,71,71,71,71,71,71,71,71,71,71,64,64,64,64,64,64,64,64,64,64,64,64,64,64,64,64,64,64,64,64],"card_choices":[{"not_picked":["Prepared","Skewer"],"picked":"Dodge and Roll","floor":0},{"not_picked":["Choke","Backflip"],"picked":"Deadly Poison","floor":1},{"not_picked":["Concentrate","Acrobatics"],"picked":"Sucker Punch","floor":3},{"not_picked":["Slice","Acrobatics","Doppelganger"],"picked":"SKIP","floor":5},{"not_picked":["Sucker Punch","Prepared","Heel Hook"],"picked":"SKIP","floor":7},{"not_picked":["Dagger Spray","Blur"],"picked":"Cloak And Dagger","floor":8},{"not_picked":["Outmaneuver","Acrobatics"],"picked":"PiercingWail","floor":11},{"not_picked":["Flechettes","Tactician"],"picked":"Caltrops","floor":13},{"not_picked":["Unload","Die Die Die"],"picked":"Adrenaline","floor":16},{"not_picked":["Dagger Throw","Calculated Gamble"],"picked":"Footwork","floor":18},{"not_picked":["Blur+1","Infinite Blades"],"picked":"Footwork","floor":21},{"not_picked":["Outmaneuver","All Out Attack","Sucker Punch"],"picked":"SKIP","floor":24},{"not_picked":["Deflect+1","Slice","Dagger Spray"],"picked":"SKIP","floor":28},{"not_picked":["Underhanded Strike","Leg Sweep"],"picked":"Malaise","floor":30},{"not_picked":["Eviscerate","Poisoned Stab","Sucker Punch"],"picked":"SKIP","floor":31}],"player_experience":867137,"relics_obtained":[{"floor":8,"key":"Blue Candle"},{"floor":9,"key":"MawBank"},{"floor":13,"key":"Regal Pillow"},{"floor":26,"key":"Tingsha"},{"floor":30,"key":"Happy Flower"}],"event_choices":[{"event_name":"The Cleric","player_choice":"Card Removal","floor":2,"damage_taken":0},{"event_name":"Golden Idol","player_choice":"Lose Max HP","floor":14,"damage_taken":0},{"event_name":"The Mausoleum","player_choice":"No","floor":20,"damage_taken":0}],"is_beta":true,"boss_relics":[{"not_picked":["Eternal Feather","Ectoplasm"],"picked":"Sozu"}],"items_purged_floors":[19],"is_endless":false,"potions_floor_spawned":[3,7,11,13,21,28],"killed_by":"Champ","ascension_level":15}