{"gold_per_floor":[111,111,111,111,36,36,56,92,92,113,93,108,124,162,162,162],"floor_reached":16,"playtime":406,"items_purged":["Injury"],"score":270,"play_id":"abb913dd-54bb-442f-9ebc-c0f1e957ffae","local_time":"20190328155855","is_ascension_mode":true,"campfire_choices":[{"data":"Zap","floor":6,"key":"SMITH"},{"data":"Streamline","floor":15,"key":"SMITH"}],"neow_cost":"NONE","seed_source_timestamp":1002513598106537,"circlet_count":0,"master_deck":["AscendersBane","Strike_B","Strike_B","Strike_B","Strike_B","Defend_B","Defend_B","Defend_B+1","Defend_B+1","Zap+1","Dualcast","Auto Shields+1","Streamline+1","Self Repair","Capacitor","Chill+1","Hologram","Hologram"],"relics":["Cracked Core","NeowsBlessing","Golden Idol","Bag of Marbles","Matryoshka","War Paint"],"potions_floor_usage":[12,14,16],"damage_taken":[{"damage":0,"enemies":"Small Slimes","floor":1,"turns":1},{"damage":0,"enemies":"2 Louse","floor":7,"turns":1},{"damage":0,"enemies":"Lagavulin","floor":8,"turns":1},{"damage":0,"enemies":"Cultist","floor":10,"turns":3},{"damage":6,"enemies":"Exordium Thugs","floor":12,"turns":4},{"damage":0,"enemies":"2 Fungi Beasts","floor":13,"turns":3},{"damage":39,"enemies":"Gremlin Nob","floor":14,"turns":4},{"damage":32,"enemies":"Hexaghost","floor":16,"turns":9}],"seed_played":"-6782861378238114388","potions_obtained":[{"floor":1,"key":"Poison Potion"},{"floor":11,"key":"FocusPotion"},{"floor":12,"key":"Energy Potion"},{"floor":14,"key":"Ancient Potion"}],"is_trial":false,"path_per_floor":["M","?","?","?","$","R","M","E","T","M","?","M","M","E","R","B"],"character_chosen":"DEFECT","items_purchased":[],"campfire_rested":0,"item_purchase_floors":[],"current_hp_per_floor":[64,69,69,46,46,46,46,46,46,53,53,54,61,29,29,0],"gold":162,"neow_bonus":"THREE_ENEMY_KILL","is_prod":false,"is_daily":false,"chose_seed":false,"campfire_upgraded":2,"win_rate":0,"timestamp":1553803135,"path_taken":["M","?","?","?","$","R","M","E","T","M","?","?","M","E","R","BOSS"],"build_version":"2019-01-23","purchased_purges":1,"victory":false,"max_hp_per_floor":[71,76,76,76,76,76,76,76,76,76,76,76,76,76,76,76],"card_choices":[{"not_picked":["Scrape","Steam"],"picked":"Auto Shields","floor":1},{"not_picked":["Coolheaded","Beam Cell"],"picked":"Streamline","floor":7},{"not_picked":["Turbo","Beam Cell"],"picked":"Self Repair","floor":8},{"not_picked":["Turbo","Force Field"],"picked":"Capacitor","floor":10},{"not_picked":["Chaos","Blizzard"],"picked":"Chill","floor":12},{"not_picked":["Beam Cell","Compile Driver"],"picked":"Hologram","floor":13},{"not_picked":["Conserve Battery","Gash"],"picked":"Hologram","floor":14}],"player_experience":1470682,"relics_obtained":[{"floor":8,"key":"Bag of Marbles"},{"floor":9,"key":"Matryoshka"},{"floor":14,"key":"War Paint"}],"event_choices":[{"damage_healed":0,"gold_gain":0,"player_choice":"Donut","damage_taken":0,"max_hp_gain":5,"max_hp_loss":0,"event_name":"Big Fish","floor":2,"gold_loss":0},{"damage_healed":0,"gold_gain":0,"player_choice":"Take Wound","damage_taken":0,"relics_obtained":["Golden Idol"],"max_hp_gain":0,"max_hp_loss":0,"event_name":"Golden Idol","floor":3,"gold_loss":0,"cards_obtained":["Injury"]},{"damage_healed":0,"gold_gain":0,"player_choice":"Entered Light","damage_taken":23,"max_hp_gain":0,"max_hp_loss":0,"event_name":"Shining Light","floor":4,"gold_loss":0,"cards_upgraded":["Defend_B","Auto Shields"]},{"damage_healed":0,"gold_gain":0,"player_choice":"Bought 1 Potion","damage_taken":0,"max_hp_gain":0,"max_hp_loss":0,"event_name":"The Woman in Blue","floor":11,"gold_loss":0}],"is_beta":false,"boss_relics":[],"items_purged_floors":[5],"is_endless":false,"potions_floor_spawned":[1,12,13,14],"killed_by":"Hexaghost","ascension_level":20}