{"gold_per_floor":[119,137,155,36,36,36,47,66,66,66,131,131,14,40,40,115,115,125,137,62,162,162],"floor_reached":22,"playtime":1038,"items_purged":[],"score":393,"play_id":"ebcf27d1-00e3-4c7f-806c-5252042c7cbc","local_time":"20190424233848","is_ascension_mode":true,"campfire_choices":[{"data":"Bash","floor":6,"key":"SMITH"},{"data":"Clothesline","floor":10,"key":"SMITH"},{"data":"Juggernaut","floor":12,"key":"SMITH"},{"data":"Flame Barrier","floor":15,"key":"SMITH"}],"neow_cost":"NONE","seed_source_timestamp":192652654080049,"circlet_count":0,"master_deck":["AscendersBane","Strike_R","Strike_R","Strike_R","Strike_R","Defend_R","Defend_R+1","Defend_R","Defend_R+1","Bash+1","Clothesline+1","Warcry","Flame Barrier+1","Metallicize","Reckless Charge","Inflame","Juggernaut+1","Feel No Pain","Shrug It Off","Body Slam+1","Impervious","Corruption","Shrug It Off+1","Hemokinesis+1"],"relics":["Burning Blood","Molten Egg 2","Pantograph","Bottled Lightning","Coffee Dripper","Sundial","Mango"],"potions_floor_usage":[8,11,14,21,21],"damage_taken":[{"damage":7,"enemies":"Jaw Worm","floor":1,"turns":4},{"damage":1,"enemies":"2 Louse","floor":2,"turns":3},{"damage":1,"enemies":"Small Slimes","floor":3,"turns":4},{"damage":3,"enemies":"Exordium Wildlife","floor":7,"turns":5},{"damage":0,"enemies":"3 Louse","floor":8,"turns":1},{"damage":52,"enemies":"Lagavulin Event","floor":11,"turns":7},{"damage":11,"enemies":"Lagavulin","floor":14,"turns":6},{"damage":30,"enemies":"The Guardian","floor":16,"turns":11},{"damage":11,"enemies":"2 Thieves","floor":18,"turns":4},{"damage":2,"enemies":"Chosen","floor":19,"turns":6},{"damage":3,"enemies":"Colosseum Slavers","floor":21,"turns":3},{"damage":60,"enemies":"Colosseum Nobs","floor":21,"turns":5},{"damage":28,"enemies":"Shelled Parasite and Fungi","floor":22,"turns":4}],"seed_played":"1903880216314028127","potions_obtained":[{"floor":1,"key":"AttackPotion"},{"floor":8,"key":"Swift Potion"},{"floor":11,"key":"Energy Potion"},{"floor":14,"key":"Fire Potion"},{"floor":16,"key":"Swift Potion"}],"is_trial":false,"path_per_floor":["M","M","M","$","?","R","M","M","T","R","?","R","$","E","R","B",null,"M","M","?","?","M"],"character_chosen":"IRONCLAD","items_purchased":["Metallicize","Reckless Charge","Feel No Pain","Shrug It Off"],"campfire_rested":0,"item_purchase_floors":[4,4,13,13],"current_hp_per_floor":[74,79,82,82,57,57,60,66,66,66,20,20,20,15,15,16,66,61,65,65,28,0],"gold":162,"neow_bonus":"TEN_PERCENT_HP_BONUS","is_prod":false,"is_daily":false,"chose_seed":false,"campfire_upgraded":4,"win_rate":0,"timestamp":1556163528,"path_taken":["M","M","M","$","?","R","M","M","T","R","?","R","?","E","R","BOSS","M","M","?","?","M"],"build_version":"2019-01-23","purchased_purges":0,"victory":false,"max_hp_per_floor":[82,82,82,82,82,82,82,82,82,82,82,82,82,82,82,82,82,82,82,82,96,96],"card_choices":[{"not_picked":["Fire Breathing","Heavy Blade"],"picked":"Clothesline","floor":1},{"not_picked":["Headbutt","Havoc"],"picked":"Warcry","floor":2},{"not_picked":["Iron Wave","Searing Blow"],"picked":"Flame Barrier","floor":3},{"not_picked":["Blood for Blood","Dropkick"],"picked":"Inflame","floor":7},{"not_picked":["Havoc","Reckless Charge","Twin Strike"],"picked":"SKIP","floor":8},{"not_picked":["Power Through","Rupture"],"picked":"Juggernaut","floor":11},{"not_picked":["Uppercut+1","Pummel+1"],"picked":"Body Slam+1","floor":14},{"not_picked":["Bludgeon+1","Demon Form"],"picked":"Impervious","floor":16},{"not_picked":["Carnage+1","Whirlwind+1"],"picked":"Corruption","floor":18},{"not_picked":["Sword Boomerang+1","Ghostly Armor"],"picked":"Shrug It Off+1","floor":19},{"not_picked":["Clash+1","Perfected Strike+1"],"picked":"Hemokinesis+1","floor":21}],"player_experience":1925199,"relics_obtained":[{"floor":9,"key":"Molten Egg 2"},{"floor":11,"key":"Pantograph"},{"floor":14,"key":"Bottled Lightning"},{"floor":21,"key":"Sundial"},{"floor":21,"key":"Mango"}],"event_choices":[{"damage_healed":0,"gold_gain":0,"player_choice":"Entered Light","damage_taken":25,"max_hp_gain":0,"max_hp_loss":0,"event_name":"Shining Light","floor":5,"gold_loss":0,"cards_upgraded":["Defend_R","Defend_R"]},{"damage_healed":0,"gold_gain":0,"player_choice":"Searched \u00271\u0027 times","damage_taken":0,"max_hp_gain":0,"max_hp_loss":0,"event_name":"Dead Adventurer","floor":11,"gold_loss":0},{"cards_removed":["Strike_R"],"damage_healed":0,"gold_gain":0,"player_choice":"Gave Gold","damage_taken":0,"max_hp_gain":0,"max_hp_loss":0,"event_name":"Beggar","floor":20,"gold_loss":75},{"damage_healed":0,"gold_gain":0,"player_choice":"Fight","damage_taken":0,"max_hp_gain":0,"max_hp_loss":0,"event_name":"Colosseum","floor":21,"gold_loss":0},{"damage_healed":0,"gold_gain":0,"player_choice":"Fought Nobs","damage_taken":0,"max_hp_gain":0,"max_hp_loss":0,"event_name":"Colosseum","floor":21,"gold_loss":0}],"is_beta":false,"boss_relics":[{"not_picked":["Runic Cube","Cursed Key"],"picked":"Coffee Dripper"}],"items_purged_floors":[],"is_endless":false,"potions_floor_spawned":[1,8,11,14,16,18,21],"killed_by":"Shelled Parasite and Fungi","ascension_level":20}