{"gold_per_floor":[111,124,124,136,151,182,182,332,356,387,5,5,5,21,21,21],"floor_reached":16,"playtime":334,"items_purged":[],"score":220,"play_id":"06449114-9fa6-4417-a2a8-6b841aa63154","local_time":"20190331142949","is_ascension_mode":true,"campfire_choices":[{"data":"Consume","floor":7,"key":"SMITH"},{"data":"Zap","floor":13,"key":"SMITH"},{"data":"Dualcast","floor":15,"key":"SMITH"}],"neow_cost":"NONE","seed_source_timestamp":1256456841841325,"circlet_count":0,"master_deck":["AscendersBane","Strike_B","Strike_B","Strike_B","Strike_B","Defend_B","Defend_B","Defend_B","Defend_B","Zap+1","Dualcast+1","Cold Snap","Sunder+1","Consume+1","Leap","Go for the Eyes","Doubt","Glacier","Mayhem+1","Ball Lightning"],"relics":["Cracked Core","NeowsBlessing","Ancient Tea Set","Lantern","Boot","Bag of Marbles"],"potions_floor_usage":[6,16],"damage_taken":[{"damage":0,"enemies":"Jaw Worm","floor":1,"turns":1},{"damage":0,"enemies":"Cultist","floor":2,"turns":1},{"damage":0,"enemies":"Small Slimes","floor":4,"turns":1},{"damage":0,"enemies":"Exordium Wildlife","floor":5,"turns":2},{"damage":13,"enemies":"Lagavulin","floor":6,"turns":6},{"damage":25,"enemies":"Gremlin Nob","floor":10,"turns":4},{"damage":3,"enemies":"Blue Slaver","floor":14,"turns":2},{"damage":33,"enemies":"Slime Boss","floor":16,"turns":3}],"seed_played":"8734778100682693339","potions_obtained":[{"floor":2,"key":"SteroidPotion"},{"floor":5,"key":"SkillPotion"},{"floor":10,"key":"FearPotion"}],"is_trial":false,"path_per_floor":["M","M","?","M","M","E","R","?","T","E","$","?","R","M","R","B"],"character_chosen":"DEFECT","items_purchased":["Mayhem","Bag of Marbles"],"campfire_rested":0,"item_purchase_floors":[11,11],"current_hp_per_floor":[64,64,64,64,64,51,51,51,51,26,26,26,26,23,23,0],"gold":21,"neow_bonus":"THREE_ENEMY_KILL","is_prod":false,"is_daily":false,"chose_seed":false,"campfire_upgraded":3,"win_rate":0,"timestamp":1554056989,"path_taken":["M","M","?","?","M","E","R","?","T","E","?","?","R","M","R","BOSS"],"build_version":"2019-01-23","purchased_purges":0,"victory":false,"max_hp_per_floor":[71,71,71,71,71,71,71,71,71,71,71,71,71,71,71,71],"card_choices":[{"not_picked":["Hologram","Streamline"],"picked":"Cold Snap","floor":1},{"not_picked":["Storm","Redo"],"picked":"Sunder","floor":2},{"not_picked":["Tempest","Scrape"],"picked":"Consume","floor":4},{"not_picked":["Steam","Sweeping Beam"],"picked":"Leap","floor":5},{"not_picked":["Conserve Battery","Compile Driver"],"picked":"Go for the Eyes","floor":6},{"not_picked":["Multi-Cast","Rainbow"],"picked":"Glacier","floor":10},{"not_picked":["Beam Cell","Coolheaded"],"picked":"Ball Lightning","floor":14}],"player_experience":1514029,"relics_obtained":[{"floor":6,"key":"Ancient Tea Set"},{"floor":9,"key":"Lantern"},{"floor":10,"key":"Boot"}],"event_choices":[{"damage_healed":0,"gold_gain":0,"player_choice":"Upgraded","damage_taken":0,"max_hp_gain":0,"max_hp_loss":0,"event_name":"Upgrade Shrine","floor":3,"gold_loss":0,"cards_upgraded":["Sunder"]},{"damage_healed":0,"gold_gain":150,"player_choice":"AGREE","damage_taken":0,"max_hp_gain":0,"max_hp_loss":0,"event_name":"Liars Game","floor":8,"gold_loss":0,"cards_obtained":["Doubt"]},{"damage_healed":0,"gold_gain":0,"player_choice":"Forge","damage_taken":0,"max_hp_gain":0,"max_hp_loss":0,"event_name":"Accursed Blacksmith","floor":12,"gold_loss":0,"cards_upgraded":["Mayhem"]}],"is_beta":false,"boss_relics":[],"items_purged_floors":[],"is_endless":false,"potions_floor_spawned":[2,5,10,14],"killed_by":"Slime Boss","ascension_level":20}