{"path_per_floor":["M","$","M","?","?","R","M","R","T","R","$","M","R","M","R","B",null,"M","?","?","?","?","M","T","R","T","M","$","R","M","M","R","B",null,"M","$","?","B"],"character_chosen":"IRONCLAD","items_purchased":["Warcry","Armaments","Dual Wield","Apotheosis"],"gold_per_floor":[114,10,29,29,29,29,52,52,52,52,12,28,28,51,51,140,140,164,164,164,164,164,179,206,206,206,226,35,35,51,72,72,166,166,182,107,107,107],"floor_reached":39,"campfire_rested":3,"playtime":1229,"current_hp_per_floor":[70,70,63,68,68,68,72,72,72,72,72,69,69,72,72,29,61,34,13,13,13,13,11,11,32,32,12,12,33,35,41,62,42,65,72,72,72,56],"items_purged":["Strike_R"],"gold":107,"score":999,"play_id":"24cac7db-a1ad-409d-b4bf-cb0d289e7cf9","local_time":"20180413230849","is_prod":false,"is_daily":false,"chose_seed":false,"is_ascension_mode":true,"campfire_upgraded":5,"timestamp":1523686129,"path_taken":["M","$","M","?","?","R","M","R","T","R","?","M","R","?","R","BOSS","M","?","?","?","?","M","?","R","T","M","$","R","M","M","R","BOSS","M","$","?","BOSS"],"build_version":"2018-04-12","seed_source_timestamp":179378360626597,"purchased_purges":1,"victory":true,"master_deck":["Strike_R","Strike_R","Strike_R","Strike_R","Defend_R","Defend_R","Defend_R","Defend_R","Bash+1","AscendersBane","Feel No Pain+1","Warcry","Armaments","Iron Wave","Demon Form+1","Dual Wield","Feel No Pain+1","Havoc+1","Exhume","Reckless Charge","Infernal Blade","Warcry","Apotheosis","Body Slam","Warcry","Impervious","Corruption+1"],"max_hp_per_floor":[75,75,75,80,72,72,72,72,72,72,72,72,72,72,72,72,72,72,72,72,72,72,72,72,72,72,72,72,72,72,72,72,72,72,72,72,72,72],"relics":["Burning Blood","Golden Idol","Charon\u0027s Ashes","Lizard Tail","Nilry\u0027s Codex","Oddly Smooth Stone","Omamori","Cursed Key"],"card_choices":[{"not_picked":["Pommel Strike","Sever Soul"],"picked":"Feel No Pain","floor":1},{"not_picked":["Carnage","Thunderclap"],"picked":"Iron Wave","floor":3},{"not_picked":["Heavy Blade","Headbutt"],"picked":"Demon Form","floor":7},{"not_picked":["Thunderclap","Cleave"],"picked":"Feel No Pain","floor":12},{"not_picked":["Sword Boomerang","Warcry"],"picked":"Havoc","floor":14},{"not_picked":["Double Tap","Demon Form"],"picked":"Exhume","floor":16},{"not_picked":["Flex","Cleave"],"picked":"Reckless Charge","floor":18},{"not_picked":["Burning Pact","Clash"],"picked":"Infernal Blade","floor":23},{"not_picked":["Armaments","Havoc"],"picked":"Warcry","floor":27},{"not_picked":["Thunderclap","Heavy Blade"],"picked":"Body Slam","floor":30},{"not_picked":["Battle Trance","Double Tap"],"picked":"Warcry","floor":31},{"not_picked":["Berserk","Bludgeon"],"picked":"Impervious","floor":33},{"not_picked":["Fire Breathing","Headbutt"],"picked":"Corruption","floor":35}],"player_experience":457378,"potions_floor_usage":[14,27,38],"damage_taken":[{"damage":4,"enemies":"Small Slimes","floor":1,"turns":5},{"damage":13,"enemies":"2 Louse","floor":3,"turns":4},{"damage":1,"enemies":"Jaw Worm","floor":7,"turns":6},{"damage":9,"enemies":"Red Slaver","floor":12,"turns":5},{"damage":0,"enemies":"2 Fungi Beasts","floor":14,"turns":3},{"damage":49,"enemies":"Hexaghost","floor":16,"turns":8},{"damage":33,"enemies":"Chosen","floor":18,"turns":7},{"damage":8,"enemies":"Shell Parasite","floor":23,"turns":5},{"damage":39,"enemies":"Centurion and Healer","floor":27,"turns":6},{"damage":4,"enemies":"Chosen and Byrds","floor":30,"turns":8},{"damage":0,"enemies":"Sentry and Sphere","floor":31,"turns":6},{"damage":26,"enemies":"Champ","floor":33,"turns":6},{"damage":0,"enemies":"3 Darklings","floor":35,"turns":5},{"damage":22,"enemies":"Time Eater","floor":38,"turns":12}],"event_choices":[{"event_name":"Big Fish","player_choice":"Donut","floor":4,"damage_taken":0},{"event_name":"Golden Idol","player_choice":"Lose Max HP","floor":5,"damage_taken":0},{"event_name":"Cursed Tome","player_choice":"Obtained Book","floor":19,"damage_taken":0},{"event_name":"The Lab","player_choice":"Got Potions","floor":20,"damage_taken":0},{"event_name":"Vampires","player_choice":"Ignored","floor":21,"damage_taken":0},{"event_name":"The Mausoleum","player_choice":"No","floor":22,"damage_taken":0},{"event_name":"SecretPortal","player_choice":"Took Portal.","floor":37,"damage_taken":0}],"boss_relics":[{"not_picked":["Velvet Choker","Calling Bell"],"picked":"Lizard Tail"},{"not_picked":["Snecko Eye","White Beast Statue"],"picked":"Cursed Key"}],"potions_floor_spawned":[3,14,18,35],"seed_played":"-2064569704142785014","ascension_level":15,"is_trial":false}