{"gold_per_floor":[111,128,148,93,105,134,134,161,161,196,196,212,224,93,93,169,169,169,169,169,169,169,169,169,169,169,169,169],"floor_reached":28,"playtime":1424,"items_purged":["Strike_R"],"score":558,"play_id":"54c0dc66-7a7a-4726-a421-e9461b71fe17","local_time":"20190503131933","is_ascension_mode":true,"campfire_choices":[{"data":"Bash","floor":7.0,"key":"SMITH"},{"floor":11.0,"key":"REST"},{"data":"True Grit","floor":15.0,"key":"SMITH"},{"data":"Juggernaut","floor":23,"key":"SMITH"},{"data":"Armaments","floor":25,"key":"SMITH"},{"data":"Metallicize","floor":27,"key":"SMITH"}],"neow_cost":"NONE","seed_source_timestamp":932660933536270,"circlet_count":0,"master_deck":["AscendersBane","Strike_R","Strike_R","Defend_R","Defend_R","Defend_R","Defend_R","Bash+1","Armaments+1","Cleave","Headbutt","Juggernaut+1","Metallicize+1","True Grit+1","Shrug It Off","Clothesline","Shrug It Off","Impervious","Disarm","Twin Strike","Intimidate","Spot Weakness"],"special_seed":0,"relics":["Burning Blood","WingedGreaves","Dream Catcher","Art of War","Dodecahedron","Ectoplasm","Enchiridion","Pantograph"],"potions_floor_usage":[24,28],"damage_taken":[{"damage":9.0,"enemies":"Jaw Worm","floor":1.0,"turns":7.0},{"damage":2.0,"enemies":"2 Louse","floor":2.0,"turns":4.0},{"damage":12.0,"enemies":"Small Slimes","floor":3.0,"turns":4.0},{"damage":4.0,"enemies":"2 Fungi Beasts","floor":5.0,"turns":3.0},{"damage":23.0,"enemies":"Lagavulin","floor":6.0,"turns":10.0},{"damage":19.0,"enemies":"3 Sentries","floor":8.0,"turns":7.0},{"damage":26.0,"enemies":"Gremlin Nob","floor":10.0,"turns":4.0},{"damage":0.0,"enemies":"3 Louse","floor":12.0,"turns":4.0},{"damage":0.0,"enemies":"Blue Slaver","floor":13.0,"turns":5.0},{"damage":10,"enemies":"Slime Boss","floor":16,"turns":11},{"damage":4,"enemies":"Shell Parasite","floor":18,"turns":8},{"damage":0,"enemies":"Book of Stabbing","floor":24,"turns":8},{"damage":23,"enemies":"Colosseum Slavers","floor":28,"turns":3},{"damage":86,"enemies":"Colosseum Nobs","floor":28,"turns":4}],"seed_played":"1688447247654353538","potions_obtained":[{"floor":3.0,"key":"Weak Potion"},{"floor":6.0,"key":"Poison Potion"},{"floor":10.0,"key":"SkillPotion"},{"floor":13.0,"key":"BloodPotion"},{"floor":18,"key":"Block Potion"}],"is_trial":false,"path_per_floor":["M","M","M","$","M","E","R","E","T","E","R","M","M","$","R","B",null,"M","?","?","?","?","R","E","R","T","R","?"],"character_chosen":"IRONCLAD","items_purchased":["Fire Potion","Shrug It Off"],"campfire_rested":1,"item_purchase_floors":[4,14],"current_hp_per_floor":[72,76,70,70,72,55,55,42,42,22,46,52,58,58,58,54,75,77,77,77,56,56,56,70,70,70,70,0],"gold":169,"neow_bonus":"TEN_PERCENT_HP_BONUS","is_prod":false,"is_daily":false,"chose_seed":false,"campfire_upgraded":5,"win_rate":0,"timestamp":1556903973,"path_taken":["M","M","M","$","M","E","R","E","T","E","R","M","M","$","R","BOSS","M","?","?","?","?","R","E","R","T","R","?"],"build_version":"2019-01-23","purchased_purges":1,"victory":false,"max_hp_per_floor":[82,82,82,82,82,82,82,82,82,82,82,82,82,82,82,82,82,82,82,82,82,82,82,82,82,82,82,82],"card_choices":[{"not_picked":["Warcry","Flex"],"picked":"Armaments","floor":1.0},{"not_picked":["Iron Wave","Twin Strike"],"picked":"Cleave","floor":2.0},{"not_picked":["Seeing Red","Thunderclap"],"picked":"Headbutt","floor":3.0},{"not_picked":["Rampage","Pommel Strike"],"picked":"Juggernaut","floor":5.0},{"not_picked":["Evolve","Pommel Strike"],"picked":"Metallicize","floor":6.0},{"not_picked":["Perfected Strike","Warcry"],"picked":"True Grit","floor":8.0},{"not_picked":["Second Wind","Sword Boomerang","Havoc"],"picked":"SKIP","floor":10.0},{"not_picked":["True Grit","Rampage"],"picked":"Shrug It Off","floor":11.0},{"not_picked":["True Grit","Pommel Strike"],"picked":"Clothesline","floor":12.0},{"not_picked":["Body Slam","Entrench","Clash"],"picked":"SKIP","floor":13.0},{"not_picked":["Bludgeon","Fiend Fire"],"picked":"Impervious","floor":16},{"not_picked":["Clash","Rage"],"picked":"Disarm","floor":18},{"not_picked":["Iron Wave","Twin Strike+1"],"picked":"Spot Weakness","floor":24}],"player_experience":2305428,"relics_obtained":[{"floor":6.0,"key":"WingedGreaves"},{"floor":8.0,"key":"Dream Catcher"},{"floor":9.0,"key":"Art of War"},{"floor":10.0,"key":"Dodecahedron"},{"floor":21,"key":"Enchiridion"},{"floor":24,"key":"Pantograph"}],"event_choices":[{"damage_healed":0,"gold_gain":0,"cards_transformed":["Strike_R","Strike_R"],"player_choice":"Became Test Subject","damage_taken":0,"max_hp_gain":0,"max_hp_loss":0,"event_name":"Drug Dealer","floor":19,"gold_loss":0,"cards_obtained":["Twin Strike","Intimidate"]},{"damage_healed":0,"gold_gain":0,"player_choice":"Ignored","damage_taken":0,"max_hp_gain":0,"max_hp_loss":0,"event_name":"Ghosts","floor":20,"gold_loss":0},{"damage_healed":0,"gold_gain":0,"player_choice":"Obtained Book","damage_taken":21,"max_hp_gain":0,"max_hp_loss":0,"event_name":"Cursed Tome","floor":21,"gold_loss":0},{"damage_healed":0,"gold_gain":0,"player_choice":"Ignored","damage_taken":0,"max_hp_gain":0,"max_hp_loss":0,"event_name":"Vampires","floor":22,"gold_loss":0},{"damage_healed":0,"gold_gain":0,"player_choice":"Fight","damage_taken":0,"max_hp_gain":0,"max_hp_loss":0,"event_name":"Colosseum","floor":28,"gold_loss":0},{"damage_healed":0,"gold_gain":0,"player_choice":"Fought Nobs","damage_taken":0,"max_hp_gain":0,"max_hp_loss":0,"event_name":"Colosseum","floor":28,"gold_loss":0}],"is_beta":false,"boss_relics":[{"not_picked":["Mark of Pain","Pandora\u0027s Box"],"picked":"Ectoplasm"}],"items_purged_floors":[14],"is_endless":false,"potions_floor_spawned":[3,6,10,13,18],"killed_by":"Colosseum Nobs","ascension_level":20}