{"gold_per_floor":[18,35,35,49,68,68,79,114,160,160,179,179,279,311,311,416,416,432,444,454,471,541,541,575,575,575,603,603,619,262,262,262,365,365,376,376,395,407,423,423],"floor_reached":40,"playtime":4847,"items_purged":["Well Laid Plans"],"score":589,"play_id":"9cdc23c0-4196-482a-9995-ed37fcba898c","local_time":"20190423112130","is_ascension_mode":true,"campfire_choices":[{"data":"Dodge and Roll","floor":6,"key":"SMITH"},{"floor":10,"key":"REST"},{"data":"Bullet Time","floor":12,"key":"SMITH"},{"data":"Dagger Throw","floor":15,"key":"SMITH"},{"floor":23,"key":"REST"},{"floor":25,"key":"REST"},{"floor":28,"key":"REST"},{"floor":32,"key":"REST"}],"neow_cost":"NO_GOLD","seed_source_timestamp":1009645514035670,"circlet_count":0,"master_deck":["Defend_G","Defend_G","Defend_G","Defend_G","Defend_G","Strike_G","Strike_G","Strike_G","Strike_G","Strike_G","Survivor","Neutralize+1","Dodge and Roll+1","Blur","PiercingWail","Dagger Throw+1","Bullet Time+1","Backflip","Crippling Poison","Tools of the Trade","Deadly Poison","Deadly Poison","Corpse Explosion","Dodge and Roll","Footwork+1","Envenom","Footwork","Acrobatics","Noxious Fumes+1","Crippling Poison+1"],"relics":["Ring of the Snake","Gambling Chip","Singing Bowl","Runic Pyramid","Paper Crane","Red Mask","Darkstone Periapt","Oddly Smooth Stone","Membership Card","Bottled Lightning","HoveringKite"],"potions_floor_usage":[16,16,21,27,33,33,33,35,38,39,40],"damage_taken":[{"damage":1,"enemies":"Jaw Worm","floor":1,"turns":5},{"damage":1,"enemies":"Cultist","floor":2,"turns":4},{"damage":0,"enemies":"2 Louse","floor":4,"turns":4},{"damage":12,"enemies":"Lots of Slimes","floor":5,"turns":7},{"damage":2,"enemies":"Red Slaver","floor":7,"turns":4},{"damage":39,"enemies":"Lagavulin","floor":8,"turns":14},{"damage":5,"enemies":"Looter","floor":11,"turns":4},{"damage":9,"enemies":"3 Sentries","floor":14,"turns":14},{"damage":25,"enemies":"Slime Boss","floor":16,"turns":13},{"damage":15,"enemies":"Chosen","floor":18,"turns":7},{"damage":15,"enemies":"3 Byrds","floor":19,"turns":8},{"damage":49,"enemies":"Cultist and Chosen","floor":20,"turns":10},{"damage":4,"enemies":"Shelled Parasite and Fungi","floor":21,"turns":6},{"damage":0,"enemies":"Masked Bandits","floor":24,"turns":3},{"damage":48,"enemies":"Gremlin Leader","floor":27,"turns":7},{"damage":1,"enemies":"Snake Plant","floor":29,"turns":4},{"damage":0,"enemies":"Champ","floor":33,"turns":15},{"damage":0,"enemies":"Orb Walker","floor":35,"turns":6},{"damage":7,"enemies":"3 Darklings","floor":37,"turns":4},{"damage":71,"enemies":"Transient","floor":38,"turns":5},{"damage":5,"enemies":"Jaw Worm Horde","floor":39,"turns":4},{"damage":18,"enemies":"Reptomancer","floor":40,"turns":2}],"seed_played":"-2143580233794477166","potions_obtained":[{"floor":2,"key":"Energy Potion"},{"floor":8,"key":"Ancient Potion"},{"floor":14,"key":"PowerPotion"},{"floor":18,"key":"EssenceOfSteel"},{"floor":21,"key":"EntropicBrew"},{"floor":24,"key":"LiquidBronze"},{"floor":33,"key":"FearPotion"},{"floor":35,"key":"SkillPotion"}],"is_trial":false,"path_per_floor":["M","M","?","M","M","R","M","E","T","R","M","R","?","E","R","B",null,"M","M","M","M","T","R","?","R","T","E","R","M","$","?","R","B",null,"M","?","M","M","M","E"],"character_chosen":"THE_SILENT","items_purchased":["Membership Card","Bottled Lightning"],"campfire_rested":5,"item_purchase_floors":[30,30],"current_hp_per_floor":[83,82,82,82,70,70,68,29,29,54,49,49,49,40,40,15,84,69,54,5,1,1,26,28,53,53,5,30,29,29,21,46,46,86,86,86,79,8,3,0],"gold":423,"neow_bonus":"TWENTY_PERCENT_HP_BONUS","is_prod":false,"is_daily":false,"chose_seed":false,"campfire_upgraded":3,"win_rate":0,"timestamp":1556014890,"path_taken":["M","M","?","M","M","R","?","E","T","R","M","R","?","E","R","BOSS","M","?","M","M","?","R","?","R","T","E","R","M","$","?","R","BOSS","M","?","M","?","M","E"],"build_version":"2019-01-23","purchased_purges":1,"victory":false,"max_hp_per_floor":[84,84,84,84,84,84,84,84,84,84,84,84,84,84,84,84,84,84,84,84,84,84,84,86,86,86,86,86,86,86,86,86,86,86,86,86,86,86,86,86],"card_choices":[{"not_picked":["Quick Slash","Dagger Spray"],"picked":"Dodge and Roll","floor":1},{"not_picked":["Acrobatics","Dagger Throw"],"picked":"Blur","floor":2},{"not_picked":["Flying Knee","Acrobatics"],"picked":"PiercingWail","floor":4},{"not_picked":["Flying Knee","Heel Hook"],"picked":"Dagger Throw","floor":5},{"not_picked":["Dagger Throw","Finisher"],"picked":"Bullet Time","floor":7},{"not_picked":["Deflect","Blade Dance"],"picked":"Backflip","floor":8},{"not_picked":["Skewer","Sucker Punch"],"picked":"Crippling Poison","floor":11},{"not_picked":["Expertise","Blade Dance"],"picked":"Well Laid Plans","floor":14},{"not_picked":["Wraith Form v2","Glass Knife"],"picked":"Tools of the Trade","floor":16},{"not_picked":["Underhanded Strike","Dagger Throw+1"],"picked":"Concentrate+1","floor":18},{"not_picked":["Masterful Stab","Dagger Throw"],"picked":"Deadly Poison","floor":19},{"not_picked":["Bane","Underhanded Strike"],"picked":"Deadly Poison","floor":20},{"not_picked":["Quick Slash","Cloak And Dagger+1"],"picked":"Corpse Explosion","floor":21},{"not_picked":["Dagger Throw+1","Choke","Quick Slash"],"picked":"Singing Bowl","floor":24},{"not_picked":["Heel Hook+1","Cloak And Dagger"],"picked":"Dodge and Roll","floor":27},{"not_picked":["Acrobatics","Quick Slash"],"picked":"Footwork+1","floor":29},{"not_picked":["Doppelganger","Bullet Time"],"picked":"Envenom","floor":33},{"not_picked":["Caltrops","Quick Slash"],"picked":"Footwork","floor":35},{"not_picked":["Masterful Stab+1","Prepared+1"],"picked":"Acrobatics","floor":37},{"not_picked":["Cloak And Dagger+1","Distraction+1"],"picked":"Noxious Fumes+1","floor":38},{"not_picked":["Blur","Setup"],"picked":"Crippling Poison+1","floor":39}],"player_experience":183126,"relics_obtained":[{"floor":8,"key":"Gambling Chip"},{"floor":14,"key":"Singing Bowl"},{"floor":22,"key":"Paper Crane"},{"floor":24,"key":"Red Mask"},{"floor":26,"key":"Darkstone Periapt"},{"floor":27,"key":"Oddly Smooth Stone"}],"event_choices":[{"damage_healed":0,"gold_gain":0,"player_choice":"Upgraded","damage_taken":0,"max_hp_gain":0,"max_hp_loss":0,"event_name":"Upgrade Shrine","floor":3,"gold_loss":0,"cards_upgraded":["Neutralize"]},{"damage_healed":0,"gold_gain":100,"player_choice":"Pray","damage_taken":0,"max_hp_gain":0,"max_hp_loss":0,"event_name":"Golden Shrine","floor":13,"gold_loss":0},{"damage_healed":0,"gold_gain":0,"player_choice":"Fought Bandits","damage_taken":0,"max_hp_gain":0,"max_hp_loss":0,"event_name":"Masked Bandits","floor":24,"gold_loss":0},{"damage_healed":0,"gold_gain":0,"player_choice":"Damaged","damage_taken":8,"max_hp_gain":0,"max_hp_loss":0,"event_name":"Wheel of Change","floor":31,"gold_loss":0},{"cards_removed":["Concentrate"],"damage_healed":0,"gold_gain":0,"player_choice":"Offered Uncommon","damage_taken":0,"max_hp_gain":0,"max_hp_loss":0,"event_name":"Bonfire Elementals","floor":36,"gold_loss":0}],"is_beta":false,"boss_relics":[{"not_picked":["Eternal Feather","Philosopher\u0027s Stone"],"picked":"Runic Pyramid"},{"not_picked":["Runic Dome","Velvet Choker"],"picked":"HoveringKite"}],"items_purged_floors":[30],"is_endless":false,"potions_floor_spawned":[2,8,14,18,21,24,33,35],"killed_by":"Reptomancer","ascension_level":4}