{"gold_per_floor":[110,127,202,213,163,198,213,172,196,196,196,213,213,242,242,316,316,336,336],"floor_reached":19,"playtime":724,"items_purged":[],"score":404,"play_id":"4c92e56c-b7af-4a68-808c-5e8b960f8771","local_time":"20190429051351","is_ascension_mode":true,"campfire_choices":[{"floor":10,"key":"REST"},{"data":"Zap","floor":13,"key":"SMITH"},{"data":"Undo","floor":15,"key":"SMITH"}],"neow_cost":"NONE","seed_source_timestamp":558689616434514,"circlet_count":0,"master_deck":["AscendersBane","Strike_B","Strike_B+1","Strike_B","Strike_B+1","Defend_B","Defend_B","Defend_B","Defend_B","Zap+1","Dualcast","Loop+1","Undo+1","Sweeping Beam","Cold Snap","Sweeping Beam","Doom and Gloom","FTL","Buffer","Streamline+1"],"relics":["Cracked Core","NeowsBlessing","Whetstone","Regal Pillow","Ancient Tea Set","Sozu"],"potions_floor_usage":[6,7],"damage_taken":[{"damage":0,"enemies":"Cultist","floor":1,"turns":1},{"damage":0,"enemies":"Small Slimes","floor":2,"turns":1},{"damage":0,"enemies":"Jaw Worm","floor":4,"turns":1},{"damage":33,"enemies":"Gremlin Nob","floor":6,"turns":4},{"damage":0,"enemies":"Large Slime","floor":7,"turns":4},{"damage":21,"enemies":"Exordium Thugs","floor":12,"turns":4},{"damage":23,"enemies":"Lagavulin","floor":14,"turns":7},{"damage":9,"enemies":"The Guardian","floor":16,"turns":10},{"damage":11,"enemies":"Spheric Guardian","floor":18,"turns":4},{"damage":46,"enemies":"Colosseum Slavers","floor":19,"turns":3}],"seed_played":"-3849886962665421681","potions_obtained":[{"floor":1,"key":"GamblersBrew"},{"floor":4,"key":"Energy Potion"},{"floor":6,"key":"Strength Potion"}],"is_trial":false,"path_per_floor":["M","M","?","M","$","E","M","$","T","R","?","M","R","E","R","B",null,"M","?"],"character_chosen":"DEFECT","items_purchased":["Cold Snap","FTL"],"campfire_rested":1,"item_purchase_floors":[5,8],"current_hp_per_floor":[64,64,53,53,53,20,20,20,20,56,56,35,35,12,12,3,54,43,0],"gold":336,"neow_bonus":"THREE_ENEMY_KILL","is_prod":false,"is_daily":false,"chose_seed":false,"campfire_upgraded":2,"win_rate":0,"timestamp":1556529231,"path_taken":["M","?","?","M","?","E","M","$","T","R","?","M","R","E","R","BOSS","M","?"],"build_version":"2019-01-23","purchased_purges":0,"victory":false,"max_hp_per_floor":[71,71,71,71,71,71,71,71,71,71,71,71,71,71,71,71,71,71,71],"card_choices":[{"not_picked":["Aggregate","Compile Driver"],"picked":"Loop","floor":1},{"not_picked":["Force Field","Recycle"],"picked":"Undo","floor":2},{"not_picked":["Redo","Steam"],"picked":"Sweeping Beam","floor":4},{"not_picked":["Rebound","Loop"],"picked":"Sweeping Beam","floor":6},{"not_picked":["Self Repair","Stack"],"picked":"Doom and Gloom","floor":7},{"not_picked":["Redo","Gash","Darkness"],"picked":"SKIP","floor":12},{"not_picked":["Lockon","Melter","Fission"],"picked":"SKIP","floor":14},{"not_picked":["Reboot","Meteor Strike"],"picked":"Buffer","floor":16},{"not_picked":["Leap","Turbo"],"picked":"Streamline+1","floor":18}],"player_experience":2080027,"relics_obtained":[{"floor":6,"key":"Whetstone"},{"floor":9,"key":"Regal Pillow"},{"floor":14,"key":"Ancient Tea Set"}],"event_choices":[{"damage_healed":0,"gold_gain":75,"player_choice":"Gather Gold","damage_taken":11,"max_hp_gain":0,"max_hp_loss":0,"event_name":"World of Goop","floor":3,"gold_loss":0},{"damage_healed":0,"gold_gain":0,"player_choice":"Upgraded","damage_taken":0,"max_hp_gain":0,"max_hp_loss":0,"event_name":"Upgrade Shrine","floor":11,"gold_loss":0,"cards_upgraded":["Loop"]},{"damage_healed":0,"gold_gain":0,"player_choice":"Fight","damage_taken":0,"max_hp_gain":0,"max_hp_loss":0,"event_name":"Colosseum","floor":19,"gold_loss":0}],"is_beta":false,"boss_relics":[{"not_picked":["Coffee Dripper","FrozenCore"],"picked":"Sozu"}],"items_purged_floors":[],"is_endless":false,"potions_floor_spawned":[1,4,6],"killed_by":"Colosseum Slavers","ascension_level":20}