{"gold_per_floor":[119,119,119,135,156,156,172,211,282,317,317,357,371,371,371,462,462,482,500,500,500,157,191,191,210,210,225,225,265,265,304,304,393,393,406,422,253,276,27,27,27,68,68,87,87,125,141,474,474,474,474,474,474,23,23],"floor_reached":55,"playtime":4290,"items_purged":["Strike_B"],"score":2156,"play_id":"28e4f88a-e06e-4e14-9d17-7dac2219ffa4","local_time":"20190406202844","is_ascension_mode":true,"campfire_choices":[{"data":"Go for the Eyes","floor":6.0,"key":"SMITH"},{"floor":11.0,"key":"REST"},{"data":"Capacitor","floor":15.0,"key":"SMITH"},{"data":"Blizzard","floor":24.0,"key":"SMITH"},{"floor":28.0,"key":"REST"},{"data":"Hologram","floor":32.0,"key":"SMITH"},{"data":"Fission","floor":40.0,"key":"SMITH"},{"floor":45.0,"key":"RECALL"},{"floor":49.0,"key":"REST"},{"data":"Seek","floor":53.0,"key":"SMITH"}],"neow_cost":"TEN_PERCENT_HP_LOSS","seed_source_timestamp":702022466768069,"circlet_count":0,"master_deck":["AscendersBane","Strike_B","Defend_B","Defend_B","Defend_B","Defend_B","Zap","Dualcast","Electrodynamics","Melter","Glacier","Go for the Eyes+1","Cold Snap","Conserve Battery","Seek+1","Undo","Capacitor+1","Core Surge","Blizzard+1","Steam","Steam Power","Electrodynamics","White Noise","Go for the Eyes","Hologram+1","Compile Driver","Hologram+1","Fission+1","Loop+1","Core Surge","Loop+1","Reinforced Body+1","Seek+1","Amplify+1","Self Repair","Doom and Gloom"],"special_seed":0,"relics":["Cracked Core","Thread and Needle","Mercury Hourglass","Oddly Smooth Stone","Bronze Scales","Kunai","Philosopher\u0027s Stone","Regal Pillow","Mummified Hand","Torii","DataDisk","Bottled Lightning","Inserter","PreservedInsect","Potion Belt","Dream Catcher","Toxic Egg 2","DollysMirror"],"potions_floor_usage":[],"damage_taken":[{"damage":6.0,"enemies":"Jaw Worm","floor":1.0,"turns":4.0},{"damage":15.0,"enemies":"Small Slimes","floor":4.0,"turns":3.0},{"damage":1.0,"enemies":"Cultist","floor":5.0,"turns":4.0},{"damage":21.0,"enemies":"Exordium Thugs","floor":7.0,"turns":4.0},{"damage":6.0,"enemies":"Gremlin Nob","floor":8.0,"turns":3.0},{"damage":3.0,"enemies":"Lagavulin","floor":10.0,"turns":7.0},{"damage":0.0,"enemies":"3 Sentries","floor":12.0,"turns":3.0},{"damage":0.0,"enemies":"Looter","floor":13.0,"turns":3.0},{"damage":25.0,"enemies":"Hexaghost","floor":16.0,"turns":10.0},{"damage":0.0,"enemies":"3 Byrds","floor":18.0,"turns":1.0},{"damage":9.0,"enemies":"2 Thieves","floor":19.0,"turns":4.0},{"damage":5.0,"enemies":"Gremlin Leader","floor":23.0,"turns":6.0},{"damage":0.0,"enemies":"Snecko","floor":25.0,"turns":5.0},{"damage":9.0,"enemies":"Shelled Parasite and Fungi","floor":27.0,"turns":3.0},{"damage":2.0,"enemies":"Book of Stabbing","floor":29.0,"turns":5.0},{"damage":0.0,"enemies":"Gremlin Leader","floor":31.0,"turns":5.0},{"damage":2.0,"enemies":"Automaton","floor":33.0,"turns":11.0},{"damage":0.0,"enemies":"3 Shapes","floor":35.0,"turns":3.0},{"damage":0.0,"enemies":"Orb Walker","floor":36.0,"turns":3.0},{"damage":9.0,"enemies":"Jaw Worm Horde","floor":38.0,"turns":4.0},{"damage":17.0,"enemies":"Nemesis","floor":42.0,"turns":5.0},{"damage":0.0,"enemies":"4 Shapes","floor":44.0,"turns":2.0},{"damage":6.0,"enemies":"Reptomancer","floor":46.0,"turns":4.0},{"damage":1.0,"enemies":"Writhing Mass","floor":47.0,"turns":5.0},{"damage":28.0,"enemies":"Awakened One","floor":50.0,"turns":22.0},{"damage":0.0,"enemies":"Donu and Deca","floor":51.0,"turns":9.0},{"damage":53,"enemies":"Shield and Spear","floor":55,"turns":3}],"seed_played":"-8338425505708239039","potions_obtained":[{"floor":7.0,"key":"Fire Potion"},{"floor":8.0,"key":"Swift Potion"},{"floor":10.0,"key":"Explosive Potion"},{"floor":13.0,"key":"Explosive Potion"},{"floor":25.0,"key":"Strength Potion"},{"floor":29.0,"key":"EntropicBrew"},{"floor":31.0,"key":"Swift Potion"},{"floor":35.0,"key":"Explosive Potion"},{"floor":42.0,"key":"GamblersBrew"}],"is_trial":false,"path_per_floor":["M","?","?","M","M","R","M","E","T","E","R","E","M","T","R","B",null,"M","M","?","?","$","E","R","M","T","M","R","E","?","E","R","B",null,"M","M","$","M","$","R","?","E","T","M","R","E","M","?","R","B","B",null,"R","$","E"],"character_chosen":"DEFECT","items_purchased":["Regal Pillow","Block Potion","AttackPotion","PreservedInsect","Potion Belt","FocusPotion","DollysMirror","Amplify+1","Self Repair","Doom and Gloom"],"campfire_rested":3,"item_purchase_floors":[22,22,22,37,39,39,54,54,54,54],"current_hp_per_floor":[58,58,58,43,42,42,21,15,15,12,29,29,29,29,29,4,45,45,36,36,36,36,31,31,31,31,22,54,52,52,52,52,50,56,56,56,56,47,47,47,47,30,30,30,30,24,23,23,54,26,26,48,48,48,0],"gold":23,"neow_bonus":"THREE_RARE_CARDS","is_prod":false,"is_daily":false,"chose_seed":false,"campfire_upgraded":6,"win_rate":0,"timestamp":1554607724,"path_taken":["M","?","?","M","M","R","M","E","T","E","R","E","M","?","R","BOSS","M","M","?","?","$","E","R","M","T","M","R","E","?","E","R","BOSS","M","M","$","?","$","R","?","E","T","M","R","E","M","?","R","BOSS","BOSS","R","$","E"],"build_version":"2019-04-04","purchased_purges":1,"victory":false,"max_hp_per_floor":[64,58,58,58,58,58,58,58,58,58,58,58,58,58,58,58,58,58,58,58,58,58,58,58,58,58,58,58,58,58,58,58,58,58,58,58,58,58,58,58,55,55,55,55,55,55,55,55,55,55,55,55,55,55,55],"card_choices":[{"not_picked":["Reboot","Creative AI"],"picked":"Electrodynamics","floor":0.0},{"not_picked":["Hologram","Beam Cell"],"picked":"Melter","floor":1.0},{"not_picked":["Beam Cell","Doom and Gloom"],"picked":"Glacier","floor":4.0},{"not_picked":["Compile Driver","Fusion"],"picked":"Go for the Eyes","floor":5.0},{"not_picked":["Redo","Consume"],"picked":"Cold Snap","floor":7.0},{"not_picked":["Sunder","Cold Snap"],"picked":"Conserve Battery","floor":8.0},{"not_picked":["Steam Power","Reprogram"],"picked":"Seek","floor":10.0},{"not_picked":["Force Field","Fusion"],"picked":"Undo","floor":12.0},{"not_picked":["Auto Shields","Genetic Algorithm"],"picked":"Capacitor","floor":13.0},{"not_picked":["Rainbow","Fission"],"picked":"Core Surge","floor":16.0},{"not_picked":["Conserve Battery","Turbo"],"picked":"Blizzard","floor":18.0},{"not_picked":["Darkness","Conserve Battery"],"picked":"Steam","floor":19.0},{"not_picked":["Conserve Battery","Leap"],"picked":"White Noise","floor":23.0},{"not_picked":["Cold Snap","Stack"],"picked":"Go for the Eyes","floor":25.0},{"not_picked":["Gash","Lockon"],"picked":"Hologram","floor":27.0},{"not_picked":["Core Surge","Leap"],"picked":"Compile Driver","floor":29.0},{"not_picked":["Leap","Hello World"],"picked":"Hologram","floor":31.0},{"not_picked":["Reboot","Rainbow"],"picked":"Fission","floor":33.0},{"not_picked":["Stack","Leap"],"picked":"Loop+1","floor":35.0},{"not_picked":["Redo","Chaos","Blizzard"],"picked":"SKIP","floor":36.0},{"not_picked":["Aggregate","Gash","Undo"],"picked":"SKIP","floor":38.0},{"not_picked":["Turbo","Hologram+1"],"picked":"Core Surge","floor":42.0},{"not_picked":["Hologram","Rebound"],"picked":"Loop+1","floor":44.0},{"not_picked":["Heatsinks","Doom and Gloom","Melter"],"picked":"SKIP","floor":46.0},{"not_picked":["Heatsinks","Beam Cell","Ball Lightning+1"],"picked":"SKIP","floor":47.0},{"not_picked":["Coolheaded+1","Sweeping Beam"],"picked":"Reinforced Body+1","floor":49.0}],"player_experience":1440308,"relics_obtained":[{"floor":8.0,"key":"Thread and Needle"},{"floor":9.0,"key":"Mercury Hourglass"},{"floor":10.0,"key":"Oddly Smooth Stone"},{"floor":12.0,"key":"Bronze Scales"},{"floor":14.0,"key":"Kunai"},{"floor":23.0,"key":"Mummified Hand"},{"floor":26.0,"key":"Torii"},{"floor":29.0,"key":"DataDisk"},{"floor":31.0,"key":"Bottled Lightning"},{"floor":42.0,"key":"Dream Catcher"},{"floor":46.0,"key":"Toxic Egg 2"}],"event_choices":[{"damage_healed":0.0,"max_hp_gain":0.0,"max_hp_loss":6.0,"gold_gain":0.0,"event_name":"Golden Idol","player_choice":"Lose Max HP","floor":2.0,"gold_loss":0.0,"damage_taken":0.0,"relics_obtained":["Golden Idol"]},{"damage_healed":0.0,"max_hp_gain":0.0,"max_hp_loss":0.0,"gold_gain":0.0,"event_name":"Liars Game","player_choice":"Ignored","floor":3.0,"gold_loss":0.0,"damage_taken":0.0},{"damage_healed":0.0,"max_hp_gain":0.0,"max_hp_loss":0.0,"gold_gain":0.0,"cards_transformed":["Strike_B","Strike_B"],"event_name":"Drug Dealer","player_choice":"Became Test Subject","floor":20.0,"gold_loss":0.0,"damage_taken":0.0,"cards_obtained":["Steam Power","Electrodynamics"]},{"damage_healed":0.0,"max_hp_gain":0.0,"max_hp_loss":0.0,"gold_gain":0.0,"event_name":"Cursed Tome","player_choice":"Ignored","floor":21.0,"gold_loss":0.0,"damage_taken":0.0},{"damage_healed":0.0,"max_hp_gain":0.0,"max_hp_loss":0.0,"gold_gain":0.0,"event_name":"Upgrade Shrine","player_choice":"Upgraded","floor":30.0,"gold_loss":0.0,"damage_taken":0.0,"cards_upgraded":["Hologram"]},{"damage_healed":0.0,"max_hp_gain":0.0,"max_hp_loss":3.0,"gold_gain":0.0,"event_name":"Winding Halls","player_choice":"Max HP","floor":41.0,"gold_loss":0.0,"damage_taken":0.0},{"damage_healed":0.0,"max_hp_gain":0.0,"max_hp_loss":0.0,"gold_gain":333.0,"event_name":"The Moai Head","player_choice":"Gave Idol","floor":48.0,"relics_lost":["Golden Idol"],"gold_loss":0.0,"damage_taken":0.0}],"is_beta":true,"boss_relics":[{"not_picked":["Orrery","Ectoplasm"],"picked":"Philosopher\u0027s Stone"},{"not_picked":["Cursed Key","Eternal Feather"],"picked":"Inserter"}],"items_purged_floors":[22],"is_endless":false,"potions_floor_spawned":[7,8,10,13,25,29,31,35,36,42],"killed_by":"Shield and Spear","ascension_level":20}