{"gold_per_floor":[115,115,115,16,31,31,31,70,95,133,133,133,133,148,148,239,239,260,284,209,209,134,134,154,193,193,211,230,230,264,288,288,288],"floor_reached":33,"playtime":987,"items_purged":["Strike_R"],"score":546,"play_id":"48cb50e9-857b-4b9c-85ec-16fa32783b4d","local_time":"20190302120736","is_ascension_mode":true,"campfire_choices":[{"data":"Bash","floor":7.0,"key":"SMITH"},{"data":"True Grit","floor":11.0,"key":"SMITH"},{"data":"Juggernaut","floor":13.0,"key":"SMITH"},{"data":"True Grit","floor":15.0,"key":"SMITH"},{"data":"Pommel Strike","floor":23,"key":"SMITH"},{"data":"Feel No Pain","floor":29,"key":"SMITH"},{"floor":32,"key":"RECALL"}],"neow_cost":"NONE","seed_source_timestamp":88716372306792,"circlet_count":0,"master_deck":["AscendersBane","Strike_R","Strike_R","Defend_R","Defend_R","Defend_R","Defend_R","Bash+1","Twin Strike","Iron Wave","Flash of Steel","True Grit+1","True Grit+1","Juggernaut+1","Pommel Strike+1","Limit Break+1","Armaments+1","Feel No Pain+1","Whirlwind+1","Power Through+1","Armaments+1","Shockwave+1"],"special_seed":0,"relics":["Burning Blood","Golden Idol","Bronze Scales","Anchor","Toxic Egg 2","Velvet Choker","Red Mask","Pocketwatch","Du-Vu Doll"],"potions_floor_usage":[25,25],"damage_taken":[{"damage":7.0,"enemies":"Small Slimes","floor":1.0,"turns":5.0},{"damage":0.0,"enemies":"2 Louse","floor":5.0,"turns":2.0},{"damage":48.0,"enemies":"Gremlin Nob","floor":8.0,"turns":5.0},{"damage":9.0,"enemies":"Lagavulin","floor":10.0,"turns":5.0},{"damage":0.0,"enemies":"Jaw Worm","floor":14.0,"turns":3.0},{"damage":23.0,"enemies":"Hexaghost","floor":16.0,"turns":8.0},{"damage":0.0,"enemies":"3 Byrds","floor":18.0,"turns":3.0},{"damage":17,"enemies":"2 Thieves","floor":19,"turns":4},{"damage":12,"enemies":"Snake Plant","floor":24,"turns":4},{"damage":1,"enemies":"Masked Bandits","floor":25,"turns":4},{"damage":12,"enemies":"Chosen and Byrds","floor":27,"turns":4},{"damage":5,"enemies":"Centurion and Healer","floor":28,"turns":6},{"damage":2,"enemies":"Gremlin Leader","floor":30,"turns":6},{"damage":0,"enemies":"Shelled Parasite and Fungi","floor":31,"turns":5},{"damage":65,"enemies":"Automaton","floor":33,"turns":8}],"seed_played":"6423331340672460015","potions_obtained":[{"floor":5.0,"key":"PowerPotion"},{"floor":8.0,"key":"AttackPotion"},{"floor":14.0,"key":"Fire Potion"},{"floor":16.0,"key":"Strength Potion"},{"floor":28,"key":"Ancient Potion"},{"floor":30,"key":"Strength Potion"}],"is_trial":false,"path_per_floor":["M","?","?","$","M","?","R","E","T","E","R","?","R","M","R","B",null,"M","M","$","?","?","R","M","?","T","M","M","R","E","M","R","B"],"character_chosen":"IRONCLAD","items_purchased":["Flash of Steel"],"campfire_rested":0,"item_purchase_floors":[4],"current_hp_per_floor":[67,60,65,65,71,71,71,29,29,26,26,26,26,32,32,15,58,64,53,53,53,53,53,47,52,52,46,47,47,51,57,57,0],"gold":288,"neow_bonus":"THREE_CARDS","is_prod":false,"is_daily":false,"chose_seed":false,"campfire_upgraded":6,"win_rate":0,"timestamp":1551553656,"path_taken":["M","?","?","$","M","?","R","E","T","E","R","?","R","M","R","BOSS","M","M","$","?","?","R","M","?","T","?","M","R","E","M","R","BOSS"],"build_version":"2019-02-06","purchased_purges":1,"victory":false,"max_hp_per_floor":[75,75,80,80,80,72,72,72,72,72,72,72,72,72,72,72,72,72,72,72,72,72,72,72,72,72,72,72,72,72,72,72,72],"card_choices":[{"not_picked":["Warcry","Clash"],"picked":"Twin Strike","floor":0.0},{"not_picked":["Anger","Second Wind"],"picked":"Iron Wave","floor":1.0},{"not_picked":["Intimidate","Carnage"],"picked":"True Grit","floor":5.0},{"not_picked":["Sword Boomerang","Flex"],"picked":"True Grit","floor":8.0},{"not_picked":["Entrench","Perfected Strike"],"picked":"Juggernaut","floor":10.0},{"not_picked":["Thunderclap","Combust"],"picked":"Pommel Strike","floor":14.0},{"not_picked":["Double Tap+1","Brutality"],"picked":"Limit Break+1","floor":16.0},{"not_picked":["Havoc+1","True Grit+1"],"picked":"Armaments+1","floor":18.0},{"not_picked":["Berserk","Uppercut"],"picked":"Feel No Pain","floor":19},{"not_picked":["Cleave","Seeing Red+1","Anger"],"picked":"SKIP","floor":24},{"not_picked":["Cleave","Heavy Blade"],"picked":"Whirlwind+1","floor":25},{"not_picked":["Flex+1","Blood for Blood","Berserk"],"picked":"SKIP","floor":27},{"not_picked":["Headbutt","Perfected Strike+1"],"picked":"Power Through+1","floor":28},{"not_picked":["Power Through+1","Flex+1"],"picked":"Armaments+1","floor":30},{"not_picked":["Headbutt","Clash"],"picked":"Shockwave+1","floor":31}],"player_experience":1141753,"relics_obtained":[{"floor":8.0,"key":"Bronze Scales"},{"floor":9.0,"key":"Anchor"},{"floor":10.0,"key":"Toxic Egg 2"},{"floor":25,"key":"Red Mask"},{"floor":26,"key":"Pocketwatch"},{"floor":30,"key":"Du-Vu Doll"}],"event_choices":[{"cards_removed":["Strike_R"],"damage_healed":0.0,"max_hp_gain":0.0,"max_hp_loss":0.0,"gold_gain":0.0,"event_name":"Golden Wing","player_choice":"Card Removal","floor":2.0,"gold_loss":0.0,"damage_taken":7.0},{"damage_healed":0.0,"max_hp_gain":5.0,"max_hp_loss":0.0,"gold_gain":0.0,"event_name":"Big Fish","player_choice":"Donut","floor":3.0,"gold_loss":0.0,"damage_taken":0.0},{"damage_healed":0.0,"max_hp_gain":0.0,"max_hp_loss":8.0,"gold_gain":0.0,"event_name":"Golden Idol","player_choice":"Lose Max HP","floor":6.0,"gold_loss":0.0,"damage_taken":0.0,"relics_obtained":["Golden Idol"]},{"damage_healed":0.0,"max_hp_gain":0.0,"max_hp_loss":0.0,"gold_gain":0.0,"event_name":"Liars Game","player_choice":"Ignored","floor":12.0,"gold_loss":0.0,"damage_taken":0.0},{"damage_healed":0,"gold_gain":0,"player_choice":"Ignored","damage_taken":0,"max_hp_gain":0,"max_hp_loss":0,"event_name":"Vampires","floor":21,"gold_loss":0},{"cards_removed":["Strike_R"],"damage_healed":0,"gold_gain":0,"player_choice":"Gave Gold","damage_taken":0,"max_hp_gain":0,"max_hp_loss":0,"event_name":"Beggar","floor":22,"gold_loss":75},{"damage_healed":0,"gold_gain":0,"player_choice":"Fought Bandits","damage_taken":0,"max_hp_gain":0,"max_hp_loss":0,"event_name":"Masked Bandits","floor":25,"gold_loss":0}],"is_beta":true,"boss_relics":[{"not_picked":["Runic Cube","Mark of Pain"],"picked":"Velvet Choker"}],"items_purged_floors":[20],"is_endless":false,"potions_floor_spawned":[5,8,14,16,18,24,28,30,31],"killed_by":"Automaton","ascension_level":20}