{"gold_per_floor":[119,119,7,25,44,44,76,76,76,101,101,18,52,67,67,139,139,149,162,162,162,45,45,57,57,57,69,69,80,80,105,105,180,180,199,299,347,347,361,361,379,379,379,379,379,379,389,39,39,39,39,39,39,39,65,65],"floor_reached":57,"playtime":2952,"items_purged":["Strike_R","Strike_R"],"score":2797,"play_id":"fa8cf5d0-3499-41ec-a79e-0723c806e811","local_time":"20190306162210","is_ascension_mode":true,"campfire_choices":[{"data":"Bash","floor":6.0,"key":"SMITH"},{"floor":8.0,"key":"REST"},{"floor":15.0,"key":"REST"},{"data":"True Grit","floor":23.0,"key":"SMITH"},{"data":"Metallicize","floor":25.0,"key":"SMITH"},{"data":"Reaper","floor":30.0,"key":"SMITH"},{"data":"True Grit","floor":32.0,"key":"SMITH"},{"floor":40.0,"key":"REST"},{"floor":44.0,"key":"RECALL"},{"data":"1","floor":46.0,"key":"LIFT"},{"data":"Feel No Pain","floor":49.0,"key":"SMITH"},{"data":"2","floor":53.0,"key":"LIFT"}],"neow_cost":"CURSE","seed_source_timestamp":0,"circlet_count":0,"master_deck":["AscendersBane","Defend_R","Defend_R","Defend_R","Defend_R","Bash+1","Reaper+1","Clothesline","Metallicize+1","True Grit+1","Sword Boomerang","Shockwave","Rage","Inflame","Havoc","Offering","Shrug It Off","Shockwave","Corruption","True Grit+1","Inflame+1","Entrench","Battle Trance","Offering","Disarm+1","Panache","Feel No Pain+1"],"special_seed":0,"relics":["Burning Blood","StoneCalendar","Bottled Tornado","Juzu Bracelet","Dead Branch","Snecko Eye","Letter Opener","Smiling Mask","Busted Crown","Pocketwatch","Girya","Bag of Preparation","Bag of Marbles"],"potions_floor_usage":[56],"damage_taken":[{"damage":19.0,"enemies":"Jaw Worm","floor":1.0,"turns":5.0},{"damage":0.0,"enemies":"Cultist","floor":4.0,"turns":4.0},{"damage":2.0,"enemies":"Small Slimes","floor":5.0,"turns":3.0},{"damage":55.0,"enemies":"Lagavulin","floor":7.0,"turns":8.0},{"damage":31.0,"enemies":"3 Sentries","floor":10.0,"turns":7.0},{"damage":26.0,"enemies":"Lagavulin","floor":13.0,"turns":7.0},{"damage":7.0,"enemies":"3 Louse","floor":14.0,"turns":5.0},{"damage":23.0,"enemies":"Slime Boss","floor":16.0,"turns":7.0},{"damage":35.0,"enemies":"Spheric Guardian","floor":18.0,"turns":6.0},{"damage":12.0,"enemies":"2 Thieves","floor":19.0,"turns":4.0},{"damage":0.0,"enemies":"Snecko","floor":24.0,"turns":3.0},{"damage":16.0,"enemies":"Centurion and Healer","floor":27.0,"turns":6.0},{"damage":6.0,"enemies":"Chosen and Byrds","floor":29.0,"turns":5.0},{"damage":29.0,"enemies":"Slavers","floor":31.0,"turns":2.0},{"damage":6.0,"enemies":"Collector","floor":33.0,"turns":6.0},{"damage":19.0,"enemies":"3 Shapes","floor":35.0,"turns":3.0},{"damage":6.0,"enemies":"Mind Bloom Boss Battle","floor":36.0,"turns":3.0},{"damage":37.0,"enemies":"2 Orb Walkers","floor":37.0,"turns":5.0},{"damage":29.0,"enemies":"3 Darklings","floor":39.0,"turns":4.0},{"damage":12.0,"enemies":"Transient","floor":41.0,"turns":6.0},{"damage":26.0,"enemies":"4 Shapes","floor":47.0,"turns":3.0},{"damage":6.0,"enemies":"Time Eater","floor":50.0,"turns":7.0},{"damage":30.0,"enemies":"Awakened One","floor":51.0,"turns":8.0},{"damage":12.0,"enemies":"Shield and Spear","floor":55.0,"turns":2.0},{"damage":15,"enemies":"The Heart","floor":56,"turns":9}],"seed_played":"4004018720274948505","potions_obtained":[{"floor":1.0,"key":"LiquidBronze"},{"floor":5.0,"key":"EssenceOfSteel"},{"floor":14.0,"key":"Poison Potion"},{"floor":16.0,"key":"AttackPotion"},{"floor":18.0,"key":"Ancient Potion"},{"floor":27.0,"key":"Explosive Potion"},{"floor":31.0,"key":"BloodPotion"},{"floor":36.0,"key":"Swift Potion"},{"floor":37.0,"key":"BloodPotion"},{"floor":47.0,"key":"Fire Potion"}],"is_trial":false,"path_per_floor":["M","?","$","M","M","R","E","R","T","E","?","$","E","M","R","B",null,"M","M","?","?","$","R","M","R","T","M","?","M","R","E","R","B",null,"M","?","?","?","M","R","M","?","T","R","?","R","M","$","R","B","B",null,"R","$","E","B",null],"character_chosen":"IRONCLAD","items_purchased":["Metallicize","Inflame","Corruption","True Grit","Feel No Pain","Bag of Preparation","PowerPotion"],"campfire_rested":3,"item_purchase_floors":[3,12,22,22,48,48,48],"current_hp_per_floor":[55,55,55,61,65,65,19,41,41,28,28,28,13,21,43,38,66,37,43,75,75,75,75,75,75,75,75,75,75,75,71,71,71,74,68,68,37,37,21,43,61,51,51,51,51,51,67,67,67,75,67,73,73,73,67,69],"gold":65,"neow_bonus":"THREE_RARE_CARDS","is_prod":false,"is_daily":false,"chose_seed":false,"campfire_upgraded":6,"win_rate":0,"timestamp":1551914530,"path_taken":["M","?","$","?","M","R","E","R","T","E","?","$","E","M","R","BOSS","M","M","?","?","?","R","M","R","T","M","?","M","R","E","R","BOSS","M","?","?","?","M","R","M","?","T","R","?","R","M","$","R","BOSS","BOSS","R","$","E","BOSS"],"build_version":"2019-02-06","purchased_purges":2,"victory":true,"max_hp_per_floor":[75,75,75,75,75,75,75,75,75,75,75,75,75,75,75,75,75,75,75,75,75,75,75,75,75,75,75,75,75,75,75,75,75,75,75,75,75,75,75,75,75,75,75,75,75,75,75,75,75,75,75,75,75,75,75,75],"card_choices":[{"not_picked":["Exhume","Brutality"],"picked":"Reaper","floor":0.0},{"not_picked":["Warcry","Twin Strike"],"picked":"Clothesline","floor":1.0},{"not_picked":["Armaments","Fire Breathing"],"picked":"True Grit","floor":4.0},{"not_picked":["Dropkick","Blood for Blood"],"picked":"Sword Boomerang","floor":5.0},{"not_picked":["Perfected Strike","Barricade"],"picked":"Shockwave","floor":7.0},{"not_picked":["Cleave","Searing Blow"],"picked":"Rage","floor":10.0},{"not_picked":["Entrench","Fire Breathing","Evolve"],"picked":"SKIP","floor":13.0},{"not_picked":["Iron Wave","Burning Pact"],"picked":"Havoc","floor":14.0},{"not_picked":["Double Tap","Reaper"],"picked":"Offering","floor":16.0},{"not_picked":["Pommel Strike","Wild Strike"],"picked":"Shrug It Off","floor":18.0},{"not_picked":["Sentinel","True Grit"],"picked":"Shockwave","floor":19.0},{"not_picked":["Dropkick","Twin Strike+1"],"picked":"Inflame+1","floor":24.0},{"not_picked":["Iron Wave","Double Tap"],"picked":"Entrench","floor":27.0},{"not_picked":["Thunderclap","Body Slam","Anger"],"picked":"SKIP","floor":29.0},{"not_picked":["Sever Soul","Heavy Blade","Sword Boomerang"],"picked":"SKIP","floor":31.0},{"not_picked":["Exhume","Immolate"],"picked":"Offering","floor":33.0},{"not_picked":["Thunderclap"],"picked":"SKIP","floor":35.0},{"not_picked":[],"picked":"Disarm+1","floor":37.0},{"not_picked":["Flex"],"picked":"SKIP","floor":39.0},{"not_picked":["Metallicize"],"picked":"SKIP","floor":41.0},{"not_picked":[],"picked":"Panache","floor":42.0},{"not_picked":["Havoc"],"picked":"SKIP","floor":47.0},{"not_picked":["Ghostly Armor+1"],"picked":"SKIP","floor":55.0}],"player_experience":1160445,"relics_obtained":[{"floor":7.0,"key":"StoneCalendar"},{"floor":9.0,"key":"Bottled Tornado"},{"floor":10.0,"key":"Juzu Bracelet"},{"floor":13.0,"key":"Dead Branch"},{"floor":26.0,"key":"Letter Opener"},{"floor":31.0,"key":"Smiling Mask"},{"floor":36.0,"key":"Pocketwatch"},{"floor":37.0,"key":"Girya"},{"floor":55.0,"key":"Bag of Marbles"}],"event_choices":[{"cards_removed":["Writhe"],"damage_healed":0.0,"max_hp_gain":0.0,"max_hp_loss":0.0,"gold_gain":0.0,"event_name":"Wheel of Change","player_choice":"Card Removal","floor":2.0,"gold_loss":0.0,"damage_taken":0.0},{"cards_removed":["Strike_R"],"damage_healed":0.0,"max_hp_gain":0.0,"max_hp_loss":0.0,"gold_gain":0.0,"event_name":"Living Wall","player_choice":"Forget","floor":11.0,"gold_loss":0.0,"damage_taken":0.0},{"damage_healed":32.0,"max_hp_gain":0.0,"max_hp_loss":0.0,"gold_gain":0.0,"event_name":"Wheel of Change","player_choice":"Full Heal","floor":20.0,"gold_loss":0.0,"damage_taken":0.0},{"cards_removed":["Strike_R"],"damage_healed":0.0,"max_hp_gain":0.0,"max_hp_loss":0.0,"gold_gain":0.0,"event_name":"Purifier","player_choice":"Purged","floor":21.0,"gold_loss":0.0,"damage_taken":0.0},{"damage_healed":0.0,"max_hp_gain":0.0,"max_hp_loss":0.0,"gold_gain":0.0,"event_name":"The Library","player_choice":"Read","floor":28.0,"gold_loss":0.0,"damage_taken":0.0,"cards_obtained":["Battle Trance"]},{"damage_healed":0.0,"max_hp_gain":0.0,"max_hp_loss":0.0,"gold_gain":0.0,"event_name":"MindBloom","player_choice":"Fight","floor":36.0,"gold_loss":0.0,"damage_taken":0.0},{"damage_healed":0.0,"max_hp_gain":0.0,"max_hp_loss":0.0,"gold_gain":0.0,"event_name":"Mysterious Sphere","player_choice":"Fight","floor":37.0,"gold_loss":0.0,"damage_taken":0.0},{"damage_healed":0.0,"max_hp_gain":0.0,"max_hp_loss":0.0,"gold_gain":0.0,"event_name":"Lab","player_choice":"Got Potions","floor":38.0,"gold_loss":0.0,"damage_taken":0.0},{"damage_healed":0.0,"max_hp_gain":0.0,"max_hp_loss":0.0,"gold_gain":0.0,"event_name":"SensoryStone","player_choice":"Memory 3","floor":42.0,"gold_loss":0.0,"damage_taken":10.0},{"cards_removed":["Strike_R"],"damage_healed":0.0,"max_hp_gain":0.0,"max_hp_loss":0.0,"gold_gain":0.0,"event_name":"Falling","player_choice":"Removed Attack","floor":45.0,"gold_loss":0.0,"damage_taken":0.0}],"is_beta":true,"boss_relics":[{"not_picked":["Coffee Dripper","Eternal Feather"],"picked":"Snecko Eye"},{"not_picked":["Astrolabe","Velvet Choker"],"picked":"Busted Crown"}],"items_purged_floors":[3,48],"is_endless":false,"potions_floor_spawned":[1,5,14,16,18,27,29,31,33,36,37,47],"ascension_level":20}