{"path_per_floor":["M","?","?","?","M","M","?","M","T","M","$","R","M","T","R","B",null,"M","?","M","$","M","R","$","M","T","R","M","M","?","M","R"],"character_chosen":"THE_SILENT","items_purchased":["Dagger Spray","Footwork","Blur"],"gold_per_floor":[18,18,18,18,34,53,128,142,142,153,54,54,71,71,71,169,169,182,107,127,58,70,70,2,17,68,68,78,88,88,102,102,102],"floor_reached":33,"campfire_rested":0,"playtime":1516,"current_hp_per_floor":[80,85,85,67,67,67,56,49,49,43,43,43,43,43,43,21,89,84,84,72,72,69,69,69,67,67,67,64,61,61,61,61,0],"items_purged":["Strike_G"],"gold":102,"score":266,"play_id":"400d936b-9949-4b00-a04d-e77915295aeb","local_time":"20180408140548","is_prod":false,"is_daily":false,"is_ascension_mode":false,"campfire_upgraded":5,"timestamp":1523210748,"path_taken":["M","?","?","?","M","M","?","?","T","M","?","R","M","?","R","BOSS","M","?","?","?","?","R","?","M","T","R","M","M","?","M","R","BOSS"],"build_version":"2018-04-05v2","purchased_purges":1,"victory":false,"master_deck":["Defend_G+1","Defend_G+1","Defend_G+1","Defend_G+1","Defend_G+1","Strike_G+1","Strike_G+1","Survivor+1","Neutralize+1","Backstab","All Out Attack","Venomology","Dagger Spray+1","Leg Sweep","Corpse Explosion+1","Bouncing Flask+1","Bouncing Flask+1","Footwork","Blur+1","Caltrops"],"max_hp_per_floor":[84,89,89,89,89,89,89,89,89,89,89,89,89,89,89,89,89,89,89,89,89,89,89,89,89,89,89,89,89,89,89,89,89],"relics":["Ring of the Snake"],"card_choices":[{"not_picked":["Well Laid Plans","Dagger Spray"],"picked":"Backstab","floor":1},{"not_picked":["Acrobatics","Backstab"],"picked":"All Out Attack","floor":6},{"not_picked":["Skewer","Prepared"],"picked":"Venomology","floor":8},{"not_picked":["Backflip","Reflex"],"picked":"Leg Sweep","floor":13},{"not_picked":["Tactician","Venomology"],"picked":"Corpse Explosion","floor":16},{"not_picked":["Concentrate","Poisoned Stab"],"picked":"Bouncing Flask","floor":18},{"not_picked":["Blur","Predator"],"picked":"Bouncing Flask","floor":20},{"not_picked":["Blade Dance","A Thousand Cuts"],"picked":"Caltrops","floor":29}],"player_experience":755272,"potions_floor_usage":[10,13,16,16,20,22,25,25,29,33,33,33],"damage_taken":[{"damage":4,"enemies":"Jaw Worm","floor":1,"turns":7},{"damage":0,"enemies":"Small Slimes","floor":5,"turns":2},{"damage":0,"enemies":"2 Louse","floor":6,"turns":2},{"damage":7,"enemies":"Exordium Thugs","floor":8,"turns":5},{"damage":6,"enemies":"Exordium Wildlife","floor":10,"turns":6},{"damage":0,"enemies":"2 Fungi Beasts","floor":13,"turns":2},{"damage":22,"enemies":"The Guardian","floor":16,"turns":17},{"damage":5,"enemies":"3 Byrds","floor":18,"turns":4},{"damage":12,"enemies":"Spheric Guardian","floor":20,"turns":4},{"damage":3,"enemies":"Snecko","floor":22,"turns":6},{"damage":2,"enemies":"Centurion and Healer","floor":25,"turns":7},{"damage":3,"enemies":"Snake Plant","floor":28,"turns":5},{"damage":3,"enemies":"Chosen and Byrds","floor":29,"turns":8},{"damage":0,"enemies":"Snecko","floor":31,"turns":5},{"damage":72,"enemies":"Champ","floor":33,"turns":13}],"event_choices":[{"event_name":"Big Fish","player_choice":"Donut","floor":2,"damage_taken":0},{"event_name":"Purifier","player_choice":"One Purge","floor":3,"damage_taken":0},{"event_name":"Shining Light","player_choice":"Entered Light","floor":4,"damage_taken":0},{"event_name":"World of Goop","player_choice":"Gather Gold","floor":7,"damage_taken":0},{"event_name":"Beggar","player_choice":"Gave Gold","floor":19,"damage_taken":0},{"event_name":"Back to Basics","player_choice":"Simplicity","floor":30,"damage_taken":0}],"boss_relics":[{"not_picked":["Orrery","Tiny House","Pandora\u0027s Box"]}],"potions_floor_spawned":[1,5,8,10,20,28,31],"seed_played":"7487726337964545986","killed_by":"Champ","ascension_level":0,"is_trial":false}