{"gold_per_floor":[369,383,68,78,98,98,124,124,124,157,157,189,25,25,25,97,97,115,147,147,62,72,72,72],"floor_reached":24,"playtime":962,"items_purged":["Normality"],"score":424,"play_id":"22df06b6-f504-4b27-878a-093e9696cced","local_time":"20190202002608","is_ascension_mode":true,"campfire_choices":[{"data":"Chaos","floor":6,"key":"SMITH"},{"data":"Zap","floor":8,"key":"SMITH"},{"floor":11,"key":"REST"},{"data":"Defragment","floor":15,"key":"SMITH"},{"floor":23,"key":"REST"}],"neow_cost":"CURSE","seed_source_timestamp":227154481417155,"circlet_count":0,"master_deck":["AscendersBane","Strike_B","Strike_B","Strike_B","Strike_B","Defend_B+1","Defend_B","Defend_B","Defend_B+1","Zap+1","Dualcast","Chaos+1","Compile Driver","Leap","Undo","Leap","Conserve Battery","Creative AI","Defragment+1","Electrodynamics","Ball Lightning","Reinforced Body"],"relics":["Cracked Core","Sling","Lantern","Pen Nib","Matryoshka","Torii","War Paint","Runic Pyramid","Red Mask","Bag of Preparation"],"potions_floor_usage":[5,10,16,19],"damage_taken":[{"damage":4,"enemies":"Small Slimes","floor":1,"turns":3},{"damage":0,"enemies":"2 Louse","floor":2,"turns":2},{"damage":7,"enemies":"Jaw Worm","floor":4,"turns":4},{"damage":26,"enemies":"Lots of Slimes","floor":5,"turns":6},{"damage":2,"enemies":"Lagavulin","floor":7,"turns":7},{"damage":4,"enemies":"3 Sentries","floor":10,"turns":5},{"damage":13,"enemies":"Lagavulin","floor":12,"turns":7},{"damage":7,"enemies":"Hexaghost","floor":16,"turns":9},{"damage":12,"enemies":"3 Byrds","floor":18,"turns":4},{"damage":27,"enemies":"Masked Bandits","floor":19,"turns":6},{"damage":2,"enemies":"Colosseum Slavers","floor":20,"turns":3},{"damage":0,"enemies":"Spheric Guardian","floor":22,"turns":5},{"damage":45,"enemies":"Book of Stabbing","floor":24,"turns":5}],"seed_played":"-5267407735495091675","potions_obtained":[{"floor":1,"key":"SteroidPotion"},{"floor":4,"key":"Ancient Potion"},{"floor":7,"key":"AttackPotion"},{"floor":12,"key":"Poison Potion"},{"floor":19,"key":"GamblersBrew"}],"is_trial":false,"path_per_floor":["M","M","$","M","M","R","E","R","T","E","R","E","$","?","R","B",null,"M","?","?","?","M","R","E"],"character_chosen":"DEFECT","items_purchased":["Sling","Leap","War Paint"],"campfire_rested":2,"item_purchase_floors":[3,3,13],"current_hp_per_floor":[60,60,60,53,27,27,25,25,25,21,42,29,29,52,52,45,65,53,26,24,24,24,45,0],"gold":72,"neow_bonus":"TWO_FIFTY_GOLD","is_prod":false,"is_daily":false,"chose_seed":false,"campfire_upgraded":3,"win_rate":0,"timestamp":1549092368,"path_taken":["M","M","$","M","M","R","E","R","T","E","R","E","$","?","R","BOSS","M","?","?","?","M","R","E"],"build_version":"2019-01-23","purchased_purges":1,"victory":false,"max_hp_per_floor":[71,71,71,71,71,71,71,71,71,71,71,71,71,71,71,71,71,71,71,71,71,71,71,71],"card_choices":[{"not_picked":["Redo","Reprogram"],"picked":"Chaos","floor":1},{"not_picked":["Static Discharge","Rebound"],"picked":"Compile Driver","floor":2},{"not_picked":["Sweeping Beam","Static Discharge"],"picked":"Undo","floor":4},{"not_picked":["Steam","Skim"],"picked":"Leap","floor":5},{"not_picked":["Force Field","Go for the Eyes"],"picked":"Conserve Battery","floor":7},{"not_picked":["Hello World","Turbo"],"picked":"Creative AI","floor":10},{"not_picked":["Sweeping Beam","Go for the Eyes"],"picked":"Defragment","floor":12},{"not_picked":["Core Surge","Meteor Strike"],"picked":"Electrodynamics","floor":16},{"not_picked":["Double Energy","Consume"],"picked":"Ball Lightning","floor":18},{"not_picked":["Chaos","Steam"],"picked":"Reinforced Body","floor":19},{"not_picked":["Beam Cell","Hologram","Sweeping Beam"],"picked":"SKIP","floor":22}],"player_experience":1060345,"relics_obtained":[{"floor":7,"key":"Lantern"},{"floor":9,"key":"Pen Nib"},{"floor":10,"key":"Matryoshka"},{"floor":12,"key":"Torii"},{"floor":19,"key":"Red Mask"}],"event_choices":[{"damage_healed":23,"gold_gain":0,"player_choice":"Banana","damage_taken":0,"max_hp_gain":0,"max_hp_loss":0,"event_name":"Big Fish","floor":14,"gold_loss":0},{"damage_healed":0,"gold_gain":0,"player_choice":"Fought Bandits","damage_taken":0,"max_hp_gain":0,"max_hp_loss":0,"event_name":"Masked Bandits","floor":19,"gold_loss":0},{"damage_healed":0,"gold_gain":0,"player_choice":"Fight","damage_taken":0,"max_hp_gain":0,"max_hp_loss":0,"event_name":"Colosseum","floor":20,"gold_loss":0},{"damage_healed":0,"gold_gain":0,"player_choice":"Fled From Nobs","damage_taken":0,"max_hp_gain":0,"max_hp_loss":0,"event_name":"Colosseum","floor":20,"gold_loss":0},{"damage_healed":0,"gold_gain":0,"player_choice":"Obtained Relic","damage_taken":0,"relics_obtained":["Bag of Preparation"],"max_hp_gain":0,"max_hp_loss":0,"event_name":"Addict","floor":21,"gold_loss":85}],"is_beta":true,"boss_relics":[{"not_picked":["Black Star","Velvet Choker"],"picked":"Runic Pyramid"}],"items_purged_floors":[3],"is_endless":false,"potions_floor_spawned":[1,4,7,12,19,20],"killed_by":"Book of Stabbing","ascension_level":20}