{"path_per_floor":["M","M","?","?","M","R","E","?","T","T","M","R","M","M","R","B",null,"M","M","M","$","?","R","?","R","T","R","M","M","?","?","R","B",null,"M","$","?","?","$","R","E","R","T","?","R","?","M","$","R","B"],"character_chosen":"IRONCLAD","items_purchased":["Molten Egg 2","Bludgeon","Whirlwind","Flash of Steel","Juzu Bracelet","Inflame","Uppercut"],"gold_per_floor":[114,134,134,309,320,320,350,371,371,371,385,385,403,417,417,518,518,534,553,567,13,13,13,13,13,13,13,29,43,43,43,43,148,178,196,42,95,95,13,13,38,38,65,65,65,65,79,6,6,6],"floor_reached":51,"campfire_rested":0,"playtime":1565,"current_hp_per_floor":[80,79,84,84,85,85,44,44,44,44,51,51,57,49,49,25,85,81,67,61,61,95,95,95,95,95,95,80,86,86,70,70,38,100,100,100,85,85,85,85,53,53,53,53,53,40,57,57,57,33],"items_purged":["Doubt"],"gold":6,"score":721,"play_id":"69eaabc3-1c22-41e9-a1c7-3a3ff1223cf4","local_time":"20180411124342","is_prod":false,"is_daily":false,"is_ascension_mode":false,"campfire_upgraded":6,"timestamp":1523465022,"path_taken":["M","M","?","?","?","R","E","?","T","?","?","R","M","M","R","BOSS","M","M","M","$","?","R","?","R","T","R","M","?","?","?","R","BOSS","M","$","?","?","$","R","E","R","T","?","R","?","M","?","R","BOSS"],"build_version":"2018-04-05v2","purchased_purges":2,"victory":true,"master_deck":["Strike_R","Strike_R","Strike_R+1","Strike_R","Defend_R","Defend_R","Defend_R","Defend_R","Bash+1","Thunderclap","Whirlwind+1","Metallicize","Dual Wield+1","Armaments+1","Double Tap+1","Heavy Blade+1","Bloodletting+1","Bludgeon+1","Whirlwind+1","Flash of Steel+1","Clothesline+1","Jack Of All Trades","Offering","Twin Strike+1","Spot Weakness","Inflame","Pummel+1","Blind","Madness","Madness","Headbutt+1","Uppercut+1"],"max_hp_per_floor":[80,80,85,85,85,85,85,85,85,85,85,85,85,85,85,85,85,85,85,85,85,95,95,95,95,95,95,95,95,95,95,95,95,100,100,100,100,100,100,100,100,100,100,100,100,100,100,100,100,100],"relics":["Burning Blood","Meat on the Bone","Odd Mushroom","Centennial Puzzle","Girya","Runic Dome","Molten Egg 2","Oddly Smooth Stone","Tiny House","Juzu Bracelet","Shovel","Bag of Marbles","Orichalcum","Happy Flower","Mercury Hourglass"],"card_choices":[{"not_picked":["Sword Boomerang","Iron Wave"],"picked":"Thunderclap","floor":1},{"not_picked":["Clash","Clothesline"],"picked":"Whirlwind","floor":2},{"not_picked":["Shockwave","Carnage"],"picked":"Metallicize","floor":5},{"not_picked":["Uppercut","Headbutt"],"picked":"Dual Wield","floor":7},{"not_picked":["Rupture","Twin Strike"],"picked":"Armaments","floor":11},{"not_picked":["Iron Wave","Thunderclap"],"picked":"Double Tap","floor":14},{"not_picked":["Brutality","Impervious"],"picked":"Bludgeon","floor":16},{"not_picked":["Rampage","Clash"],"picked":"Heavy Blade","floor":19},{"not_picked":["Seeing Red","Sword Boomerang"],"picked":"Bloodletting","floor":20},{"not_picked":["Reaper","Double Tap"],"picked":"Offering","floor":33},{"not_picked":["Hemokinesis","Havoc"],"picked":"Twin Strike","floor":34},{"not_picked":["Cleave","Iron Wave"],"picked":"Spot Weakness","floor":37},{"not_picked":["Body Slam","Rage"],"picked":"Pummel","floor":41},{"not_picked":["Finesse","Madness"],"picked":"Blind","floor":44},{"not_picked":["Intimidate","Immolate"],"picked":"Headbutt","floor":47}],"player_experience":823525,"potions_floor_usage":[14,16,16,16,33,33,37,50,50],"damage_taken":[{"damage":1,"enemies":"Jaw Worm","floor":1,"turns":3},{"damage":7,"enemies":"2 Louse","floor":2,"turns":2},{"damage":5,"enemies":"Small Slimes","floor":5,"turns":3},{"damage":47,"enemies":"Lagavulin","floor":7,"turns":9},{"damage":18,"enemies":"The Mushroom Lair","floor":8,"turns":2},{"damage":11,"enemies":"Blue Slaver","floor":11,"turns":6},{"damage":0,"enemies":"Gremlin Gang","floor":13,"turns":1},{"damage":14,"enemies":"Exordium Thugs","floor":14,"turns":5},{"damage":57,"enemies":"Hexaghost","floor":16,"turns":13},{"damage":10,"enemies":"Chosen","floor":18,"turns":4},{"damage":20,"enemies":"2 Thieves","floor":19,"turns":2},{"damage":12,"enemies":"Snecko","floor":20,"turns":4},{"damage":21,"enemies":"Snake Plant","floor":28,"turns":2},{"damage":0,"enemies":"Slaver and Parasite","floor":29,"turns":1},{"damage":50,"enemies":"Champ","floor":33,"turns":7},{"damage":4,"enemies":"3 Darklings","floor":35,"turns":2},{"damage":21,"enemies":"Mysterious Sphere","floor":37,"turns":5},{"damage":50,"enemies":"Nemesis","floor":41,"turns":7},{"damage":1,"enemies":"Orb Walker","floor":47,"turns":3},{"damage":57,"enemies":"Time Eater","floor":50,"turns":9}],"event_choices":[{"event_name":"Big Fish","player_choice":"Donut","floor":3,"damage_taken":0},{"event_name":"Liars Game","player_choice":"agreed","floor":4,"damage_taken":0},{"event_name":"Mushrooms","player_choice":"Fought Mushrooms","floor":8,"damage_taken":0},{"event_name":"Bonfire Elementals","player_choice":"RARE","floor":22,"damage_taken":0},{"event_name":"Drug Dealer","player_choice":"Ignored","floor":24,"damage_taken":0},{"event_name":"The Library","player_choice":"Read","floor":30,"damage_taken":0},{"event_name":"Knowing Skull","player_choice":"CARD ","floor":31,"damage_taken":0},{"event_name":"Mysterious Sphere","player_choice":"Fight","floor":37,"damage_taken":0},{"event_name":"SensoryStone","player_choice":"Memory 1","floor":44,"damage_taken":0},{"event_name":"Winding Halls","player_choice":"Embrace Madness","floor":46,"damage_taken":0}],"boss_relics":[{"not_picked":["Lizard Tail","Snecko Eye"],"picked":"Runic Dome"},{"not_picked":["Black Blood","Astrolabe"],"picked":"Tiny House"}],"potions_floor_spawned":[8,11,13,14,19,28,29,37],"seed_played":"-3754196166311395532","ascension_level":0,"is_trial":false}