{"gold_per_floor":[118,138,150,75,350,350,385,397,397,397,425,490,30,30,30,107,107,119,180,193,168,133,133,133],"floor_reached":24,"playtime":1221,"items_purged":["Regret"],"score":412,"play_id":"9d859327-3966-4a45-af86-4f2cdec5c5ec","local_time":"20190503125324","is_ascension_mode":true,"campfire_choices":[{"data":"Bash","floor":6,"key":"SMITH"},{"floor":15,"key":"REST"},{"floor":23,"key":"REST"}],"neow_cost":"NONE","seed_source_timestamp":931403588910938,"circlet_count":0,"master_deck":["AscendersBane","Strike_R","Strike_R","Strike_R","Defend_R","Defend_R","Defend_R","Defend_R","Bash+1","True Grit","Iron Wave","Twin Strike","Battle Trance+1","Clothesline","Exhume+1","True Grit+1","Juggernaut"],"relics":["Burning Blood","Bag of Marbles","Toxic Egg 2","SsserpentHead","Matryoshka","Medical Kit","Potion Belt","Mark of Pain","Mercury Hourglass"],"potions_floor_usage":[2,3,7,11,12,16,18,19],"damage_taken":[{"damage":4,"enemies":"Small Slimes","floor":1,"turns":4},{"damage":2,"enemies":"Jaw Worm","floor":2,"turns":4},{"damage":0,"enemies":"Cultist","floor":3,"turns":3},{"damage":35,"enemies":"Gremlin Nob","floor":7,"turns":4},{"damage":1,"enemies":"Exordium Wildlife","floor":8,"turns":3},{"damage":49,"enemies":"Lagavulin","floor":11,"turns":7},{"damage":7,"enemies":"Red Slaver","floor":12,"turns":3},{"damage":28,"enemies":"The Guardian","floor":16,"turns":16},{"damage":1,"enemies":"Chosen","floor":18,"turns":5},{"damage":24,"enemies":"Shell Parasite","floor":19,"turns":5},{"damage":65,"enemies":"Shelled Parasite and Fungi","floor":20,"turns":7},{"damage":43,"enemies":"Slavers","floor":24,"turns":3}],"seed_played":"4139417314350976466","potions_obtained":[{"floor":0,"key":"FearPotion"},{"floor":0,"key":"SteroidPotion"},{"floor":2,"key":"SteroidPotion"},{"floor":7,"key":"FearPotion"},{"floor":8,"key":"Weak Potion"},{"floor":12,"key":"SteroidPotion"},{"floor":16,"key":"Block Potion"},{"floor":18,"key":"FairyPotion"}],"is_trial":false,"path_per_floor":["M","M","M","?","?","R","E","M","T","?","E","M","$","$","R","B",null,"M","M","M","?","?","R","E"],"character_chosen":"IRONCLAD","items_purchased":["Medical Kit","Potion Belt","Fire Potion"],"campfire_rested":2,"item_purchase_floors":[13,13,13],"current_hp_per_floor":[70,74,75,75,75,75,46,51,51,51,8,7,7,7,29,7,58,63,45,12,12,12,34,0],"gold":133,"neow_bonus":"THREE_SMALL_POTIONS","is_prod":false,"is_daily":false,"chose_seed":false,"campfire_upgraded":1,"win_rate":0,"timestamp":1556902404,"path_taken":["M","M","M","?","?","R","E","?","T","?","E","?","?","$","R","BOSS","M","?","M","?","?","R","E"],"build_version":"2019-01-23","purchased_purges":1,"victory":false,"max_hp_per_floor":[75,75,75,75,75,75,75,75,75,75,75,75,75,75,75,75,75,75,75,75,75,75,75,75],"card_choices":[{"not_picked":["Sentinel","Searing Blow"],"picked":"True Grit","floor":1},{"not_picked":["Armaments","True Grit"],"picked":"Iron Wave","floor":2},{"not_picked":["Fire Breathing","Thunderclap"],"picked":"Twin Strike","floor":3},{"not_picked":["Berserk","Sword Boomerang","Combust"],"picked":"SKIP","floor":7},{"not_picked":["Dropkick","Flex","Wild Strike"],"picked":"SKIP","floor":8},{"not_picked":["Cleave","Offering+1"],"picked":"Battle Trance+1","floor":11},{"not_picked":["Corruption","Dual Wield+1"],"picked":"Clothesline","floor":12},{"not_picked":["Barricade","Demon Form"],"picked":"Exhume+1","floor":16},{"not_picked":["Clash","Uppercut"],"picked":"True Grit+1","floor":18},{"not_picked":["Anger","Wild Strike"],"picked":"Juggernaut","floor":19},{"not_picked":["Sword Boomerang+1","Clash","Rage+1"],"picked":"SKIP","floor":20}],"player_experience":2304207,"relics_obtained":[{"floor":7,"key":"Bag of Marbles"},{"floor":9,"key":"Toxic Egg 2"},{"floor":11,"key":"Matryoshka"}],"event_choices":[{"cards_removed":["Strike_R"],"damage_healed":0,"gold_gain":0,"player_choice":"Card Removal","damage_taken":0,"max_hp_gain":0,"max_hp_loss":0,"event_name":"The Cleric","floor":4,"gold_loss":75},{"damage_healed":0,"gold_gain":275,"player_choice":"Desecrate","damage_taken":0,"max_hp_gain":0,"max_hp_loss":0,"event_name":"Golden Shrine","floor":5,"gold_loss":0,"cards_obtained":["Regret"]},{"damage_healed":0,"gold_gain":0,"player_choice":"Trade","damage_taken":0,"relics_obtained":["SsserpentHead"],"max_hp_gain":0,"max_hp_loss":0,"event_name":"FaceTrader","floor":10,"gold_loss":0},{"cards_removed":["Strike_R"],"damage_healed":0,"gold_gain":0,"player_choice":"Gave Gold","damage_taken":0,"max_hp_gain":0,"max_hp_loss":0,"event_name":"Beggar","floor":21,"gold_loss":75},{"damage_healed":0,"gold_gain":0,"player_choice":"Obtained Relic","damage_taken":0,"relics_obtained":["Mercury Hourglass"],"max_hp_gain":0,"max_hp_loss":0,"event_name":"Addict","floor":22,"gold_loss":85}],"is_beta":false,"boss_relics":[{"not_picked":["White Beast Statue","Fusion Hammer"],"picked":"Mark of Pain"}],"items_purged_floors":[13],"is_endless":false,"potions_floor_spawned":[2,7,8,12,16,18],"killed_by":"Slavers","ascension_level":20}