{"gold_per_floor":[116,132,132,150,150,150,111,140,140,140,140,169,169,195,207,293,305,327,339,351,144,158,158,189,207,207,207,207,234,334,351,351,427,477,494,594,611,611,659,659,676,687,687,687,702,702,702,736,736,736,736,736,736,1,1],"floor_reached":55,"playtime":3466,"items_purged":[],"score":1898,"play_id":"0ccd30b1-2f62-442e-9aca-976cc06b6c5e","local_time":"20190501011814","is_ascension_mode":true,"campfire_choices":[{"data":"Clothesline","floor":6,"key":"SMITH"},{"data":"Perfected Strike","floor":11,"key":"SMITH"},{"data":"Metallicize","floor":13,"key":"SMITH"},{"data":"Heavy Blade","floor":15,"key":"SMITH"},{"data":"Feed","floor":23,"key":"SMITH"},{"floor":27,"key":"REST"},{"floor":32,"key":"REST"},{"data":"Feel No Pain","floor":40,"key":"SMITH"},{"floor":44,"key":"RECALL"},{"data":"Sword Boomerang","floor":46,"key":"SMITH"},{"floor":49,"key":"REST"},{"floor":53,"key":"REST"}],"neow_cost":"NONE","seed_source_timestamp":714613796222256,"circlet_count":0,"master_deck":["AscendersBane","Strike_R+1","Strike_R","Strike_R","Strike_R","Strike_R","Defend_R","Defend_R","Defend_R","Defend_R","Bash+1","Perfected Strike+1","Clothesline+1","Inflame+1","Metallicize+1","Battle Trance","Heavy Blade+1","Feed+1","True Grit+1","Corruption","Spot Weakness+1","Disarm","Reaper","Seeing Red","Feel No Pain+1","Pommel Strike+1","Master of Strategy","Shrug It Off+1","Disarm+1","Sword Boomerang+1","Shockwave+1","Mayhem"],"relics":["Burning Blood","Red Skull","Self Forming Clay","Shuriken","Charon\u0027s Ashes","MawBank","Sozu","Pear","Sling","Blue Candle","Incense Burner","Matryoshka","Torii","Meat on the Bone","Tiny House","Magic Flower","StoneCalendar","Sundial","Dodecahedron","War Paint","OrangePellets","Oddly Smooth Stone","Centennial Puzzle"],"potions_floor_usage":[12,16,29],"damage_taken":[{"damage":1,"enemies":"2 Louse","floor":1,"turns":4},{"damage":1,"enemies":"Cultist","floor":2,"turns":3},{"damage":6,"enemies":"Jaw Worm","floor":4,"turns":4},{"damage":21,"enemies":"Gremlin Nob","floor":8,"turns":4},{"damage":11,"enemies":"Lagavulin","floor":12,"turns":7},{"damage":5,"enemies":"3 Sentries","floor":14,"turns":6},{"damage":12,"enemies":"The Guardian","floor":16,"turns":10},{"damage":26,"enemies":"Shell Parasite","floor":18,"turns":4},{"damage":5,"enemies":"Chosen","floor":22,"turns":3},{"damage":20,"enemies":"Gremlin Leader","floor":24,"turns":4},{"damage":24,"enemies":"Snake Plant","floor":25,"turns":4},{"damage":27,"enemies":"Slavers","floor":29,"turns":7},{"damage":21,"enemies":"Colosseum Slavers","floor":30,"turns":4},{"damage":6,"enemies":"Colosseum Nobs","floor":30,"turns":3},{"damage":18,"enemies":"Centurion and Healer","floor":31,"turns":4},{"damage":53,"enemies":"Automaton","floor":33,"turns":9},{"damage":20,"enemies":"3 Shapes","floor":35,"turns":7},{"damage":7,"enemies":"Mind Bloom Boss Battle","floor":36,"turns":8},{"damage":16,"enemies":"Orb Walker","floor":37,"turns":2},{"damage":34,"enemies":"2 Orb Walkers","floor":39,"turns":5},{"damage":29,"enemies":"4 Shapes","floor":41,"turns":5},{"damage":20,"enemies":"Transient","floor":42,"turns":6},{"damage":29,"enemies":"Jaw Worm Horde","floor":45,"turns":4},{"damage":2,"enemies":"Nemesis","floor":48,"turns":7},{"damage":44,"enemies":"Time Eater","floor":50,"turns":10},{"damage":123,"enemies":"Awakened One","floor":51,"turns":11},{"damage":124,"enemies":"Shield and Spear","floor":55,"turns":6}],"seed_played":"900969028984442070","potions_obtained":[{"floor":1,"key":"Regen Potion"},{"floor":2,"key":"AttackPotion"},{"floor":12,"key":"Fire Potion"}],"is_trial":false,"path_per_floor":["M","M","?","M","?","R","$","E","T","?","R","E","R","E","R","B",null,"M","?","T","$","M","R","E","M","T","R","T","E","?","M","R","B",null,"M","?","M","?","?","R","M","M","T","R","M","R","?","E","R","B","B",null,"R","$","E"],"character_chosen":"IRONCLAD","items_purchased":["Inflame","Sling","OrangePellets","Oddly Smooth Stone","Centennial Puzzle","Mayhem"],"campfire_rested":4,"item_purchase_floors":[7,21,54,54,54,54],"current_hp_per_floor":[73,75,75,75,49,49,49,34,34,34,34,43,43,44,44,38,66,46,46,56,56,57,57,43,25,25,50,50,33,26,30,60,25,87,93,100,107,97,108,108,111,115,115,115,95,95,95,102,122,122,77,111,122,122,0],"gold":1,"neow_bonus":"RANDOM_COMMON_RELIC","is_prod":false,"is_daily":false,"chose_seed":false,"campfire_upgraded":7,"win_rate":0,"timestamp":1556687894,"path_taken":["M","M","?","M","?","R","$","E","T","?","R","E","R","E","R","BOSS","M","?","?","?","M","R","E","?","T","R","?","E","?","M","R","BOSS","M","?","M","?","?","R","M","M","T","R","M","R","?","E","R","BOSS","BOSS","R","$","E"],"build_version":"2019-01-23","purchased_purges":0,"victory":false,"max_hp_per_floor":[75,75,75,75,75,75,75,75,75,75,75,75,75,75,75,75,75,75,75,85,85,85,85,85,85,85,85,85,89,97,101,101,101,106,110,114,114,114,118,118,122,122,122,122,122,122,122,122,122,122,122,122,122,122,122],"card_choices":[{"not_picked":["Bloodletting","Pommel Strike"],"picked":"Perfected Strike","floor":1},{"not_picked":["Headbutt","Warcry"],"picked":"Clothesline","floor":2},{"not_picked":["Flex","Heavy Blade","Havoc"],"picked":"SKIP","floor":4},{"not_picked":["Rampage","Rupture"],"picked":"Metallicize","floor":8},{"not_picked":["Rupture","Anger"],"picked":"Battle Trance","floor":12},{"not_picked":["Anger","Body Slam"],"picked":"Heavy Blade","floor":14},{"not_picked":["Bludgeon","Demon Form"],"picked":"Feed","floor":16},{"not_picked":["Shockwave","Feel No Pain"],"picked":"True Grit+1","floor":18},{"not_picked":["Hemokinesis+1","Thunderclap+1","Rage"],"picked":"SKIP","floor":22},{"not_picked":["Iron Wave","Carnage"],"picked":"Corruption","floor":24},{"not_picked":["Second Wind+1","Body Slam","Corruption+1"],"picked":"SKIP","floor":25},{"not_picked":["Seeing Red","Sentinel"],"picked":"Spot Weakness","floor":29},{"not_picked":["Iron Wave","Twin Strike"],"picked":"Disarm","floor":31},{"not_picked":["Brutality","Exhume"],"picked":"Reaper","floor":33},{"not_picked":["Cleave","Clash"],"picked":"Seeing Red","floor":34},{"not_picked":["Twin Strike","Armaments","Iron Wave"],"picked":"SKIP","floor":35},{"not_picked":["Whirlwind","True Grit"],"picked":"Feel No Pain","floor":36},{"not_picked":["Burning Pact","Infernal Blade"],"picked":"Pommel Strike+1","floor":37},{"not_picked":["Madness","Discovery"],"picked":"Master of Strategy","floor":38},{"not_picked":["Perfected Strike","Pommel Strike"],"picked":"Shrug It Off+1","floor":39},{"not_picked":["Ghostly Armor+1","Inflame","Body Slam"],"picked":"SKIP","floor":41},{"not_picked":["Iron Wave+1","Clothesline"],"picked":"Disarm","floor":42},{"not_picked":["Uppercut","Searing Blow+1"],"picked":"Sword Boomerang","floor":45},{"not_picked":["Pommel Strike","Power Through+1"],"picked":"Shockwave+1","floor":48}],"player_experience":2177543,"relics_obtained":[{"floor":8,"key":"Shuriken"},{"floor":12,"key":"Charon\u0027s Ashes"},{"floor":14,"key":"MawBank"},{"floor":20,"key":"Pear"},{"floor":24,"key":"Blue Candle"},{"floor":26,"key":"Incense Burner"},{"floor":29,"key":"Matryoshka"},{"floor":30,"key":"Torii"},{"floor":30,"key":"Meat on the Bone"},{"floor":36,"key":"Magic Flower"},{"floor":39,"key":"StoneCalendar"},{"floor":43,"key":"Sundial"},{"floor":43,"key":"Dodecahedron"},{"floor":48,"key":"War Paint"}],"event_choices":[{"damage_healed":0,"gold_gain":0,"player_choice":"Grow","damage_taken":0,"max_hp_gain":0,"max_hp_loss":0,"event_name":"Living Wall","floor":3,"gold_loss":0,"cards_upgraded":["Bash"]},{"damage_healed":0,"gold_gain":0,"player_choice":"Success","damage_taken":26,"relics_obtained":["Self Forming Clay"],"max_hp_gain":0,"max_hp_loss":0,"event_name":"Scrap Ooze","floor":5,"gold_loss":0},{"damage_healed":0,"gold_gain":0,"player_choice":"Upgraded","damage_taken":0,"max_hp_gain":0,"max_hp_loss":0,"event_name":"Upgrade Shrine","floor":10,"gold_loss":0,"cards_upgraded":["Inflame"]},{"damage_healed":0,"gold_gain":0,"player_choice":"Ignored","damage_taken":0,"max_hp_gain":0,"max_hp_loss":0,"event_name":"Vampires","floor":19,"gold_loss":0},{"damage_healed":0,"gold_gain":0,"player_choice":"Fight","damage_taken":0,"max_hp_gain":0,"max_hp_loss":0,"event_name":"Colosseum","floor":30,"gold_loss":0},{"damage_healed":0,"gold_gain":0,"player_choice":"Fought Nobs","damage_taken":0,"max_hp_gain":0,"max_hp_loss":0,"event_name":"Colosseum","floor":30,"gold_loss":0},{"damage_healed":0,"gold_gain":0,"player_choice":"Fight","damage_taken":0,"max_hp_gain":0,"max_hp_loss":0,"event_name":"MindBloom","floor":36,"gold_loss":0},{"damage_healed":0,"gold_gain":0,"player_choice":"Memory 3","damage_taken":10,"max_hp_gain":0,"max_hp_loss":0,"event_name":"SensoryStone","floor":38,"gold_loss":0},{"damage_healed":0,"gold_gain":0,"player_choice":"Fight","damage_taken":0,"max_hp_gain":0,"max_hp_loss":0,"event_name":"Mysterious Sphere","floor":39,"gold_loss":0},{"damage_healed":0,"gold_gain":0,"player_choice":"Ignored","damage_taken":0,"max_hp_gain":0,"max_hp_loss":0,"event_name":"SecretPortal","floor":47,"gold_loss":0}],"is_beta":false,"boss_relics":[{"not_picked":["Black Blood","Runic Dome"],"picked":"Sozu"},{"not_picked":["Velvet Choker","Coffee Dripper"],"picked":"Tiny House"}],"items_purged_floors":[],"is_endless":false,"potions_floor_spawned":[1,2,12,18,24,29,30,39,42,45,48],"killed_by":"Shield and Spear","ascension_level":20}