{"gold_per_floor":[113,72,72,19,19,19,19,19,87,103,133,148,180,191,191,270,270,285,335,66,81,97,97,2,28,28,28,28,77,88,32,32,110,110,121,221,221,221,11,11,29,56,56,84,84,118,131,131,131,131,131],"floor_reached":51,"playtime":3441,"items_purged":["Strike_G"],"score":1514,"play_id":"a873174e-9a87-4641-bd76-2cd1f7aa9ee5","local_time":"20190509163753","is_ascension_mode":true,"campfire_choices":[{"data":"Noxious Fumes","floor":6.0,"key":"SMITH"},{"floor":8.0,"key":"REST"},{"data":"Bouncing Flask","floor":15.0,"key":"SMITH"},{"data":"Wraith Form v2","floor":23.0,"key":"SMITH"},{"data":"Catalyst","floor":28.0,"key":"SMITH"},{"data":"Deadly Poison","floor":32.0,"key":"SMITH"},{"floor":40,"key":"RECALL"},{"data":"Bullet Time","floor":49,"key":"SMITH"}],"neow_cost":"NONE","seed_source_timestamp":1461036902034553,"circlet_count":0,"master_deck":["AscendersBane","Defend_G+1","Defend_G","Defend_G","Defend_G","Defend_G+1","Strike_G","Strike_G+1","Strike_G","Survivor","Neutralize+1","Predator+1","Noxious Fumes+1","Dodge and Roll","Catalyst+1","Dagger Throw+1","Bouncing Flask+1","PiercingWail","Wraith Form v2+1","Deadly Poison+1","Backflip","Poisoned Stab+1","Flechettes+1","Caltrops","Crippling Poison","Dodge and Roll","Bullet Time+1","Dodge and Roll+1","Footwork+1","Cloak And Dagger+1","Adrenaline","PiercingWail"],"special_seed":0,"relics":["Ring of the Snake","NeowsBlessing","Mercury Hourglass","Kunai","Molten Egg 2","Pantograph","Coffee Dripper","ClockworkSouvenir","War Paint","Pear","Bag of Preparation","Busted Crown","Ginger","Oddly Smooth Stone","Shuriken","StoneCalendar","Dodecahedron"],"potions_floor_usage":[36,42,46,51,51],"damage_taken":[{"damage":0.0,"enemies":"2 Louse","floor":1.0,"turns":1.0},{"damage":0.0,"enemies":"Small Slimes","floor":10.0,"turns":1.0},{"damage":0.0,"enemies":"Gremlin Nob","floor":11.0,"turns":1.0},{"damage":0.0,"enemies":"Cultist","floor":12.0,"turns":3.0},{"damage":19.0,"enemies":"Lagavulin","floor":13.0,"turns":6.0},{"damage":0.0,"enemies":"Blue Slaver","floor":14.0,"turns":3.0},{"damage":19.0,"enemies":"Slime Boss","floor":16.0,"turns":6.0},{"damage":0.0,"enemies":"Spheric Guardian","floor":18.0,"turns":4.0},{"damage":6.0,"enemies":"Shell Parasite","floor":21.0,"turns":3.0},{"damage":14.0,"enemies":"Centurion and Healer","floor":22.0,"turns":5.0},{"damage":20.0,"enemies":"Gremlin Leader","floor":25.0,"turns":7.0},{"damage":0.0,"enemies":"Sentry and Sphere","floor":30.0,"turns":3.0},{"damage":9.0,"enemies":"Champ","floor":33.0,"turns":11.0},{"damage":0.0,"enemies":"3 Shapes","floor":35.0,"turns":4.0},{"damage":0,"enemies":"Mind Bloom Boss Battle","floor":36,"turns":6},{"damage":2,"enemies":"3 Darklings","floor":41,"turns":4},{"damage":30,"enemies":"Nemesis","floor":42,"turns":9},{"damage":30,"enemies":"Giant Head","floor":44,"turns":7},{"damage":29,"enemies":"Reptomancer","floor":46,"turns":5},{"damage":0,"enemies":"Spire Growth","floor":47,"turns":4},{"damage":53,"enemies":"Donu and Deca","floor":50,"turns":13},{"damage":37,"enemies":"Awakened One","floor":51,"turns":12}],"seed_played":"4048682540457165229","potions_obtained":[{"floor":1.0,"key":"LiquidBronze"},{"floor":10.0,"key":"Explosive Potion"},{"floor":14.0,"key":"Fruit Juice"},{"floor":16.0,"key":"SteroidPotion"},{"floor":22.0,"key":"SmokeBomb"},{"floor":30.0,"key":"Energy Potion"},{"floor":33.0,"key":"AttackPotion"},{"floor":41,"key":"FearPotion"},{"floor":46,"key":"PowerPotion"},{"floor":47,"key":"Weak Potion"}],"is_trial":false,"path_per_floor":["M","$","?","$","?","R","?","R","T","M","E","M","E","M","R","B",null,"M","?","$","M","M","R","$","E","T","?","R","T","M","$","R","B",null,"M","?","T","?","$","R","M","E","T","E","?","E","M","?","R","B","B"],"character_chosen":"THE_SILENT","items_purchased":["Noxious Fumes","Poison Potion","ClockworkSouvenir","Backflip","Caltrops","Energy Potion","SpeedPotion","Footwork","Explosive Potion"],"campfire_rested":1,"item_purchase_floors":[2,4,20,20,24,24,31,39,39],"current_hp_per_floor":[59,59,39,39,28,28,28,47,47,47,47,47,28,28,28,39,63,63,63,63,57,43,43,43,23,33,33,33,33,33,33,33,49,73,73,81,81,81,81,81,79,49,49,19,66,37,37,37,37,9,0],"gold":131,"neow_bonus":"THREE_ENEMY_KILL","is_prod":false,"is_daily":false,"chose_seed":false,"campfire_upgraded":6,"win_rate":0,"timestamp":1557434273,"path_taken":["M","$","?","$","?","R","?","R","T","?","E","M","E","M","R","BOSS","M","?","$","M","M","R","$","E","T","?","R","?","M","?","R","BOSS","M","?","?","?","$","R","M","E","T","E","?","E","M","?","R","BOSS","BOSS"],"build_version":"2019-01-23","purchased_purges":1,"victory":false,"max_hp_per_floor":[66,66,66,66,66,66,66,66,66,66,66,66,66,66,66,71,71,71,71,71,71,71,71,71,71,81,81,81,81,81,81,81,81,81,81,81,81,81,81,81,81,81,81,81,66,66,66,66,66,66,66],"card_choices":[{"not_picked":["Flying Knee","Prepared"],"picked":"Predator","floor":1.0},{"not_picked":["Quick Slash","Acrobatics"],"picked":"Dodge and Roll","floor":10.0},{"not_picked":["Doppelganger","Sucker Punch"],"picked":"Catalyst","floor":11.0},{"not_picked":["Masterful Stab+1","Finisher+1"],"picked":"Dagger Throw+1","floor":12.0},{"not_picked":["Dagger Throw+1","Dodge and Roll"],"picked":"Bouncing Flask","floor":13.0},{"not_picked":["Bane+1","Underhanded Strike+1"],"picked":"PiercingWail","floor":14.0},{"not_picked":["Doppelganger","Tools of the Trade"],"picked":"Wraith Form v2","floor":16.0},{"not_picked":["Catalyst","Blade Dance"],"picked":"Deadly Poison","floor":18.0},{"not_picked":["Quick Slash+1","Backflip"],"picked":"Poisoned Stab+1","floor":21.0},{"not_picked":["Infinite Blades","Outmaneuver+1"],"picked":"Flechettes+1","floor":22.0},{"not_picked":["Cloak And Dagger","Envenom"],"picked":"Crippling Poison","floor":25.0},{"not_picked":["Cloak And Dagger","Outmaneuver"],"picked":"Dodge and Roll","floor":30.0},{"not_picked":["Venomology","Glass Knife+1"],"picked":"Bullet Time","floor":33.0},{"not_picked":[],"picked":"Dodge and Roll+1","floor":35.0},{"not_picked":[],"picked":"Cloak And Dagger+1","floor":41},{"not_picked":[],"picked":"Adrenaline","floor":42},{"not_picked":["Slice+1"],"picked":"SKIP","floor":44},{"not_picked":[],"picked":"PiercingWail","floor":46},{"not_picked":["Poisoned Stab+1"],"picked":"SKIP","floor":47}],"player_experience":2508272,"relics_obtained":[{"floor":9.0,"key":"Kunai"},{"floor":11.0,"key":"Molten Egg 2"},{"floor":13.0,"key":"Pantograph"},{"floor":25.0,"key":"War Paint"},{"floor":26.0,"key":"Pear"},{"floor":29.0,"key":"Bag of Preparation"},{"floor":36,"key":"Ginger"},{"floor":42,"key":"Oddly Smooth Stone"},{"floor":43,"key":"Shuriken"},{"floor":44,"key":"StoneCalendar"},{"floor":46,"key":"Dodecahedron"}],"event_choices":[{"damage_healed":0.0,"max_hp_gain":0.0,"max_hp_loss":0.0,"gold_gain":0.0,"event_name":"Shining Light","player_choice":"Entered Light","floor":3.0,"gold_loss":0.0,"damage_taken":20.0,"cards_upgraded":["Strike_G","Neutralize"]},{"damage_healed":0.0,"max_hp_gain":0.0,"max_hp_loss":0.0,"gold_gain":0.0,"event_name":"Scrap Ooze","player_choice":"Success","floor":5.0,"gold_loss":0.0,"damage_taken":11.0,"relics_obtained":["Mercury Hourglass"]},{"damage_healed":0.0,"max_hp_gain":0.0,"max_hp_loss":0.0,"gold_gain":0.0,"event_name":"Accursed Blacksmith","player_choice":"Forge","floor":7.0,"gold_loss":0.0,"damage_taken":0.0,"cards_upgraded":["Predator"]},{"damage_healed":0.0,"max_hp_gain":0.0,"max_hp_loss":0.0,"gold_gain":50.0,"event_name":"Nest","player_choice":"Stole From Cult","floor":19.0,"gold_loss":0.0,"damage_taken":0.0},{"damage_healed":0.0,"max_hp_gain":0.0,"max_hp_loss":0.0,"gold_gain":0.0,"event_name":"The Mausoleum","player_choice":"Ignored","floor":27.0,"gold_loss":0.0,"damage_taken":0.0},{"damage_healed":0,"gold_gain":0,"player_choice":"Fight","damage_taken":0,"max_hp_gain":0,"max_hp_loss":0,"event_name":"MindBloom","floor":36,"gold_loss":0},{"cards_removed":["Strike_G"],"damage_healed":0,"gold_gain":0,"player_choice":"Removed Attack","damage_taken":0,"max_hp_gain":0,"max_hp_loss":0,"event_name":"Falling","floor":38,"gold_loss":0},{"damage_healed":66,"gold_gain":0,"player_choice":"Heal","damage_taken":0,"max_hp_gain":0,"max_hp_loss":15,"event_name":"The Moai Head","floor":45,"gold_loss":0},{"damage_healed":0,"gold_gain":0,"player_choice":"Upgraded","damage_taken":0,"max_hp_gain":0,"max_hp_loss":0,"event_name":"Upgrade Shrine","floor":48,"gold_loss":0,"cards_upgraded":["Footwork"]}],"is_beta":false,"boss_relics":[{"not_picked":["WristBlade","Eternal Feather"],"picked":"Coffee Dripper"},{"not_picked":["Tiny House","Runic Pyramid"],"picked":"Busted Crown"}],"items_purged_floors":[39],"is_endless":false,"potions_floor_spawned":[1,10,14,16,22,30,33,35,41,46,47],"killed_by":"Awakened One","ascension_level":20}