{"gold_per_floor":[111,111,131,27,42,42,76,1,1,15,33,33,33,50,50,129,129,147,127,52,67,67],"floor_reached":22,"playtime":947,"items_purged":["Strike_B"],"score":372,"play_id":"859d1393-0473-49cd-b5bc-829bf7b43ffd","local_time":"20190407230928","is_ascension_mode":true,"campfire_choices":[{"data":"Zap","floor":6,"key":"SMITH"},{"data":"Static Discharge","floor":12,"key":"SMITH"},{"data":"Conserve Battery","floor":15,"key":"SMITH"}],"neow_cost":"NONE","seed_source_timestamp":564572360894310,"circlet_count":0,"master_deck":["AscendersBane","Strike_B","Strike_B","Defend_B","Defend_B","Defend_B","Defend_B","Zap+1","Dualcast","Chill","Static Discharge+1","Ball Lightning","Streamline+1","Conserve Battery+1","Ball Lightning","Seek","Amplify","Darkness"],"relics":["Cracked Core","NlothsMask","Bottled Flame","Snecko Eye"],"potions_floor_usage":[7,7,21,22],"damage_taken":[{"damage":0,"enemies":"2 Louse","floor":1,"turns":3},{"damage":0,"enemies":"Cultist","floor":3,"turns":3},{"damage":10,"enemies":"Jaw Worm","floor":5,"turns":2},{"damage":13,"enemies":"Lagavulin","floor":7,"turns":5},{"damage":0,"enemies":"Looter","floor":10,"turns":3},{"damage":3,"enemies":"Exordium Wildlife","floor":11,"turns":3},{"damage":12,"enemies":"Exordium Thugs","floor":14,"turns":2},{"damage":19,"enemies":"Hexaghost","floor":16,"turns":7},{"damage":40,"enemies":"Shell Parasite","floor":18,"turns":4},{"damage":16,"enemies":"3 Byrds","floor":21,"turns":2},{"damage":32,"enemies":"Snecko","floor":22,"turns":4}],"seed_played":"-1978407010000672466","potions_obtained":[{"floor":5,"key":"AttackPotion"},{"floor":7,"key":"Explosive Potion"},{"floor":11,"key":"SpeedPotion"},{"floor":21,"key":"Block Potion"}],"is_trial":false,"path_per_floor":["M","?","M","$","M","R","E","?","T","M","M","R","?","M","R","B",null,"M","?","$","M","M"],"character_chosen":"DEFECT","items_purchased":["Ball Lightning","Weak Potion"],"campfire_rested":0,"item_purchase_floors":[4,4],"current_hp_per_floor":[71,71,71,71,61,61,48,48,48,48,45,45,45,33,33,14,62,22,22,22,6,0],"gold":67,"neow_bonus":"TEN_PERCENT_HP_BONUS","is_prod":false,"is_daily":false,"chose_seed":false,"campfire_upgraded":3,"win_rate":0,"timestamp":1554692968,"path_taken":["M","?","?","?","M","R","E","?","T","M","M","R","?","M","R","BOSS","M","?","?","M","?"],"build_version":"2019-01-23","purchased_purges":1,"victory":false,"max_hp_per_floor":[78,78,78,78,78,78,78,78,78,78,78,78,78,78,78,78,78,78,78,78,78,78],"card_choices":[{"not_picked":["Rebound","Melter"],"picked":"Chill","floor":1},{"not_picked":["Heatsinks","Steam Power"],"picked":"Static Discharge","floor":3},{"not_picked":["Reprogram","Double Energy"],"picked":"Streamline","floor":5},{"not_picked":["Compile Driver","Steam Power","Scrape"],"picked":"SKIP","floor":7},{"not_picked":["Gash","Auto Shields"],"picked":"Conserve Battery","floor":10},{"not_picked":["Redo","Go for the Eyes"],"picked":"Ball Lightning","floor":11},{"not_picked":["Beam Cell","Compile Driver"],"picked":"Seek","floor":14},{"not_picked":["All For One","Thunder Strike"],"picked":"Amplify","floor":16},{"not_picked":["Hologram","Redo"],"picked":"Darkness","floor":18},{"not_picked":["Beam Cell","Conserve Battery","Recycle"],"picked":"SKIP","floor":21}],"player_experience":1709599,"relics_obtained":[{"floor":7,"key":"Bottled Flame"}],"event_choices":[{"damage_healed":0,"gold_gain":0,"player_choice":"Trade","damage_taken":0,"relics_obtained":["NlothsMask"],"max_hp_gain":0,"max_hp_loss":0,"event_name":"FaceTrader","floor":2,"gold_loss":0},{"cards_removed":["Strike_B"],"damage_healed":0,"gold_gain":0,"player_choice":"Card Removal","damage_taken":0,"max_hp_gain":0,"max_hp_loss":0,"event_name":"The Cleric","floor":8,"gold_loss":75},{"damage_healed":0,"gold_gain":0,"player_choice":"Grow","damage_taken":0,"max_hp_gain":0,"max_hp_loss":0,"event_name":"Living Wall","floor":13,"gold_loss":0,"cards_upgraded":["Streamline"]},{"damage_healed":0,"gold_gain":0,"player_choice":"Bought 1 Potion","damage_taken":0,"max_hp_gain":0,"max_hp_loss":0,"event_name":"The Woman in Blue","floor":19,"gold_loss":0}],"is_beta":false,"boss_relics":[{"not_picked":["FrozenCore","White Beast Statue"],"picked":"Snecko Eye"}],"items_purged_floors":[20],"is_endless":false,"potions_floor_spawned":[5,7,11,21],"killed_by":"Snecko","ascension_level":20}