{"gold_per_floor":[113,28,39,49,49,49,77,77,77,97,122,122,141,151,151,229,229,249,260,260,260,274,274,288,288,288,316,326,376,4,17,17,92,92,109,129,143,156,156,156,167,167,167,31,48,60,60],"floor_reached":47,"playtime":1500,"items_purged":["Strike_B+1"],"score":1076,"play_id":"d69b2a6d-6238-4a12-a965-dde0c00475ce","local_time":"20190126001103","is_ascension_mode":true,"campfire_choices":[{"data":"Zap","floor":6,"key":"SMITH"},{"data":"Undo","floor":8,"key":"SMITH"},{"floor":12,"key":"REST"},{"data":"Sunder","floor":15,"key":"SMITH"},{"data":"Defragment","floor":23,"key":"SMITH"},{"floor":25,"key":"REST"},{"floor":32,"key":"REST"},{"data":"Hologram","floor":40,"key":"SMITH"},{"data":"Hologram","floor":42,"key":"SMITH"}],"neow_cost":"NONE","seed_source_timestamp":564803637481300,"circlet_count":0,"master_deck":["AscendersBane","Strike_B+1","Strike_B+1","Strike_B+1","Defend_B+1","Defend_B+1","Defend_B+1","Defend_B+1","Zap+1","Dualcast","Sweeping Beam","FTL","Gash","Leap+1","Undo+1","Auto Shields","Sunder+1","Gash","Gash","All For One","Stack+1","Hologram+1","Defragment+1","Compile Driver","Gash","Panache","Good Instincts","All For One","Fission","Gash","Conserve Battery","Steam","Hologram+1","Steam","Scrape","Swift Strike","Coolheaded+1","Leap"],"relics":["Cracked Core","Strawberry","Pear","Bag of Preparation","War Paint","Happy Flower","Runic Dome","Dream Catcher","Sozu","Juzu Bracelet"],"potions_floor_usage":[11,16,16,33,33],"damage_taken":[{"damage":1,"enemies":"Cultist","floor":1,"turns":3},{"damage":0,"enemies":"2 Louse","floor":3,"turns":2},{"damage":0,"enemies":"Small Slimes","floor":4,"turns":2},{"damage":30,"enemies":"Lagavulin","floor":7,"turns":7},{"damage":5,"enemies":"Exordium Thugs","floor":10,"turns":4},{"damage":13,"enemies":"Gremlin Nob","floor":11,"turns":4},{"damage":0,"enemies":"Looter","floor":13,"turns":3},{"damage":6,"enemies":"Lots of Slimes","floor":14,"turns":3},{"damage":0,"enemies":"Slime Boss","floor":16,"turns":5},{"damage":8,"enemies":"3 Byrds","floor":18,"turns":5},{"damage":13,"enemies":"Shell Parasite","floor":19,"turns":5},{"damage":20,"enemies":"Shelled Parasite and Fungi","floor":22,"turns":7},{"damage":0,"enemies":"Sentry and Sphere","floor":24,"turns":4},{"damage":9,"enemies":"Slavers","floor":27,"turns":5},{"damage":19,"enemies":"3 Cultists","floor":28,"turns":4},{"damage":7,"enemies":"Snecko","floor":31,"turns":4},{"damage":3,"enemies":"Automaton","floor":33,"turns":6},{"damage":0,"enemies":"3 Shapes","floor":35,"turns":3},{"damage":0,"enemies":"Orb Walker","floor":36,"turns":3},{"damage":40,"enemies":"Jaw Worm Horde","floor":37,"turns":4},{"damage":29,"enemies":"Writhing Mass","floor":38,"turns":4},{"damage":0,"enemies":"Sphere and 2 Shapes","floor":41,"turns":7},{"damage":15,"enemies":"Jaw Worm Horde","floor":45,"turns":3},{"damage":11,"enemies":"4 Shapes","floor":46,"turns":5},{"damage":59,"enemies":"Giant Head","floor":47,"turns":6}],"seed_played":"-2360278912883965359","potions_obtained":[{"floor":3,"key":"Ancient Potion"},{"floor":11,"key":"Poison Potion"},{"floor":13,"key":"Strength Potion"},{"floor":24,"key":"GamblersBrew"},{"floor":27,"key":"Dexterity Potion"}],"is_trial":false,"path_per_floor":["M","$","M","M","?","R","E","R","T","M","E","R","M","M","R","B",null,"M","M","?","?","M","R","M","R","T","E","M","?","$","M","R","B",null,"M","M","M","M","?","R","M","R","T","$","M","M","E"],"character_chosen":"DEFECT","items_purchased":["FTL","Panache","Good Instincts","Scrape","Swift Strike"],"campfire_rested":3,"item_purchase_floors":[2,30,30,44,44],"current_hp_per_floor":[70,70,70,70,75,75,45,45,45,40,27,53,53,47,47,47,78,70,57,57,57,37,37,37,63,63,54,35,35,35,28,54,51,79,79,79,39,10,72,72,72,72,72,72,57,46,0],"gold":60,"neow_bonus":"RANDOM_COMMON_RELIC","is_prod":false,"is_daily":false,"chose_seed":false,"campfire_upgraded":6,"win_rate":0,"timestamp":1548486663,"path_taken":["M","$","M","M","?","R","E","R","T","M","E","R","M","M","R","BOSS","M","M","?","?","?","R","M","R","T","E","M","?","$","M","R","BOSS","M","M","?","M","?","R","M","R","T","$","M","M","E"],"build_version":"2019-01-23","purchased_purges":1,"victory":false,"max_hp_per_floor":[78,78,78,78,88,88,88,88,88,88,88,88,88,88,88,88,88,88,88,88,88,88,88,88,88,88,88,88,88,88,88,88,88,88,88,88,88,88,72,72,72,72,72,72,72,72,72],"card_choices":[{"not_picked":["Coolheaded","Streamline"],"picked":"Sweeping Beam","floor":1},{"not_picked":["Barrage","Turbo"],"picked":"Gash","floor":3},{"not_picked":["Chill","Coolheaded"],"picked":"Leap","floor":4},{"not_picked":["Redo","Aggregate"],"picked":"Undo","floor":7},{"not_picked":["Leap","Heatsinks"],"picked":"Auto Shields","floor":10},{"not_picked":["Stack","Thunder Strike"],"picked":"Sunder","floor":11},{"not_picked":["Leap","Compile Driver"],"picked":"Gash","floor":13},{"not_picked":["Darkness","Heatsinks"],"picked":"Gash","floor":14},{"not_picked":["Amplify","Biased Cognition"],"picked":"All For One","floor":16},{"not_picked":["Undo","Sunder"],"picked":"Stack+1","floor":18},{"not_picked":["Steam Power","Beam Cell"],"picked":"Hologram","floor":19},{"not_picked":["Steam","Undo"],"picked":"Defragment","floor":22},{"not_picked":["Consume","Turbo"],"picked":"Compile Driver","floor":24},{"not_picked":["Rebound","Blizzard","Stack"],"picked":"SKIP","floor":27},{"not_picked":["Reprogram","Stack"],"picked":"Gash","floor":28},{"not_picked":["Barrage","Steam Power","Compile Driver"],"picked":"SKIP","floor":31},{"not_picked":["Consume","Hello World+1"],"picked":"All For One","floor":32},{"not_picked":["Buffer","Seek"],"picked":"Fission","floor":33},{"not_picked":["Cold Snap","Melter+1"],"picked":"Gash","floor":35},{"not_picked":["Skim","Steam Power+1"],"picked":"Conserve Battery","floor":36},{"not_picked":["White Noise","Beam Cell"],"picked":"Steam","floor":37},{"not_picked":["Compile Driver+1","Auto Shields"],"picked":"Hologram","floor":38},{"not_picked":["Sweeping Beam","Turbo+1"],"picked":"Steam","floor":41},{"not_picked":["Skim","Steam"],"picked":"Coolheaded+1","floor":45},{"not_picked":["Rip and Tear","Tempest+1"],"picked":"Leap","floor":46}],"player_experience":1045525,"relics_obtained":[{"floor":7,"key":"Bag of Preparation"},{"floor":9,"key":"War Paint"},{"floor":11,"key":"Happy Flower"},{"floor":27,"key":"Dream Catcher"},{"floor":43,"key":"Juzu Bracelet"}],"event_choices":[{"damage_healed":0,"gold_gain":0,"player_choice":"Success","damage_taken":5,"relics_obtained":["Pear"],"max_hp_gain":0,"max_hp_loss":0,"event_name":"Scrap Ooze","floor":5,"gold_loss":0},{"damage_healed":0,"gold_gain":0,"player_choice":"Simplicity","damage_taken":0,"max_hp_gain":0,"max_hp_loss":0,"event_name":"Back to Basics","floor":20,"gold_loss":0,"cards_upgraded":["Strike_B","Strike_B","Strike_B","Strike_B","Defend_B","Defend_B","Defend_B"]},{"damage_healed":0,"gold_gain":0,"player_choice":"Ignored","damage_taken":0,"max_hp_gain":0,"max_hp_loss":0,"event_name":"The Mausoleum","floor":21,"gold_loss":0},{"damage_healed":0,"gold_gain":100,"player_choice":"Bet on Murderer","damage_taken":0,"max_hp_gain":0,"max_hp_loss":0,"event_name":"The Joust","floor":29,"gold_loss":50},{"damage_healed":72,"gold_gain":0,"player_choice":"Heal","damage_taken":0,"max_hp_gain":0,"max_hp_loss":16,"event_name":"The Moai Head","floor":39,"gold_loss":0}],"is_beta":true,"boss_relics":[{"not_picked":["Philosopher\u0027s Stone","FrozenCore"],"picked":"Runic Dome"},{"not_picked":["Orrery","Calling Bell"],"picked":"Sozu"}],"items_purged_floors":[30],"is_endless":false,"potions_floor_spawned":[3,11,13,24,27,28,37,41],"killed_by":"Giant Head","ascension_level":20}