{"gold_per_floor":[115,130,130,4,14,14,76,76,103,120,120,150,13,29,29,106,106,122,122,139,5,5,5,37,48,48,83,83,95,95,95,95,172,172,190,205,205,224,243,243],"floor_reached":40,"playtime":1372,"items_purged":["Strike_R","Strike_R"],"score":788,"play_id":"6ee34868-4747-4dce-b985-f8675b81bc6e","local_time":"20190421001120","is_ascension_mode":true,"campfire_choices":[{"data":"Uppercut","floor":6.0,"key":"SMITH"},{"data":"Armaments","floor":8.0,"key":"SMITH"},{"data":"Pommel Strike","floor":11.0,"key":"SMITH"},{"data":"Feed","floor":15,"key":"SMITH"},{"data":"Whirlwind","floor":23,"key":"SMITH"},{"data":"Flame Barrier","floor":32,"key":"SMITH"}],"neow_cost":"TEN_PERCENT_HP_LOSS","seed_source_timestamp":0,"circlet_count":0,"master_deck":["AscendersBane","Defend_R","Defend_R","Defend_R","Defend_R","Bash","Uppercut+1","Pommel Strike+1","Armaments+1","Rampage","Feed+1","Cleave","Double Tap","Flame Barrier+1","Whirlwind+1","Disarm+1","Headbutt","Uppercut+1","Bite","Bite","Bite","Bite","Bite","Reaper","Warcry+1","Shockwave"],"special_seed":0,"relics":["Burning Blood","Thread and Needle","Tiny Chest","Pen Nib","Mercury Hourglass","Coffee Dripper","Smiling Mask","Bottled Lightning","Blue Candle","Potion Belt","Fusion Hammer"],"potions_floor_usage":[16,24,27,35,36,40,40],"damage_taken":[{"damage":0.0,"enemies":"Small Slimes","floor":1.0,"turns":4.0},{"damage":1.0,"enemies":"Cultist","floor":2.0,"turns":4.0},{"damage":1.0,"enemies":"Jaw Worm","floor":5.0,"turns":3.0},{"damage":13.0,"enemies":"Lagavulin","floor":7.0,"turns":6.0},{"damage":2.0,"enemies":"Looter","floor":10.0,"turns":3.0},{"damage":8.0,"enemies":"Gremlin Nob","floor":12.0,"turns":3.0},{"damage":7.0,"enemies":"Red Slaver","floor":14.0,"turns":5.0},{"damage":6,"enemies":"Slime Boss","floor":16,"turns":6},{"damage":3,"enemies":"Chosen","floor":18,"turns":3},{"damage":2,"enemies":"Spheric Guardian","floor":20,"turns":3},{"damage":28,"enemies":"Book of Stabbing","floor":24,"turns":5},{"damage":14,"enemies":"Snecko","floor":25,"turns":6},{"damage":4,"enemies":"Gremlin Leader","floor":27,"turns":5},{"damage":5,"enemies":"3 Cultists","floor":29,"turns":3},{"damage":31,"enemies":"Champ","floor":33,"turns":8},{"damage":28,"enemies":"3 Darklings","floor":35,"turns":6},{"damage":14,"enemies":"3 Shapes","floor":36,"turns":8},{"damage":24,"enemies":"Spire Growth","floor":38,"turns":5},{"damage":27,"enemies":"Jaw Worm Horde","floor":39,"turns":5},{"damage":68,"enemies":"Reptomancer","floor":40,"turns":4}],"seed_played":"-1755373569039974179","potions_obtained":[{"floor":1.0,"key":"Dexterity Potion"},{"floor":7.0,"key":"SpeedPotion"},{"floor":12.0,"key":"SteroidPotion"},{"floor":16,"key":"BloodPotion"},{"floor":27,"key":"Energy Potion"},{"floor":29,"key":"BloodPotion"},{"floor":33,"key":"Fire Potion"},{"floor":35,"key":"Dexterity Potion"},{"floor":38,"key":"GamblersBrew"}],"is_trial":false,"path_per_floor":["M","M","?","$","M","R","E","R","T","M","R","E","$","M","R","B",null,"M","?","M","$","?","R","E","M","T","E","T","M","?","?","R","B",null,"M","M","?","M","M","E"],"character_chosen":"IRONCLAD","items_purchased":["FearPotion","Feed","Whirlwind"],"campfire_rested":0,"item_purchase_floors":[4,13,21],"current_hp_per_floor":[68,68,68,68,68,68,61,61,61,65,65,63,63,62,62,66,71,76,76,80,80,80,80,66,62,62,64,64,65,58,43,43,32,55,47,53,53,41,43,0],"gold":243,"neow_bonus":"ONE_RARE_RELIC","is_prod":false,"is_daily":false,"chose_seed":false,"campfire_upgraded":6,"win_rate":0,"timestamp":1555819880,"path_taken":["M","M","?","?","M","R","E","R","T","M","R","E","$","M","R","BOSS","M","?","M","$","?","R","E","?","T","E","?","M","?","?","R","BOSS","M","M","?","M","M","E"],"build_version":"2019-04-20","purchased_purges":2,"victory":false,"max_hp_per_floor":[68,68,68,68,68,68,68,68,68,68,68,68,68,68,68,72,72,76,76,80,80,80,80,80,84,84,84,84,84,58,63,63,63,63,67,71,67,67,71,71],"card_choices":[{"not_picked":["Disarm","Fire Breathing"],"picked":"Uppercut","floor":1.0},{"not_picked":["Cleave","Havoc"],"picked":"Pommel Strike","floor":2.0},{"not_picked":["Havoc","Warcry"],"picked":"Armaments","floor":5.0},{"not_picked":["Pommel Strike","Intimidate","Thunderclap"],"picked":"SKIP","floor":7.0},{"not_picked":["Reckless Charge","Clash","Armaments"],"picked":"SKIP","floor":10.0},{"not_picked":["Perfected Strike","Thunderclap"],"picked":"Rampage","floor":12.0},{"not_picked":["Body Slam","Power Through"],"picked":"Cleave","floor":14},{"not_picked":["Berserk","Dark Embrace"],"picked":"Double Tap","floor":16},{"not_picked":["Flex","Sever Soul"],"picked":"Flame Barrier","floor":18},{"not_picked":["Entrench","Clothesline","Armaments"],"picked":"SKIP","floor":20},{"not_picked":["Infernal Blade","Thunderclap"],"picked":"Disarm+1","floor":24},{"not_picked":["Warcry","Hemokinesis","Corruption"],"picked":"SKIP","floor":25},{"not_picked":["Pommel Strike","Body Slam+1"],"picked":"Headbutt","floor":27},{"not_picked":["Body Slam","Thunderclap"],"picked":"Uppercut+1","floor":29},{"not_picked":["Barricade","Immolate"],"picked":"Reaper","floor":33},{"not_picked":["Clothesline+1","Reckless Charge","Rampage"],"picked":"SKIP","floor":35},{"not_picked":["Dual Wield","Wild Strike"],"picked":"Warcry+1","floor":36},{"not_picked":["True Grit","Body Slam"],"picked":"Shockwave","floor":38},{"not_picked":["Dual Wield","Iron Wave+1","Searing Blow+1"],"picked":"SKIP","floor":39}],"player_experience":2435303,"relics_obtained":[{"floor":7.0,"key":"Tiny Chest"},{"floor":9.0,"key":"Pen Nib"},{"floor":12.0,"key":"Mercury Hourglass"},{"floor":24,"key":"Smiling Mask"},{"floor":26,"key":"Bottled Lightning"},{"floor":27,"key":"Blue Candle"},{"floor":28,"key":"Potion Belt"}],"event_choices":[{"damage_healed":0.0,"max_hp_gain":0.0,"max_hp_loss":0.0,"gold_gain":0.0,"event_name":"Match and Keep!","player_choice":"0 cards matched","floor":3.0,"gold_loss":0.0,"damage_taken":0.0,"cards_obtained":[]},{"damage_healed":0,"gold_gain":0,"player_choice":"Ignored","damage_taken":0,"max_hp_gain":0,"max_hp_loss":0,"event_name":"The Mausoleum","floor":19,"gold_loss":0},{"damage_healed":0,"gold_gain":0,"player_choice":"0 cards matched","damage_taken":0,"max_hp_gain":0,"max_hp_loss":0,"event_name":"Match and Keep!","floor":22,"gold_loss":0,"cards_obtained":[]},{"damage_healed":0,"gold_gain":0,"player_choice":"Became a vampire","damage_taken":0,"max_hp_gain":0,"max_hp_loss":26,"event_name":"Vampires","floor":30,"gold_loss":0,"cards_obtained":["Bite","Bite","Bite","Bite","Bite"]},{"damage_healed":0,"gold_gain":0,"player_choice":"Shed Blood","damage_taken":20,"max_hp_gain":5,"max_hp_loss":0,"event_name":"Forgotten Altar","floor":31,"gold_loss":0},{"damage_healed":0,"gold_gain":0,"player_choice":"Max HP","damage_taken":0,"max_hp_gain":0,"max_hp_loss":4,"event_name":"Winding Halls","floor":37,"gold_loss":0}],"is_beta":true,"boss_relics":[{"not_picked":["Mark of Pain","Runic Cube"],"picked":"Coffee Dripper"},{"not_picked":["Velvet Choker","Tiny House"],"picked":"Fusion Hammer"}],"items_purged_floors":[4,21],"is_endless":false,"potions_floor_spawned":[1,7,12,14,16,18,27,29,33,35,38],"killed_by":"Reptomancer","ascension_level":15}