{"gold_per_floor":[119,131,148,148,148,176,176,187,210,210,210,210,245,264,264,336,336,288,300,53,53,14,14,26,26],"floor_reached":25,"playtime":1621,"items_purged":[],"score":422,"play_id":"f0a0f369-5812-43bc-853e-55c9a6159c98","local_time":"20190316172817","is_ascension_mode":true,"campfire_choices":[{"data":"Armaments","floor":7,"key":"SMITH"},{"floor":11,"key":"REST"},{"data":"Combust","floor":15,"key":"SMITH"},{"data":"Bash","floor":23,"key":"SMITH"}],"neow_cost":"NONE","seed_source_timestamp":280821827894977,"circlet_count":0,"master_deck":["AscendersBane","Strike_R","Strike_R","Strike_R","Strike_R","Strike_R+1","Defend_R","Defend_R+1","Defend_R","Defend_R","Bash+1","Pummel","Combust+1","Disarm+1","Armaments+1","Heavy Blade","Anger","Ghostly Armor","Offering","Heavy Blade","Evolve","Flame Barrier"],"relics":["Burning Blood","Strawberry","Ancient Tea Set","Eternal Feather","PreservedInsect","Nloth\u0027s Gift"],"potions_floor_usage":[6,8,14,16,19,24,25],"damage_taken":[{"damage":2,"enemies":"Jaw Worm","floor":1,"turns":5},{"damage":7,"enemies":"Cultist","floor":2,"turns":4},{"damage":2,"enemies":"Small Slimes","floor":3,"turns":3},{"damage":36,"enemies":"3 Sentries","floor":6,"turns":7},{"damage":21,"enemies":"Exordium Wildlife","floor":8,"turns":5},{"damage":26,"enemies":"Gremlin Nob","floor":13,"turns":4},{"damage":2,"enemies":"Lots of Slimes","floor":14,"turns":2},{"damage":47,"enemies":"The Guardian","floor":16,"turns":14},{"damage":29,"enemies":"2 Thieves","floor":18,"turns":5},{"damage":9,"enemies":"Chosen","floor":19,"turns":4},{"damage":41,"enemies":"Snake Plant","floor":24,"turns":5},{"damage":28,"enemies":"Centurion and Healer","floor":25,"turns":2}],"seed_played":"5737983426320214677","potions_obtained":[{"floor":1,"key":"Strength Potion"},{"floor":6,"key":"SkillPotion"},{"floor":13,"key":"AttackPotion"},{"floor":14,"key":"Regen Potion"},{"floor":18,"key":"PowerPotion"},{"floor":24,"key":"Swift Potion"}],"is_trial":false,"path_per_floor":["M","M","M","?","?","E","R","M","T","?","R","?","E","M","R","B",null,"M","M","$","?","$","R","M","M"],"character_chosen":"IRONCLAD","items_purchased":["PreservedInsect","EssenceOfSteel","Evolve"],"campfire_rested":1,"item_purchase_floors":[20,20,22],"current_hp_per_floor":[79,78,82,87,87,57,57,42,49,21,49,49,29,33,33,7,72,49,46,46,46,46,58,23,0],"gold":26,"neow_bonus":"TEN_PERCENT_HP_BONUS","is_prod":false,"is_daily":false,"chose_seed":false,"campfire_upgraded":3,"win_rate":0,"timestamp":1552771697,"path_taken":["M","M","M","?","?","E","R","?","T","?","R","?","E","M","R","BOSS","M","M","?","?","$","R","M","?"],"build_version":"2019-01-23","purchased_purges":0,"victory":false,"max_hp_per_floor":[82,82,82,87,87,87,87,87,94,94,94,94,94,94,94,94,94,94,94,94,94,94,94,94,94],"card_choices":[{"not_picked":["Iron Wave","Thunderclap"],"picked":"Pummel","floor":1},{"not_picked":["Body Slam","Warcry"],"picked":"Combust","floor":2},{"not_picked":["Blood for Blood","Wild Strike"],"picked":"Disarm","floor":3},{"not_picked":["Intimidate","Shrug It Off"],"picked":"Armaments","floor":6},{"not_picked":["Havoc","Intimidate"],"picked":"Heavy Blade","floor":8},{"not_picked":["Bloodletting","Dropkick"],"picked":"Anger","floor":13},{"not_picked":["Searing Blow","Burning Pact"],"picked":"Ghostly Armor","floor":14},{"not_picked":["Double Tap","Brutality"],"picked":"Offering","floor":16},{"not_picked":["Wild Strike","Intimidate","Dropkick"],"picked":"SKIP","floor":18},{"not_picked":["Dual Wield","Body Slam"],"picked":"Heavy Blade","floor":19},{"not_picked":["Second Wind","Searing Blow"],"picked":"Flame Barrier","floor":24}],"player_experience":1163330,"relics_obtained":[{"floor":6,"key":"Lantern"},{"floor":9,"key":"Strawberry"},{"floor":13,"key":"Ancient Tea Set"}],"event_choices":[{"damage_healed":0,"gold_gain":0,"player_choice":"Donut","damage_taken":0,"max_hp_gain":5,"max_hp_loss":0,"event_name":"Big Fish","floor":4,"gold_loss":0},{"damage_healed":0,"gold_gain":0,"player_choice":"0 cards matched","damage_taken":0,"max_hp_gain":0,"max_hp_loss":0,"event_name":"Match and Keep!","floor":5,"gold_loss":0,"cards_obtained":[]},{"damage_healed":0,"gold_gain":0,"player_choice":"Entered Light","damage_taken":28,"max_hp_gain":0,"max_hp_loss":0,"event_name":"Shining Light","floor":10,"gold_loss":0,"cards_upgraded":["Defend_R","Strike_R"]},{"damage_healed":0,"gold_gain":0,"player_choice":"Forge","damage_taken":0,"max_hp_gain":0,"max_hp_loss":0,"event_name":"Accursed Blacksmith","floor":12,"gold_loss":0,"cards_upgraded":["Disarm"]},{"damage_healed":0,"gold_gain":0,"player_choice":"Traded Relic","damage_taken":0,"relics_obtained":["Nloth\u0027s Gift"],"max_hp_gain":0,"max_hp_loss":0,"event_name":"N\u0027loth","floor":21,"relics_lost":["Lantern"],"gold_loss":0}],"is_beta":false,"boss_relics":[{"not_picked":["Mark of Pain","Sozu"],"picked":"Eternal Feather"}],"items_purged_floors":[],"is_endless":false,"potions_floor_spawned":[1,6,13,14,18,24],"killed_by":"Centurion and Healer","ascension_level":20}