{"path_per_floor":["M","?","?","?","$","M","E","R","T","R","M","M","R","M","R","B",null,"M","M","?","M","M","R","E","R","T","?","M","M","R","M","R","B",null,"M","?","?","M","M","R","M","E","T","R","$","E","T","M","R"],"character_chosen":"THE_SILENT","items_purchased":["Vajra","Adrenaline","Block Potion","Art of War","Swift Potion","Deep Breath"],"gold_per_floor":[111,286,286,286,65,84,111,111,134,134,148,159,159,172,172,273,273,290,308,308,318,337,337,363,363,390,390,408,418,418,429,429,532,532,552,552,552,570,581,581,593,622,701,701,84,118,118,138,138],"floor_reached":50,"campfire_rested":1,"playtime":4838,"current_hp_per_floor":[69,69,69,69,69,64,21,21,21,21,21,19,19,19,19,17,84,69,69,84,54,49,49,41,41,41,41,43,43,43,22,22,1,84,67,67,67,51,28,28,14,16,16,41,41,42,42,44,44],"items_purged":["Regret","Decay"],"gold":138,"score":603,"play_id":"b727bcc5-2970-46cc-b3e3-74cb4f6b1e61","is_prod":false,"is_daily":false,"is_ascension_mode":true,"campfire_upgraded":10,"path_taken":["M","?","?","?","$","M","E","R","T","R","M","M","R","M","R","BOSS","M","M","?","M","M","R","E","R","T","?","M","?","R","?","R","BOSS","M","?","?","M","?","R","M","E","T","R","$","E","?","?","R","BOSS"],"build_version":"2018-02-08-PROD1","purchased_purges":3,"victory":false,"master_deck":["Survivor","Neutralize+1","Cloak And Dagger+1","A Thousand Cuts+1","Accuracy+1","Acrobatics+1","Storm of Steel+1","Deadly Poison","Prepared","Slice","Blade Dance+1","Eviscerate+1","Caltrops+1","Outmaneuver","Slice","Concentrate","Backflip+1","Terror+1","Blade Dance+1","Infinite Blades+1","Decay","Quick Slash+1","Adrenaline+1","Flechettes+1","Adrenaline","Deep Breath"],"max_hp_per_floor":[70,70,70,70,70,70,84,84,84,84,84,84,84,84,84,84,84,84,84,84,84,84,84,84,84,84,84,84,84,84,84,84,84,84,84,84,84,84,84,84,84,84,84,84,84,84,84,84,84],"relics":["Philosopher\u0027s Stone","Anchor","Vajra","Mango","Whetstone","Pandora\u0027s Box","Paper Crane","Blood Vial","Lizard Tail","Dead Branch","Tiny Chest","Art of War","The Courier","Gremlin Horn"],"card_choices":[{"not_picked":["Outmaneuver","Backflip"],"picked":"Cloak And Dagger"},{"not_picked":["Slice","Prepared"],"picked":"A Thousand Cuts"},{"not_picked":["Outmaneuver","Predator"],"picked":"Accuracy"},{"not_picked":["Dash","Sucker Punch"],"picked":"Acrobatics"},{"not_picked":["Bullet Time","Burst"],"picked":"Storm of Steel"},{"not_picked":["Deflect","Dodge and Roll"],"picked":"Backflip"},{"not_picked":["Glass Knife","Flechettes"],"picked":"Terror"},{"not_picked":["Slice","Heel Hook"],"picked":"Blade Dance"},{"not_picked":["Acrobatics","Heel Hook"],"picked":"Infinite Blades"},{"not_picked":["Choke","Dodge and Roll"],"picked":"Quick Slash"},{"not_picked":["Venomology","Corpse Explosion"],"picked":"Adrenaline"},{"not_picked":["Sucker Punch","Calculated Gamble"],"picked":"Flechettes"}],"player_experience":155439,"potions_floor_usage":[18,24,24,28,35,46,50,50,50],"damage_taken":[{"damage":1,"enemies":"Jaw Worm","floor":1,"turns":5},{"damage":5,"enemies":"Blue Slaver","floor":6,"turns":4},{"damage":57,"enemies":"Gremlin Nob","floor":7,"turns":6},{"damage":0,"enemies":"Cultist","floor":11,"turns":2},{"damage":2,"enemies":"2 Fungi Beasts","floor":12,"turns":4},{"damage":0,"enemies":"Large Slime","floor":14,"turns":5},{"damage":2,"enemies":"Hexaghost","floor":16,"turns":9},{"damage":15,"enemies":"Chosen","floor":18,"turns":5},{"damage":0,"enemies":"Spheric Guardian","floor":19,"turns":2},{"damage":30,"enemies":"Snecko","floor":21,"turns":6},{"damage":5,"enemies":"Sentry and Sphere","floor":22,"turns":3},{"damage":8,"enemies":"Slavers","floor":24,"turns":2},{"damage":0,"enemies":"Chosen and Byrds","floor":28,"turns":2},{"damage":2,"enemies":"Snecko","floor":29,"turns":4},{"damage":23,"enemies":"Slaver and Parasite","floor":31,"turns":3},{"damage":23,"enemies":"Collector","floor":33,"turns":4},{"damage":17,"enemies":"3 Shapes","floor":35,"turns":4},{"damage":18,"enemies":"Orb Walker","floor":38,"turns":3},{"damage":25,"enemies":"3 Darklings","floor":39,"turns":4},{"damage":16,"enemies":"Maw","floor":41,"turns":5},{"damage":0,"enemies":"Giant Head","floor":42,"turns":5},{"damage":1,"enemies":"Nemesis","floor":46,"turns":4},{"damage":0,"enemies":"Sphere and 2 Shapes","floor":48,"turns":2},{"damage":96,"enemies":"Time Eater","floor":50,"turns":8}],"event_choices":[{"event_name":"Liars Game","player_choice":"agreed","floor":2,"damage_taken":0},{"event_name":"Living Wall","player_choice":"Forget","floor":3,"damage_taken":0},{"event_name":"Big Fish","player_choice":"Box","floor":4,"damage_taken":0},{"event_name":"Bonfire Elementals","player_choice":"UNCOMMON","floor":20,"damage_taken":0},{"event_name":"Wheel of Change","player_choice":"Curse","floor":27,"damage_taken":0},{"event_name":"Tomb of Lord Red Mask","player_choice":"Ignored","floor":36,"damage_taken":0},{"event_name":"Wheel of Change","player_choice":"Curse","floor":37,"damage_taken":0}],"boss_relics":[{"not_picked":["Snecko Eye","Eternal Feather"],"picked":"Pandora\u0027s Box"},{"not_picked":["The Specimen","Black Star"],"picked":"Lizard Tail"}],"potions_floor_spawned":[7,16,19,21,24,39,42,46,48],"seed_played":"-3221932808014261192","killed_by":"Time Eater","ascension_level":3,"is_trial":false}