{"gold_per_floor":[109,124,28,40,58,58,83,83,131,44,44,57,86,141,141,212,212,189,209,134,134,146,146,181,181,227,227,254,254,272,302,302,381,381,393,393,408,9,20,20,46,46,46,64,64,12,12,27,27,27,27,27,27,27,61,61],"floor_reached":56,"playtime":3720,"items_purged":[],"score":2061,"play_id":"4b67eaf2-e6f8-491b-b17c-5a1ea7f09b09","local_time":"20190424180753","is_ascension_mode":true,"campfire_choices":[{"data":"Armaments","floor":6,"key":"SMITH"},{"data":"Hemokinesis","floor":8,"key":"SMITH"},{"data":"Bash","floor":11,"key":"SMITH"},{"data":"Juggernaut","floor":15,"key":"SMITH"},{"floor":23,"key":"REST"},{"floor":25,"key":"REST"},{"data":"Body Slam","floor":29,"key":"SMITH"},{"data":"Corruption","floor":32,"key":"SMITH"},{"floor":40,"key":"REST"},{"floor":42,"key":"RECALL"},{"floor":49,"key":"REST"},{"data":"Perfected Strike","floor":53,"key":"PURGE"}],"neow_cost":"NONE","seed_source_timestamp":169864894262448,"circlet_count":0,"master_deck":["AscendersBane","Strike_R","Strike_R","Strike_R","Strike_R","Strike_R","Defend_R","Defend_R","Defend_R","Defend_R","Bash+1","Blind","Shrug It Off","Shrug It Off","Carnage","Armaments+1","Metallicize","Hemokinesis+1","Flame Barrier","Juggernaut+1","Shrug It Off","Body Slam+1","Brutality+1","Feel No Pain","Pommel Strike","Corruption+1","Offering+1","Feel No Pain+1","Warcry+1","Metallicize","Immolate","Ghostly Armor+1","True Grit+1","Armaments+1","Sentinel+1","True Grit+1","Impervious+1","Disarm+1","Havoc+1","True Grit+1","Feel No Pain"],"relics":["Burning Blood","Self Forming Clay","Bag of Preparation","Omamori","Ornamental Fan","Calling Bell","Bronze Scales","Mummified Hand","Peace Pipe","Toxic Egg 2","Blue Candle","Charon\u0027s Ashes","Cursed Key","MealTicket","Question Card","Bottled Tornado"],"potions_floor_usage":[13,16,24,24,35,51,56,56],"damage_taken":[{"damage":0,"enemies":"Cultist","floor":1,"turns":3},{"damage":2,"enemies":"Jaw Worm","floor":2,"turns":6},{"damage":0,"enemies":"2 Louse","floor":4,"turns":2},{"damage":7,"enemies":"Looter","floor":5,"turns":3},{"damage":21,"enemies":"3 Sentries","floor":7,"turns":10},{"damage":12,"enemies":"Gremlin Gang","floor":12,"turns":4},{"damage":6,"enemies":"Lagavulin","floor":13,"turns":7},{"damage":20,"enemies":"Lagavulin Event","floor":14,"turns":6},{"damage":3,"enemies":"Hexaghost","floor":16,"turns":8},{"damage":19,"enemies":"2 Thieves","floor":18,"turns":4},{"damage":16,"enemies":"Spheric Guardian","floor":19,"turns":4},{"damage":19,"enemies":"Centurion and Healer","floor":22,"turns":6},{"damage":24,"enemies":"Slavers","floor":24,"turns":3},{"damage":11,"enemies":"Gremlin Leader","floor":28,"turns":4},{"damage":10,"enemies":"Cultist and Chosen","floor":30,"turns":3},{"damage":10,"enemies":"Book of Stabbing","floor":31,"turns":3},{"damage":24,"enemies":"Champ","floor":33,"turns":9},{"damage":3,"enemies":"Orb Walker","floor":35,"turns":2},{"damage":17,"enemies":"3 Darklings","floor":37,"turns":3},{"damage":37,"enemies":"Jaw Worm Horde","floor":39,"turns":2},{"damage":15,"enemies":"Giant Head","floor":41,"turns":6},{"damage":11,"enemies":"Transient","floor":44,"turns":6},{"damage":7,"enemies":"4 Shapes","floor":48,"turns":2},{"damage":22,"enemies":"Donu and Deca","floor":50,"turns":8},{"damage":44,"enemies":"Awakened One","floor":51,"turns":15},{"damage":50,"enemies":"Shield and Spear","floor":55,"turns":7},{"damage":27,"enemies":"The Heart","floor":56,"turns":5}],"seed_played":"4953226806520579443","potions_obtained":[{"floor":1,"key":"Weak Potion"},{"floor":7,"key":"LiquidBronze"},{"floor":13,"key":"SteroidPotion"},{"floor":19,"key":"Fire Potion"},{"floor":28,"key":"Energy Potion"},{"floor":31,"key":"FearPotion"},{"floor":55,"key":"FearPotion"}],"is_trial":false,"path_per_floor":["M","M","$","M","M","R","E","R","T","$","R","M","E","?","R","B",null,"M","M","?","?","M","R","E","R","T","?","E","R","M","E","R","B",null,"M","?","M","$","M","R","E","R","T","M","?","$","$","M","R","B","B",null,"R","$","E","B"],"character_chosen":"IRONCLAD","items_purchased":["Shrug It Off","Carnage","Flame Barrier","Armaments+1","Sentinel+1","MealTicket","Ancient Potion","Havoc+1"],"campfire_rested":4,"item_purchase_floors":[3,3,10,38,38,38,38,46],"current_hp_per_floor":[74,75,75,75,74,74,59,59,59,59,59,53,53,39,39,42,67,54,44,44,44,31,53,35,57,57,57,52,52,48,44,44,26,63,66,66,55,55,24,45,36,36,36,31,31,31,46,45,66,50,12,56,56,71,27,0],"gold":61,"neow_bonus":"RANDOM_COLORLESS","is_prod":false,"is_daily":false,"chose_seed":false,"campfire_upgraded":6,"win_rate":0,"timestamp":1556143673,"path_taken":["M","M","$","M","M","R","E","R","T","$","R","M","E","?","R","BOSS","M","M","?","?","M","R","E","R","T","?","E","R","?","E","R","BOSS","M","?","M","$","M","R","E","R","T","M","?","?","$","M","R","BOSS","BOSS","R","$","E","BOSS"],"build_version":"2019-01-23","purchased_purges":0,"victory":false,"max_hp_per_floor":[75,75,75,75,75,75,75,75,75,75,75,75,75,75,75,75,75,75,75,75,75,75,75,75,75,75,75,75,75,75,75,75,75,75,75,71,71,71,71,71,71,71,71,71,71,71,71,71,71,71,71,71,71,71,71,71],"card_choices":[{"not_picked":["Perfected Strike","Havoc"],"picked":"Shrug It Off","floor":1},{"not_picked":["Iron Wave","Warcry"],"picked":"Perfected Strike","floor":2},{"not_picked":["Clash","Cleave"],"picked":"Armaments","floor":4},{"not_picked":["Pommel Strike","Shrug It Off"],"picked":"Metallicize","floor":5},{"not_picked":["Power Through","Warcry"],"picked":"Hemokinesis","floor":7},{"not_picked":["Havoc","Twin Strike"],"picked":"Juggernaut","floor":12},{"not_picked":["Wild Strike","Fire Breathing"],"picked":"Shrug It Off","floor":13},{"not_picked":["Wild Strike","Seeing Red"],"picked":"Body Slam","floor":14},{"not_picked":["Reaper","Bludgeon"],"picked":"Brutality","floor":16},{"not_picked":["Pommel Strike","Thunderclap"],"picked":"Feel No Pain","floor":18},{"not_picked":["Sword Boomerang","Clash"],"picked":"Pommel Strike","floor":19},{"not_picked":["Pommel Strike+1","Body Slam"],"picked":"Corruption","floor":22},{"not_picked":["Whirlwind","Evolve"],"picked":"Offering","floor":24},{"not_picked":["Clash","Thunderclap"],"picked":"Feel No Pain+1","floor":28},{"not_picked":["Pommel Strike","Evolve"],"picked":"Warcry+1","floor":30},{"not_picked":["Perfected Strike","Pommel Strike"],"picked":"Metallicize","floor":31},{"not_picked":["Brutality","Demon Form"],"picked":"Immolate","floor":33},{"not_picked":["Carnage+1","Perfected Strike"],"picked":"Ghostly Armor+1","floor":35},{"not_picked":["Shockwave+1","Cleave"],"picked":"True Grit+1","floor":37},{"not_picked":["Spot Weakness+1","Flex+1"],"picked":"True Grit+1","floor":39},{"not_picked":["Evolve+1","Burning Pact+1"],"picked":"Impervious+1","floor":41},{"not_picked":["Intimidate+1","Sword Boomerang","Perfected Strike"],"picked":"Disarm+1","floor":44},{"not_picked":["Sword Boomerang","Seeing Red+1","Anger"],"picked":"True Grit+1","floor":48},{"not_picked":["Headbutt+1","Whirlwind","Armaments+1"],"picked":"Feel No Pain","floor":55}],"player_experience":1906378,"relics_obtained":[{"floor":7,"key":"Self Forming Clay"},{"floor":9,"key":"Bag of Preparation"},{"floor":13,"key":"Omamori"},{"floor":14,"key":"Ornamental Fan"},{"floor":17,"key":"Bronze Scales"},{"floor":17,"key":"Mummified Hand"},{"floor":17,"key":"Peace Pipe"},{"floor":24,"key":"Toxic Egg 2"},{"floor":28,"key":"Blue Candle"},{"floor":31,"key":"Charon\u0027s Ashes"},{"floor":41,"key":"Question Card"},{"floor":55,"key":"Bottled Tornado"}],"event_choices":[{"damage_healed":0,"gold_gain":0,"player_choice":"Searched \u00271\u0027 times","damage_taken":0,"max_hp_gain":0,"max_hp_loss":0,"event_name":"Dead Adventurer","floor":14,"gold_loss":0},{"cards_removed":["Injury"],"damage_healed":0,"gold_gain":0,"player_choice":"Gave Gold","damage_taken":0,"max_hp_gain":0,"max_hp_loss":0,"event_name":"Beggar","floor":20,"gold_loss":75},{"damage_healed":0,"gold_gain":0,"player_choice":"Ignored","damage_taken":0,"max_hp_gain":0,"max_hp_loss":0,"event_name":"Ghosts","floor":21,"gold_loss":0},{"damage_healed":0,"gold_gain":0,"player_choice":"Forge","damage_taken":0,"max_hp_gain":0,"max_hp_loss":0,"event_name":"Accursed Blacksmith","floor":27,"gold_loss":0,"cards_upgraded":["Brutality"]},{"damage_healed":0,"gold_gain":0,"player_choice":"Max HP","damage_taken":0,"max_hp_gain":0,"max_hp_loss":4,"event_name":"Winding Halls","floor":36,"gold_loss":0},{"damage_healed":0,"gold_gain":0,"player_choice":"Ignored","damage_taken":0,"max_hp_gain":0,"max_hp_loss":0,"event_name":"The Moai Head","floor":45,"gold_loss":0}],"is_beta":false,"boss_relics":[{"not_picked":["Black Star","Astrolabe"],"picked":"Calling Bell"},{"not_picked":["Lizard Tail","Eternal Feather"],"picked":"Cursed Key"}],"items_purged_floors":[],"is_endless":false,"potions_floor_spawned":[1,7,12,13,14,19,22,28,31,39,55],"killed_by":"The Heart","ascension_level":20}