{"gold_per_floor":[116,116,136,42,55,71,99,99,177,191,191,23,57,73,73,171,171,187,187,202,56,67,67,67,85,85,85],"floor_reached":27,"playtime":1230,"items_purged":["Strike_B","Sweeping Beam"],"score":275,"play_id":"5db92bd3-9644-4d71-9f8d-d3f30f4ac5e8","local_time":"20190412011113","is_ascension_mode":false,"campfire_choices":[{"data":"Consume","floor":8,"key":"SMITH"},{"data":"Buffer","floor":11,"key":"SMITH"},{"data":"Barrage","floor":15,"key":"SMITH"},{"data":"Loop","floor":23,"key":"SMITH"}],"neow_cost":"NONE","seed_source_timestamp":23590168791546,"circlet_count":0,"master_deck":["Strike_B+1","Defend_B","Defend_B","Defend_B","Defend_B","Zap","Dualcast","Melter","Darkness","Loop+1","Steam","Ball Lightning","Capacitor","Consume+1","Buffer+1","Cold Snap","Barrage+1","Coolheaded","Doom and Gloom","Rainbow","Lockon+1","Leap","Hologram","Glacier","Static Discharge"],"relics":["Cracked Core","Whetstone","Bottled Lightning","Tiny Chest","Regal Pillow","Inserter"],"potions_floor_usage":[13,18,27],"damage_taken":[{"damage":0,"enemies":"2 Louse","floor":1,"turns":2},{"damage":0,"enemies":"Cultist","floor":3,"turns":2},{"damage":1,"enemies":"Jaw Worm","floor":5,"turns":4},{"damage":0,"enemies":"Exordium Thugs","floor":6,"turns":3},{"damage":15,"enemies":"Gremlin Nob","floor":7,"turns":4},{"damage":10,"enemies":"Red Slaver","floor":10,"turns":4},{"damage":15,"enemies":"Lagavulin","floor":13,"turns":5},{"damage":7,"enemies":"3 Louse","floor":14,"turns":4},{"damage":0,"enemies":"Slime Boss","floor":16,"turns":6},{"damage":0,"enemies":"Chosen","floor":18,"turns":5},{"damage":0,"enemies":"Spheric Guardian","floor":20,"turns":4},{"damage":19,"enemies":"Cultist and Chosen","floor":22,"turns":7},{"damage":22,"enemies":"Sentry and Sphere","floor":25,"turns":4},{"damage":39,"enemies":"Slavers","floor":27,"turns":4}],"seed_played":"-8239792753982264046","potions_obtained":[{"floor":3,"key":"Energy Potion"},{"floor":7,"key":"Regen Potion"},{"floor":13,"key":"LiquidBronze"},{"floor":16,"key":"GamblersBrew"},{"floor":22,"key":"SkillPotion"}],"is_trial":false,"path_per_floor":["M","?","M","$","M","M","E","R","T","M","R","$","E","M","R","B",null,"M","?","M","$","M","R","$","M","T","E"],"character_chosen":"DEFECT","items_purchased":["Loop","Steam","Cold Snap","Barrage","Hologram"],"campfire_rested":0,"item_purchase_floors":[4,4,12,12,21],"current_hp_per_floor":[75,75,75,75,74,74,59,59,59,49,49,49,48,41,41,41,75,75,75,75,75,56,56,56,34,34,0],"gold":85,"neow_bonus":"RANDOM_COMMON_RELIC","is_prod":false,"is_daily":false,"chose_seed":false,"campfire_upgraded":4,"win_rate":0,"timestamp":1555045873,"path_taken":["M","?","M","?","?","M","E","R","T","M","R","$","E","M","R","BOSS","M","?","M","?","M","R","$","M","T","E"],"build_version":"2019-01-23","purchased_purges":2,"victory":false,"max_hp_per_floor":[75,75,75,75,75,75,75,75,75,75,75,75,75,75,75,75,75,75,75,75,75,75,75,75,75,75,75],"card_choices":[{"not_picked":["Streamline","Rebound"],"picked":"Melter","floor":1},{"not_picked":["Heatsinks","Redo"],"picked":"Sweeping Beam","floor":3},{"not_picked":["Rebound","Steam Power"],"picked":"Ball Lightning","floor":5},{"not_picked":["Streamline","Cold Snap"],"picked":"Capacitor","floor":6},{"not_picked":["Go for the Eyes","Streamline"],"picked":"Consume","floor":7},{"not_picked":["Melter","Conserve Battery"],"picked":"Buffer","floor":10},{"not_picked":["Cold Snap","Leap"],"picked":"Coolheaded","floor":13},{"not_picked":["Beam Cell","Steam"],"picked":"Doom and Gloom","floor":14},{"not_picked":["Hyperbeam","Fission"],"picked":"Rainbow","floor":16},{"not_picked":["Go for the Eyes","Redo"],"picked":"Lockon+1","floor":18},{"not_picked":["Barrage","Melter"],"picked":"Leap","floor":20},{"not_picked":["Redo+1","Compile Driver"],"picked":"Glacier","floor":22},{"not_picked":["Tempest","Compile Driver"],"picked":"Static Discharge","floor":25}],"player_experience":1796149,"relics_obtained":[{"floor":7,"key":"Bottled Lightning"},{"floor":9,"key":"Tiny Chest"},{"floor":13,"key":"Regal Pillow"}],"event_choices":[{"damage_healed":0,"gold_gain":0,"cards_transformed":["Strike_B"],"player_choice":"Transformed","damage_taken":0,"max_hp_gain":0,"max_hp_loss":0,"event_name":"Transmorgrifier","floor":2,"gold_loss":0,"cards_obtained":["Darkness"]},{"cards_removed":["Strike_B"],"damage_healed":0,"gold_gain":0,"player_choice":"Offered Basic","damage_taken":0,"max_hp_gain":0,"max_hp_loss":0,"event_name":"Bonfire Elementals","floor":19,"gold_loss":0}],"is_beta":false,"boss_relics":[{"not_picked":["Cursed Key","Velvet Choker"],"picked":"Inserter"}],"items_purged_floors":[12,21],"is_endless":false,"potions_floor_spawned":[3,7,13,16,22],"killed_by":"Slavers","ascension_level":0}