{"gold_per_floor":[119,119,129,149,149,149,184,199,199,232,232,243,255,330,330,330],"floor_reached":16,"playtime":616,"items_purged":[],"score":196,"play_id":"bd5cd7fe-ab0b-4d82-9c53-e37bd9975090","local_time":"20190316110002","is_ascension_mode":true,"campfire_choices":[{"data":"Neutralize","floor":6,"key":"SMITH"},{"floor":11,"key":"REST"},{"data":"Wraith Form v2","floor":15,"key":"SMITH"}],"neow_cost":"NONE","seed_source_timestamp":258492674744104,"circlet_count":0,"master_deck":["AscendersBane","Defend_G","Defend_G","Defend_G","Defend_G","Defend_G","Strike_G","Strike_G","Strike_G","Strike_G","Survivor","Neutralize+1","Dagger Spray","Predator","Wraith Form v2+1","PiercingWail","Cloak And Dagger+1","Night Terror+1","Poisoned Stab"],"relics":["Ring of the Snake","Matryoshka","Happy Flower","Snake Skull","Toxic Egg 2"],"potions_floor_usage":[7,10,10,16],"damage_taken":[{"damage":2,"enemies":"2 Louse","floor":1,"turns":5},{"damage":5,"enemies":"Jaw Worm","floor":3,"turns":6},{"damage":0,"enemies":"Small Slimes","floor":4,"turns":4},{"damage":12,"enemies":"3 Sentries","floor":7,"turns":6},{"damage":6,"enemies":"Gremlin Gang","floor":8,"turns":5},{"damage":23,"enemies":"Lagavulin","floor":10,"turns":10},{"damage":0,"enemies":"Large Slime","floor":12,"turns":8},{"damage":2,"enemies":"Looter","floor":13,"turns":3},{"damage":24,"enemies":"Slime Boss","floor":16,"turns":10}],"seed_played":"2240376070856126785","potions_obtained":[{"floor":3,"key":"SteroidPotion"},{"floor":4,"key":"SpeedPotion"},{"floor":7,"key":"SteroidPotion"},{"floor":10,"key":"Swift Potion"}],"is_trial":false,"path_per_floor":["M","?","M","M","T","R","E","M","T","E","R","M","M","?","R","B"],"character_chosen":"THE_SILENT","items_purchased":[],"campfire_rested":1,"item_purchase_floors":[],"current_hp_per_floor":[57,62,57,57,57,57,45,39,39,16,37,37,35,24,24,0],"gold":330,"neow_bonus":"REMOVE_CARD","is_prod":false,"is_daily":false,"chose_seed":false,"campfire_upgraded":2,"win_rate":0,"timestamp":1552748402,"path_taken":["M","?","M","M","?","R","E","M","T","E","R","M","M","?","R","BOSS"],"build_version":"2019-03-15","purchased_purges":0,"victory":false,"max_hp_per_floor":[66,71,71,71,71,71,71,71,71,71,71,71,71,71,71,71],"card_choices":[{"not_picked":["Bane","Dagger Throw"],"picked":"Dagger Spray","floor":1},{"not_picked":["Leg Sweep","Quick Slash"],"picked":"Predator","floor":3},{"not_picked":["Deflect","Caltrops","Dagger Spray"],"picked":"SKIP","floor":4},{"not_picked":["Slice","Setup"],"picked":"Wraith Form v2","floor":7},{"not_picked":["Calculated Gamble","Dagger Throw"],"picked":"PiercingWail","floor":8},{"not_picked":["Reflex","Calculated Gamble"],"picked":"Cloak And Dagger","floor":10},{"not_picked":["Concentrate+1","Predator","Night Terror+1"],"picked":"SKIP","floor":12},{"not_picked":["Concentrate+1","Predator"],"picked":"Night Terror+1","floor":12},{"not_picked":["Underhanded Strike","Sucker Punch"],"picked":"Poisoned Stab","floor":13}],"player_experience":2198161,"relics_obtained":[{"floor":5,"key":"Matryoshka"},{"floor":7,"key":"Happy Flower"},{"floor":9,"key":"Snake Skull"},{"floor":10,"key":"Toxic Egg 2"}],"event_choices":[{"damage_healed":0,"gold_gain":0,"player_choice":"Donut","damage_taken":0,"max_hp_gain":5,"max_hp_loss":0,"event_name":"Big Fish","floor":2,"gold_loss":0},{"damage_healed":0,"gold_gain":75,"player_choice":"Gather Gold","damage_taken":11,"max_hp_gain":0,"max_hp_loss":0,"event_name":"World of Goop","floor":14,"gold_loss":0}],"is_beta":true,"boss_relics":[],"items_purged_floors":[],"is_endless":false,"potions_floor_spawned":[3,4,7,10],"killed_by":"Slime Boss","ascension_level":15}