{"gold_per_floor":[116,129,51,51,51,51,68,68,94,94,110,110,124,149,149,224,224,238,238,238,249,75,75,93,113,113,113,124,124,124,174,174,174],"floor_reached":33,"playtime":818,"items_purged":[],"score":429,"play_id":"0edc7369-3ed1-4295-982c-83047363720e","local_time":"20181026004209","is_ascension_mode":true,"campfire_choices":[{"data":"Bash","floor":6.0,"key":"SMITH"},{"data":"Clothesline","floor":8.0,"key":"SMITH"},{"data":"Havoc","floor":10.0,"key":"SMITH"},{"data":"Armaments","floor":15,"key":"SMITH"},{"data":"True Grit","floor":23,"key":"SMITH"},{"data":"Clothesline","floor":27,"key":"SMITH"},{"data":"Ghostly Armor","floor":29,"key":"SMITH"},{"data":"Shrug It Off","floor":32,"key":"SMITH"}],"neow_cost":"NONE","seed_source_timestamp":433146290460953,"circlet_count":0,"master_deck":["Strike_R","Defend_R+1","Defend_R","Defend_R","Defend_R+1","Bash+1","AscendersBane","Pommel Strike","Clothesline+1","Flame Barrier","Havoc+1","Armaments+1","Pommel Strike","Feed","Immolate","Ghostly Armor","Hemokinesis","Double Tap","Clothesline+1","True Grit+1","Ghostly Armor+1","Clash","Shrug It Off+1","Writhe"],"special_seed":0,"relics":["Burning Blood","Omamori","Meat on the Bone","Gambling Chip","Cursed Key","War Paint","Dream Catcher","Darkstone Periapt"],"potions_floor_usage":[14,16,21,33,33],"damage_taken":[{"damage":14.0,"enemies":"Jaw Worm","floor":1.0,"turns":6.0},{"damage":5.0,"enemies":"2 Louse","floor":2.0,"turns":3.0},{"damage":9.0,"enemies":"Small Slimes","floor":7.0,"turns":4.0},{"damage":1.0,"enemies":"Blue Slaver","floor":11.0,"turns":4.0},{"damage":17.0,"enemies":"Large Slime","floor":13.0,"turns":9.0},{"damage":10,"enemies":"Lagavulin","floor":14,"turns":5},{"damage":50,"enemies":"Slime Boss","floor":16,"turns":14},{"damage":3,"enemies":"Chosen","floor":18,"turns":4},{"damage":20,"enemies":"3 Byrds","floor":21,"turns":4},{"damage":16,"enemies":"Snake Plant","floor":24,"turns":5},{"damage":19,"enemies":"Centurion and Healer","floor":25,"turns":10},{"damage":18,"enemies":"Shelled Parasite and Fungi","floor":28,"turns":7},{"damage":55,"enemies":"Collector","floor":33,"turns":7}],"seed_played":"3667864373806185071","potions_obtained":[{"floor":7.0,"key":"LiquidBronze"},{"floor":11.0,"key":"Poison Potion"},{"floor":14,"key":"Swift Potion"},{"floor":21,"key":"Poison Potion"},{"floor":24,"key":"LiquidBronze"}],"is_trial":false,"path_per_floor":["M","M","$","?","?","R","M","R","T","R","M","T","M","E","R","B",null,"M","?","?","M","$","R","M","M","T","R","M","R","?","?","R"],"character_chosen":"IRONCLAD","items_purchased":["Flame Barrier","War Paint","True Grit"],"campfire_rested":0,"item_purchase_floors":[3,22,22],"current_hp_per_floor":[60,61,61,61,54,54,51,51,51,51,56,56,45,53,53,25,66,69,69,69,55,55,55,48,47,47,47,47,47,53,53,53,0],"gold":174,"neow_bonus":"REMOVE_CARD","is_prod":false,"is_daily":false,"chose_seed":false,"campfire_upgraded":8,"win_rate":0,"timestamp":1540539729,"path_taken":["M","M","$","?","?","R","M","R","T","R","M","?","M","E","R","BOSS","M","?","?","M","?","R","M","M","T","R","?","R","?","?","R","BOSS"],"build_version":"2018-10-25v2","purchased_purges":0,"victory":false,"max_hp_per_floor":[75,75,75,75,75,75,75,75,75,75,75,75,75,75,75,79,79,79,79,79,79,79,79,82,82,82,82,82,82,88,88,88,88],"card_choices":[{"not_picked":["Sentinel","Hemokinesis"],"picked":"Pommel Strike","floor":1.0},{"not_picked":["Cleave","Armaments"],"picked":"Clothesline","floor":2.0},{"not_picked":["Clash","Pommel Strike"],"picked":"Havoc","floor":7.0},{"not_picked":["Headbutt","Havoc"],"picked":"Armaments","floor":11.0},{"not_picked":["Infernal Blade","Rage"],"picked":"Pommel Strike","floor":13.0},{"not_picked":["Thunderclap","Rupture"],"picked":"Feed","floor":14},{"not_picked":["Feed","Brutality"],"picked":"Immolate","floor":16},{"not_picked":["Inflame","Twin Strike"],"picked":"Ghostly Armor","floor":18},{"not_picked":["Rage","Blood for Blood"],"picked":"Clothesline","floor":21},{"not_picked":["Dropkick","Heavy Blade"],"picked":"Ghostly Armor","floor":24},{"not_picked":["Heavy Blade","Seeing Red"],"picked":"Clash","floor":25},{"not_picked":["Sword Boomerang","True Grit"],"picked":"Shrug It Off","floor":28}],"player_experience":939443,"relics_obtained":[{"floor":9.0,"key":"Omamori"},{"floor":12.0,"key":"Meat on the Bone"},{"floor":14,"key":"Gambling Chip"},{"floor":26,"key":"Dream Catcher"}],"event_choices":[{"damage_healed":0.0,"max_hp_gain":0.0,"max_hp_loss":0.0,"gold_gain":0.0,"event_name":"The Cleric","player_choice":"Leave","floor":4.0,"gold_loss":0.0,"damage_taken":0.0},{"cards_removed":["Strike_R"],"damage_healed":0.0,"max_hp_gain":0.0,"max_hp_loss":0.0,"gold_gain":0.0,"event_name":"Golden Wing","player_choice":"Card Removal","floor":5.0,"gold_loss":0.0,"damage_taken":7.0},{"damage_healed":0,"gold_gain":0,"player_choice":"Smashed Altar","damage_taken":0,"max_hp_gain":0,"max_hp_loss":0,"event_name":"Forgotten Altar","floor":19,"gold_loss":0,"cards_obtained":["Decay"]},{"damage_healed":0,"gold_gain":0,"cards_transformed":["Strike_R","Strike_R"],"player_choice":"Became Test Subject","damage_taken":0,"max_hp_gain":0,"max_hp_loss":0,"event_name":"Drug Dealer","floor":20,"gold_loss":0,"cards_obtained":["Hemokinesis","Double Tap"]},{"damage_healed":0,"gold_gain":0,"player_choice":"Opened","damage_taken":0,"relics_obtained":["Darkstone Periapt"],"max_hp_gain":0,"max_hp_loss":0,"event_name":"The Mausoleum","floor":30,"gold_loss":0,"cards_obtained":["Writhe"]},{"damage_healed":0,"gold_gain":50,"player_choice":"Stole From Cult","damage_taken":0,"max_hp_gain":0,"max_hp_loss":0,"event_name":"Nest","floor":31,"gold_loss":0}],"is_beta":true,"boss_relics":[{"not_picked":["Astrolabe","Runic Pyramid"],"picked":"Cursed Key"}],"items_purged_floors":[],"is_endless":false,"potions_floor_spawned":[7,11,14,21,24,28],"killed_by":"Collector","ascension_level":15}