{"gold_per_floor":[119,119,119,119,44,44,64,64,115,138,138,151,17,17,17,113,113,129,129,77,77,127,127,49,49,76,76,120,20,20,43,43,141,141,154,167,182,22,22,65,65,124,124,124,147,167,192,192],"floor_reached":48,"playtime":2355,"items_purged":["Normality","Normality"],"score":928,"play_id":"77ef8de5-86b3-4e5e-9a66-71400e4b40d3","local_time":"20190104175519","is_ascension_mode":true,"campfire_choices":[{"data":"Zap","floor":6.0,"key":"SMITH"},{"data":"Coolheaded","floor":8.0,"key":"SMITH"},{"data":"Defend_B","floor":11.0,"key":"SMITH"},{"data":"Conserve Battery","floor":15.0,"key":"SMITH"},{"data":"Defragment","floor":23.0,"key":"SMITH"},{"data":"Defragment","floor":25.0,"key":"SMITH"},{"data":"Creative AI","floor":27.0,"key":"SMITH"},{"floor":32.0,"key":"REST"},{"data":"Hologram","floor":41.0,"key":"SMITH"},{"floor":44,"key":"RECALL"}],"neow_cost":"NONE","seed_source_timestamp":237749648575658,"circlet_count":0,"master_deck":["AscendersBane","Zap+1","Coolheaded+1","Machine Learning","Stack","Conserve Battery+1","Cold Snap","Biased Cognition","Leap","Machine Learning","Glacier","Defragment+1","Creative AI+1","Double Energy","Conserve Battery","Defragment+1","Coolheaded","Necronomicurse","Glacier","Echo Form","Glacier+1","Coolheaded","Sunder+1","Capacitor","Hologram+1","Parasite","Echo Form","Fusion"],"special_seed":0,"relics":["Cursed Key","Golden Idol","Oddly Smooth Stone","Pandora\u0027s Box","Emotion Chip","Necronomicon","Snecko Eye","Meat on the Bone","Ginger"],"potions_floor_usage":[48,48],"damage_taken":[{"damage":7.0,"enemies":"Small Slimes","floor":1.0,"turns":4.0},{"damage":7.0,"enemies":"2 Louse","floor":7.0,"turns":3.0},{"damage":4.0,"enemies":"Jaw Worm","floor":10.0,"turns":5.0},{"damage":7.0,"enemies":"Large Slime","floor":12.0,"turns":8.0},{"damage":15.0,"enemies":"The Guardian","floor":16.0,"turns":13.0},{"damage":2.0,"enemies":"Chosen","floor":18.0,"turns":9.0},{"damage":23.0,"enemies":"Book of Stabbing","floor":28.0,"turns":9.0},{"damage":0.0,"enemies":"Spheric Guardian","floor":31.0,"turns":10.0},{"damage":15.0,"enemies":"Automaton","floor":33.0,"turns":26.0},{"damage":0.0,"enemies":"3 Shapes","floor":35.0,"turns":9.0},{"damage":0.0,"enemies":"Orb Walker","floor":36.0,"turns":6.0},{"damage":11.0,"enemies":"4 Shapes","floor":37.0,"turns":7.0},{"damage":11.0,"enemies":"Nemesis","floor":40.0,"turns":11.0},{"damage":11,"enemies":"2 Orb Walkers","floor":42,"turns":5},{"damage":0,"enemies":"Writhing Mass","floor":45,"turns":6},{"damage":0,"enemies":"Sphere and 2 Shapes","floor":46,"turns":6},{"damage":32,"enemies":"Jaw Worm Horde","floor":47,"turns":6},{"damage":32,"enemies":"Reptomancer","floor":48,"turns":2}],"seed_played":"5150000422297436890","potions_obtained":[{"floor":7.0,"key":"GamblersBrew"},{"floor":10.0,"key":"Energy Potion"},{"floor":12.0,"key":"AttackPotion"},{"floor":18.0,"key":"Weak Potion"},{"floor":31.0,"key":"FearPotion"},{"floor":33.0,"key":"EssenceOfSteel"},{"floor":35.0,"key":"Poison Potion"}],"is_trial":false,"path_per_floor":["M","?","?","?","?","R","M","R","T","M","R","M","$","$","R","B",null,"M","?","$","?","?","R","$","R","T","R","E","$","?","M","R","B",null,"M","M","M","$","?","E","R","?","T","R","M","M","M","E"],"character_chosen":"DEFECT","items_purchased":["Cold Snap","Conserve Battery","Defragment","Capacitor","FocusPotion"],"campfire_rested":1,"item_purchase_floors":[13,20,24,38,38],"current_hp_per_floor":[57,62,62,62,62,62,55,55,55,51,51,44,44,44,44,29,59,57,57,57,57,57,57,57,57,57,57,34,34,13,13,33,18,56,56,56,45,45,45,34,34,35,35,35,35,35,15,0],"gold":192,"neow_bonus":"BOSS_RELIC","is_prod":false,"is_daily":false,"chose_seed":false,"campfire_upgraded":8,"win_rate":0,"timestamp":1546649719,"path_taken":["M","?","?","?","?","R","M","R","T","M","R","M","?","$","R","BOSS","M","?","$","?","?","R","?","R","T","R","E","$","?","M","R","BOSS","M","M","M","$","?","E","R","?","T","R","M","M","M","E"],"build_version":"2019-01-03v4","purchased_purges":2,"victory":false,"max_hp_per_floor":[71,76,69,69,69,69,69,69,69,69,69,69,69,69,69,69,69,69,69,69,69,69,69,69,69,69,69,69,69,69,69,69,69,69,69,69,69,69,69,69,69,69,69,69,69,69,69,69],"card_choices":[{"not_picked":["Stack","Redo"],"picked":"Coolheaded","floor":1.0},{"not_picked":["Capacitor","Auto Shields"],"picked":"Sweeping Beam","floor":7.0},{"not_picked":["Fusion","Double Energy"],"picked":"Stack","floor":10.0},{"not_picked":["Recycle","Rebound"],"picked":"Conserve Battery","floor":12.0},{"not_picked":["Seek","Buffer"],"picked":"Biased Cognition","floor":16.0},{"not_picked":["Steam","Beam Cell","Self Repair"],"picked":"SKIP","floor":18.0},{"not_picked":["Cold Snap","Scrape+1"],"picked":"Coolheaded","floor":28.0},{"not_picked":["Gash","Redo"],"picked":"Glacier","floor":31.0},{"not_picked":["Electrodynamics","Hyperbeam"],"picked":"Echo Form","floor":33.0},{"not_picked":["Tempest+1","Streamline"],"picked":"Glacier+1","floor":35.0},{"not_picked":["Doom and Gloom","Steam"],"picked":"Coolheaded","floor":36.0},{"not_picked":["Cold Snap","Stack"],"picked":"Sunder+1","floor":37.0},{"not_picked":["Redo","Rebound"],"picked":"Hologram","floor":40.0},{"not_picked":["Hologram","Streamline"],"picked":"Echo Form","floor":45},{"not_picked":["Force Field","Cold Snap","Coolheaded"],"picked":"SKIP","floor":46},{"not_picked":["Conserve Battery","Steam"],"picked":"Fusion","floor":47}],"player_experience":1022121,"relics_obtained":[{"floor":9.0,"key":"Oddly Smooth Stone"},{"floor":28.0,"key":"Emotion Chip"},{"floor":30.0,"key":"Necronomicon"},{"floor":40.0,"key":"Meat on the Bone"},{"floor":42,"key":"Ginger"}],"event_choices":[{"damage_healed":0.0,"max_hp_gain":5.0,"max_hp_loss":0.0,"gold_gain":0.0,"event_name":"Big Fish","player_choice":"Donut","floor":2.0,"gold_loss":0.0,"damage_taken":0.0},{"damage_healed":0.0,"max_hp_gain":0.0,"max_hp_loss":7.0,"gold_gain":0.0,"event_name":"Golden Idol","player_choice":"Lose Max HP","floor":3.0,"gold_loss":0.0,"damage_taken":0.0,"relics_obtained":["Golden Idol"]},{"damage_healed":0.0,"max_hp_gain":0.0,"max_hp_loss":0.0,"gold_gain":0.0,"cards_transformed":["Strike_B"],"event_name":"Living Wall","player_choice":"Change","floor":4.0,"gold_loss":0.0,"damage_taken":0.0,"cards_obtained":["Machine Learning"]},{"cards_removed":["Strike_B"],"damage_healed":0.0,"max_hp_gain":0.0,"max_hp_loss":0.0,"gold_gain":0.0,"event_name":"The Cleric","player_choice":"Card Removal","floor":5.0,"gold_loss":75.0,"damage_taken":0.0},{"cards_removed":["Dualcast"],"damage_healed":0.0,"max_hp_gain":0.0,"max_hp_loss":0.0,"gold_gain":0.0,"event_name":"Back to Basics","player_choice":"Elegance","floor":19.0,"gold_loss":0.0,"damage_taken":0.0},{"damage_healed":0.0,"max_hp_gain":0.0,"max_hp_loss":0.0,"gold_gain":0.0,"event_name":"Vampires","player_choice":"Ignored","floor":21.0,"gold_loss":0.0,"damage_taken":0.0},{"damage_healed":0.0,"max_hp_gain":0.0,"max_hp_loss":0.0,"gold_gain":50.0,"event_name":"Nest","player_choice":"Stole From Cult","floor":22.0,"gold_loss":0.0,"damage_taken":0.0},{"damage_healed":0.0,"max_hp_gain":0.0,"max_hp_loss":0.0,"gold_gain":0.0,"event_name":"Cursed Tome","player_choice":"Obtained Book","floor":30.0,"gold_loss":0.0,"damage_taken":21.0},{"cards_removed":["Sweeping Beam"],"damage_healed":0.0,"max_hp_gain":0.0,"max_hp_loss":0.0,"gold_gain":0.0,"event_name":"Falling","player_choice":"Removed Attack","floor":39.0,"gold_loss":0.0,"damage_taken":0.0},{"damage_healed":0,"gold_gain":0,"player_choice":"Fight","damage_taken":0,"max_hp_gain":0,"max_hp_loss":0,"event_name":"Mysterious Sphere","floor":42,"gold_loss":0}],"is_beta":true,"boss_relics":[{"not_picked":["Busted Crown","White Beast Statue"],"picked":"Pandora\u0027s Box"},{"not_picked":["Runic Dome","Coffee Dripper"],"picked":"Snecko Eye"}],"items_purged_floors":[13,29],"is_endless":false,"potions_floor_spawned":[7,10,12,18,31,33,35,40,45,47],"killed_by":"Reptomancer","ascension_level":20}