{"gold_per_floor":[216,124,124,139,157,157,187,187,258,285,335,335,36,51,51,123,123,137,137,97,113,13,13,25,25,25,42,42,76,17,35,35,107,107,118,61,77,128,138,138,138],"floor_reached":41,"playtime":2234,"items_purged":["Strike_G","Strike_G"],"score":838,"play_id":"16208a7f-d50d-40a0-9750-19725ef86c95","local_time":"20190429025547","is_ascension_mode":true,"campfire_choices":[{"data":"Dagger Spray","floor":6.0,"key":"SMITH"},{"data":"Noxious Fumes","floor":8.0,"key":"SMITH"},{"floor":12.0,"key":"REST"},{"data":"Footwork","floor":15.0,"key":"SMITH"},{"floor":23,"key":"REST"},{"floor":25,"key":"REST"},{"data":"Cloak And Dagger","floor":28,"key":"SMITH"},{"data":"Bouncing Flask","floor":32,"key":"SMITH"},{"floor":40,"key":"REST"}],"neow_cost":"NONE","seed_source_timestamp":0,"circlet_count":0,"master_deck":["AscendersBane","Defend_G","Defend_G","Defend_G","Defend_G","Defend_G","Strike_G","Strike_G","Survivor","Neutralize","Footwork+1","Noxious Fumes+1","Dagger Spray+1","Leg Sweep","Deadly Poison","Catalyst","Dash","Caltrops","Die Die Die","Cloak And Dagger","Cloak And Dagger+1","Slice","Finisher+1","Backflip","Bouncing Flask+1","Corpse Explosion","PiercingWail","Escape Plan+1"],"special_seed":0,"relics":["Ring of the Serpent","Boot","Ornamental Fan","Kunai","Sling","Meat on the Bone","Unceasing Top","Philosopher\u0027s Stone","Bird Faced Urn"],"potions_floor_usage":[29,33,33,38,38],"damage_taken":[{"damage":1.0,"enemies":"Small Slimes","floor":1.0,"turns":6.0},{"damage":0.0,"enemies":"Cultist","floor":4.0,"turns":4.0},{"damage":0.0,"enemies":"2 Louse","floor":5.0,"turns":3.0},{"damage":8.0,"enemies":"Lagavulin","floor":7.0,"turns":7.0},{"damage":40.0,"enemies":"Gremlin Nob","floor":10.0,"turns":5.0},{"damage":8.0,"enemies":"Lots of Slimes","floor":14.0,"turns":4.0},{"damage":16.0,"enemies":"The Guardian","floor":16.0,"turns":10.0},{"damage":8.0,"enemies":"3 Byrds","floor":18.0,"turns":4.0},{"damage":16.0,"enemies":"Spheric Guardian","floor":21.0,"turns":5.0},{"damage":13,"enemies":"Snake Plant","floor":24,"turns":7},{"damage":22,"enemies":"3 Cultists","floor":27,"turns":5},{"damage":22,"enemies":"Gremlin Leader","floor":29,"turns":6},{"damage":0,"enemies":"Snecko","floor":31,"turns":5},{"damage":28,"enemies":"Automaton","floor":33,"turns":11},{"damage":28,"enemies":"3 Darklings","floor":35,"turns":4},{"damage":13,"enemies":"Orb Walker","floor":37,"turns":5},{"damage":34,"enemies":"2 Orb Walkers","floor":38,"turns":3},{"damage":20,"enemies":"Writhing Mass","floor":39,"turns":6},{"damage":62,"enemies":"Reptomancer","floor":41,"turns":2}],"seed_played":"-8298538850997378228","potions_obtained":[{"floor":1.0,"key":"Fruit Juice"},{"floor":10.0,"key":"Dexterity Potion"},{"floor":16.0,"key":"Poison Potion"},{"floor":20.0,"key":"SkillPotion"},{"floor":21.0,"key":"GhostInAJar"},{"floor":29,"key":"SkillPotion"},{"floor":33,"key":"SteroidPotion"}],"is_trial":false,"path_per_floor":["M","$","?","M","M","R","E","R","T","E","?","R","$","M","R","B",null,"M","?","?","M","$","R","M","R","T","M","R","E","$","M","R","B",null,"M","$","M","?","M","R","E"],"character_chosen":"THE_SILENT","items_purchased":["Noxious Fumes","Dagger Spray","Sling","Backflip","Fire Potion"],"campfire_rested":4,"item_purchase_floors":[2,2,13,30,36],"current_hp_per_floor":[58,58,58,58,58,58,50,50,50,15,8,29,29,21,21,5,55,47,27,27,11,11,33,20,42,42,32,32,22,22,34,34,18,62,46,46,45,23,21,43,0],"gold":138,"neow_bonus":"HUNDRED_GOLD","is_prod":false,"is_daily":false,"chose_seed":false,"campfire_upgraded":5,"win_rate":0,"timestamp":1556520947,"path_taken":["M","$","?","?","M","R","E","R","T","E","?","R","$","?","R","BOSS","M","?","?","?","$","R","M","R","T","M","R","E","?","?","R","BOSS","M","$","M","?","M","R","E"],"build_version":"2019-01-23","purchased_purges":2,"victory":false,"max_hp_per_floor":[66,66,66,66,66,66,66,66,66,71,71,71,71,71,71,71,71,71,76,76,76,76,76,76,76,76,76,76,76,76,76,76,76,76,76,76,76,76,76,76,76],"card_choices":[{"not_picked":["Masterful Stab","Choke"],"picked":"Footwork","floor":1.0},{"not_picked":["PiercingWail","Sucker Punch"],"picked":"Leg Sweep","floor":4.0},{"not_picked":["Acrobatics","Sucker Punch"],"picked":"Deadly Poison","floor":5.0},{"not_picked":["Finisher","Blur"],"picked":"Catalyst","floor":7.0},{"not_picked":["Escape Plan","Calculated Gamble"],"picked":"Dash","floor":10.0},{"not_picked":["Dagger Throw","Acrobatics"],"picked":"Caltrops","floor":14.0},{"not_picked":["Grand Finale","Bullet Time"],"picked":"Die Die Die","floor":16.0},{"not_picked":["Finisher","Setup"],"picked":"Cloak And Dagger","floor":18.0},{"not_picked":["Deadly Poison","Outmaneuver"],"picked":"Cloak And Dagger","floor":21.0},{"not_picked":["Predator","Expertise","Blade Dance"],"picked":"SKIP","floor":24},{"not_picked":["Flechettes","Bane"],"picked":"Slice","floor":27},{"not_picked":["Dodge and Roll","Predator"],"picked":"Finisher+1","floor":29},{"not_picked":["Deadly Poison","Bane"],"picked":"Bouncing Flask","floor":31},{"not_picked":["Adrenaline","Venomology"],"picked":"Corpse Explosion","floor":33},{"not_picked":["Distraction","Prepared","Dagger Throw"],"picked":"SKIP","floor":35},{"not_picked":["Deadly Poison","Predator","Heel Hook+1"],"picked":"SKIP","floor":37},{"not_picked":["Slice","Eviscerate+1"],"picked":"PiercingWail","floor":38},{"not_picked":["Dagger Throw","Masterful Stab"],"picked":"Escape Plan+1","floor":39}],"player_experience":2075814,"relics_obtained":[{"floor":7.0,"key":"Boot"},{"floor":9.0,"key":"Ornamental Fan"},{"floor":10.0,"key":"Kunai"},{"floor":26,"key":"Meat on the Bone"},{"floor":29,"key":"Unceasing Top"},{"floor":38,"key":"Bird Faced Urn"}],"event_choices":[{"cards_removed":["Strike_G"],"damage_healed":0.0,"max_hp_gain":0.0,"max_hp_loss":0.0,"gold_gain":0.0,"event_name":"Wheel of Change","player_choice":"Card Removal","floor":3.0,"gold_loss":0.0,"damage_taken":0.0},{"damage_healed":0.0,"max_hp_gain":0.0,"max_hp_loss":0.0,"gold_gain":50.0,"event_name":"FaceTrader","player_choice":"Touch","floor":11.0,"gold_loss":0.0,"damage_taken":7.0},{"damage_healed":0.0,"max_hp_gain":5.0,"max_hp_loss":0.0,"gold_gain":0.0,"event_name":"Forgotten Altar","player_choice":"Shed Blood","floor":19.0,"gold_loss":0.0,"damage_taken":25.0},{"damage_healed":0.0,"max_hp_gain":0.0,"max_hp_loss":0.0,"gold_gain":0.0,"event_name":"The Woman in Blue","player_choice":"Bought 3 Potions","floor":20.0,"gold_loss":0.0,"damage_taken":0.0},{"damage_healed":0,"gold_gain":0,"player_choice":"Fight","damage_taken":0,"max_hp_gain":0,"max_hp_loss":0,"event_name":"Mysterious Sphere","floor":38,"gold_loss":0}],"is_beta":false,"boss_relics":[{"not_picked":["Calling Bell","Tiny House"],"picked":"Ring of the Serpent"},{"not_picked":["WristBlade","Black Star"],"picked":"Philosopher\u0027s Stone"}],"items_purged_floors":[13,22],"is_endless":false,"potions_floor_spawned":[1,10,16,21,29,33,37],"killed_by":"Reptomancer","ascension_level":20}