{"gold_per_floor":[115,125,125,147,169,181,243,266,301,313,354,377,389,103,103,103],"floor_reached":16,"playtime":461,"items_purged":["Strike_R"],"score":179,"play_id":"3e7043ae-ceee-4068-b828-1da7335b6989","local_time":"20180806102942","is_ascension_mode":true,"campfire_choices":[{"data":"Bash","floor":6.0,"key":"SMITH"},{"data":"Disarm","floor":10.0,"key":"SMITH"},{"data":"Metallicize","floor":15.0,"key":"SMITH"}],"neow_cost":"","seed_source_timestamp":67705372255593,"circlet_count":0,"master_deck":["Strike_R","Strike_R","Strike_R","Strike_R","Defend_R","Defend_R","Defend_R","Defend_R","Bash+1","AscendersBane","Iron Wave","Shrug It Off","Warcry","Disarm+1","Reaper","Corruption","Metallicize+1","Ghostly Armor"],"special_seed":0,"relics":["Burning Blood","MawBank","Bronze Scales","Juzu Bracelet","Golden Idol"],"potions_floor_usage":[16,16],"damage_taken":[{"damage":11.0,"enemies":"Cultist","floor":1.0,"turns":4.0},{"damage":14.0,"enemies":"Small Slimes","floor":2.0,"turns":6.0},{"damage":2.0,"enemies":"Jaw Worm","floor":4.0,"turns":7.0},{"damage":0.0,"enemies":"3 Louse","floor":5.0,"turns":3.0},{"damage":3.0,"enemies":"Blue Slaver","floor":8.0,"turns":7.0},{"damage":35.0,"enemies":"Lagavulin","floor":11.0,"turns":10.0},{"damage":23.0,"enemies":"Lots of Slimes","floor":12.0,"turns":5.0},{"damage":42,"enemies":"The Guardian","floor":16,"turns":14}],"seed_played":"6484158212857935660","potions_obtained":[{"floor":1.0,"key":"SkillPotion"},{"floor":2.0,"key":"SteroidPotion"},{"floor":12.0,"key":"Block Potion"}],"is_trial":false,"path_per_floor":["M","M","?","M","M","R","?","M","T","R","E","M","?","$","R"],"character_chosen":"IRONCLAD","items_purchased":["Metallicize","Ghostly Armor","Regen Potion"],"campfire_rested":0,"item_purchase_floors":[14,14,14],"current_hp_per_floor":[63,55,29,33,39,39,39,42,42,42,13,10,10,10,10,0],"gold":103,"neow_bonus":"","is_prod":false,"is_daily":false,"chose_seed":false,"campfire_upgraded":3,"win_rate":0,"timestamp":1533576582,"path_taken":["M","?","?","M","M","R","?","?","T","R","E","M","?","$","R","BOSS"],"build_version":"2018-08-01","purchased_purges":1,"victory":false,"max_hp_per_floor":[75,75,75,75,75,75,75,75,75,75,75,75,68,68,68,68],"card_choices":[{"not_picked":["Combust","Whirlwind","Heavy Blade"],"picked":"SKIP","floor":1.0},{"not_picked":["Armaments","Infernal Blade"],"picked":"Iron Wave","floor":2.0},{"not_picked":["Dual Wield","Wild Strike"],"picked":"Shrug It Off","floor":4.0},{"not_picked":["Perfected Strike","Wild Strike"],"picked":"Warcry","floor":5.0},{"not_picked":["Clash","Perfected Strike"],"picked":"Disarm","floor":8.0},{"not_picked":["Blood for Blood","Havoc"],"picked":"Reaper","floor":11.0},{"not_picked":["Searing Blow","Armaments"],"picked":"Corruption","floor":12.0}],"player_experience":846511,"relics_obtained":[{"floor":9.0,"key":"Bronze Scales"},{"floor":11.0,"key":"Juzu Bracelet"}],"event_choices":[{"event_name":"Scrap Ooze","player_choice":"success","floor":3.0,"damage_taken":26.0},{"event_name":"Golden Shrine","player_choice":"Pray","floor":7.0,"damage_taken":0.0},{"event_name":"Golden Idol","player_choice":"Lose Max HP","floor":13.0,"damage_taken":0.0}],"is_beta":true,"boss_relics":[],"items_purged_floors":[14],"is_endless":false,"potions_floor_spawned":[1,2,12],"killed_by":"The Guardian","ascension_level":15}