{"gold_per_floor":[119,139,11,86,86,124,29,63,88,111,111,127,33,74,74,74],"floor_reached":16,"playtime":502,"items_purged":[],"score":336,"play_id":"decbc660-7c31-47f3-99fe-ba7646ae5d87","local_time":"20190502135811","is_ascension_mode":true,"campfire_choices":[{"data":"Crippling Poison","floor":11,"key":"SMITH"},{"data":"Wraith Form v2","floor":15,"key":"SMITH"}],"neow_cost":"NONE","seed_source_timestamp":849604866858563,"circlet_count":0,"master_deck":["AscendersBane","Defend_G","Defend_G","Defend_G","Defend_G","Defend_G","Strike_G","Strike_G","Strike_G","Strike_G","Strike_G","Survivor","Neutralize","Masterful Stab","Cloak And Dagger","Backstab","Infinite Blades","Dagger Throw","Skewer","Crippling Poison+1","Dagger Spray","Swift Strike","Wraith Form v2+1"],"relics":["Ring of the Snake","NeowsBlessing","Golden Idol","PreservedInsect","Bottled Lightning","Orichalcum","Sundial"],"potions_floor_usage":[8,14,14],"damage_taken":[{"damage":0,"enemies":"2 Louse","floor":1,"turns":1},{"damage":0,"enemies":"Jaw Worm","floor":2,"turns":1},{"damage":0,"enemies":"Gremlin Nob","floor":6,"turns":1},{"damage":0,"enemies":"3 Sentries","floor":8,"turns":3},{"damage":0,"enemies":"Cultist","floor":10,"turns":3},{"damage":4,"enemies":"Large Slime","floor":12,"turns":4},{"damage":9,"enemies":"Lagavulin","floor":14,"turns":3},{"damage":12,"enemies":"The Guardian","floor":16,"turns":4}],"seed_played":"1540838552855722223","potions_obtained":[{"floor":1,"key":"AttackPotion"},{"floor":8,"key":"EssenceOfSteel"},{"floor":10,"key":"Energy Potion"},{"floor":14,"key":"Weak Potion"}],"is_trial":false,"path_per_floor":["M","M","$","?","?","E","$","E","T","M","R","M","$","E","R","B"],"character_chosen":"THE_SILENT","items_purchased":["Backstab","Infinite Blades","Skewer","Energy Potion","Swift Strike"],"campfire_rested":0,"item_purchase_floors":[3,3,7,7,13],"current_hp_per_floor":[59,59,59,48,25,25,25,25,25,25,25,21,21,12,12,0],"gold":74,"neow_bonus":"THREE_ENEMY_KILL","is_prod":false,"is_daily":false,"chose_seed":false,"campfire_upgraded":2,"win_rate":0,"timestamp":1556819891,"path_taken":["M","M","$","?","?","E","?","E","T","M","R","?","$","E","R","BOSS"],"build_version":"2019-01-23","purchased_purges":0,"victory":false,"max_hp_per_floor":[66,66,66,66,66,66,66,66,66,66,66,66,66,66,66,66],"card_choices":[{"not_picked":["Riddle With Holes","Backflip"],"picked":"Masterful Stab","floor":1},{"not_picked":["Dodge and Roll","Blade Dance"],"picked":"Cloak And Dagger","floor":2},{"not_picked":["Deflect","Blur"],"picked":"Dagger Throw","floor":6},{"not_picked":["Venomology","Endless Agony"],"picked":"Crippling Poison","floor":8},{"not_picked":["Quick Slash","Poisoned Stab"],"picked":"Dagger Spray","floor":10},{"not_picked":["Dagger Throw","Slice","Calculated Gamble"],"picked":"SKIP","floor":12},{"not_picked":["Acrobatics","Dagger Throw"],"picked":"Wraith Form v2","floor":14}],"player_experience":2258483,"relics_obtained":[{"floor":6,"key":"PreservedInsect"},{"floor":8,"key":"Bottled Lightning"},{"floor":9,"key":"Orichalcum"},{"floor":14,"key":"Sundial"}],"event_choices":[{"damage_healed":0,"gold_gain":75,"player_choice":"Gather Gold","damage_taken":11,"max_hp_gain":0,"max_hp_loss":0,"event_name":"World of Goop","floor":4,"gold_loss":0},{"damage_healed":0,"gold_gain":0,"player_choice":"Take Damage","damage_taken":23,"relics_obtained":["Golden Idol"],"max_hp_gain":0,"max_hp_loss":0,"event_name":"Golden Idol","floor":5,"gold_loss":0}],"is_beta":false,"boss_relics":[],"items_purged_floors":[],"is_endless":false,"potions_floor_spawned":[1,8,10,14],"killed_by":"The Guardian","ascension_level":20}