{"path_per_floor":["M","M","M","T","?","R","$","M","T","R","?","M","M","$","R","B",null,"M","M","?"],"character_chosen":"IRONCLAD","items_purchased":["Peace Pipe","Paper Frog"],"gold_per_floor":[361,377,390,390,565,565,201,211,236,236,236,249,263,19,19,115,115,130,147,147],"floor_reached":21,"campfire_rested":0,"playtime":805,"current_hp_per_floor":[36,38,42,42,42,42,42,35,35,35,61,67,65,65,65,17,64,22,21,21],"items_purged":["Doubt"],"gold":147,"score":248,"play_id":"23782f97-0c4b-460c-9008-928b1cca8100","local_time":"20180315003528","is_prod":false,"is_daily":false,"is_ascension_mode":true,"campfire_upgraded":3,"timestamp":1521088528,"path_taken":["M","?","M","?","?","R","$","?","T","R","?","M","M","$","R","BOSS","M","M","?","M"],"build_version":"2018-03-09","purchased_purges":1,"victory":false,"master_deck":["Strike_R","Strike_R","Strike_R","Strike_R","Strike_R","Defend_R","Defend_R","Defend_R","Defend_R","Bash+1","Uppercut+1","Flex+1","Feed","Double Tap","Flame Barrier+1"],"max_hp_per_floor":[80,80,80,80,80,80,80,80,80,80,80,80,80,80,80,80,80,83,86,86],"relics":["Burning Blood","Bird Faced Urn","Peace Pipe","Ancient Tea Set","Paper Frog","Black Star"],"card_choices":[{"not_picked":["Wild Strike","Fire Breathing"],"picked":"Uppercut"},{"not_picked":["Wild Strike","Sword Boomerang"],"picked":"Flex"},{"not_picked":["Headbutt","Wild Strike"],"picked":"Feed"},{"not_picked":["Immolate","Juggernaut"],"picked":"Double Tap"},{"not_picked":["Thunderclap","Power Through"],"picked":"Flame Barrier"}],"player_experience":513192,"potions_floor_usage":[19,19,21,21],"damage_taken":[{"damage":6.0,"enemies":"Cultist","floor":1.0,"turns":3.0},{"damage":4.0,"enemies":"Jaw Worm","floor":2.0,"turns":6.0},{"damage":2.0,"enemies":"2 Louse","floor":3.0,"turns":2.0},{"damage":13.0,"enemies":"Exordium Wildlife","floor":8.0,"turns":5.0},{"damage":0.0,"enemies":"3 Louse","floor":12.0,"turns":3.0},{"damage":8.0,"enemies":"Blue Slaver","floor":13.0,"turns":4.0},{"damage":54.0,"enemies":"Hexaghost","floor":16.0,"turns":8.0},{"damage":51,"enemies":"3 Byrds","floor":18,"turns":7},{"damage":10,"enemies":"Chosen","floor":19,"turns":6},{"damage":26,"enemies":"Centurion and Healer","floor":21,"turns":5}],"event_choices":[{"event_name":"Liars Game","player_choice":"agreed","floor":5.0,"damage_taken":0.0},{"event_name":"Big Fish","player_choice":"Banana","floor":11.0,"damage_taken":0.0},{"event_name":"The Mausoleum","player_choice":"No","floor":20,"damage_taken":0}],"boss_relics":[{"not_picked":["Pandora\u0027s Box","Eternal Feather"],"picked":"Black Star"}],"potions_floor_spawned":[3,8,12,16,18,19],"seed_played":"6375128715693989992","killed_by":"Centurion and Healer","ascension_level":9,"is_trial":false}