{"gold_per_floor":[115,135,145,157,157,157,168,168,168,183,195,223,223,240,240,339,339,339,264,179,9,9,9],"floor_reached":23,"playtime":1266,"items_purged":[],"score":270,"play_id":"1bdbfc78-1257-4c29-a8b4-284b093f42dc","local_time":"20190315012951","is_ascension_mode":true,"campfire_choices":[{"data":"Chaos","floor":6,"key":"SMITH"},{"data":"Zap","floor":8,"key":"SMITH"},{"data":"Hologram","floor":13,"key":"SMITH"},{"data":"Go for the Eyes","floor":15,"key":"SMITH"}],"neow_cost":"NONE","seed_source_timestamp":137259515501660,"circlet_count":0,"master_deck":["Strike_B","Strike_B","Strike_B","Defend_B","Defend_B","Defend_B","Defend_B","Zap+1","Dualcast","Hologram+1","Go for the Eyes+1","Chaos+1","Stack","Gash","Go for the Eyes","Auto Shields","Compile Driver","Echo Form","Capacitor","Panache","Gash"],"relics":["Cracked Core","Torii","Shuriken","Ectoplasm","Peace Pipe","Red Mask"],"potions_floor_usage":[4,12,16,22,22],"damage_taken":[{"damage":0,"enemies":"Small Slimes","floor":1,"turns":3},{"damage":2,"enemies":"Jaw Worm","floor":2,"turns":4},{"damage":0,"enemies":"2 Louse","floor":3,"turns":1},{"damage":20,"enemies":"Exordium Thugs","floor":4,"turns":4},{"damage":22,"enemies":"Large Slime","floor":7,"turns":6},{"damage":1,"enemies":"2 Fungi Beasts","floor":10,"turns":4},{"damage":4,"enemies":"Gremlin Gang","floor":11,"turns":5},{"damage":1,"enemies":"3 Sentries","floor":12,"turns":2},{"damage":2,"enemies":"Red Slaver","floor":14,"turns":4},{"damage":11,"enemies":"The Guardian","floor":16,"turns":11},{"damage":0,"enemies":"Spheric Guardian","floor":18,"turns":3},{"damage":38,"enemies":"Masked Bandits","floor":22,"turns":4},{"damage":21,"enemies":"Gremlin Leader","floor":23,"turns":3}],"seed_played":"-2861278271262283730","potions_obtained":[{"floor":3,"key":"Strength Potion"},{"floor":11,"key":"PowerPotion"},{"floor":12,"key":"SpeedPotion"},{"floor":14,"key":"SkillPotion"},{"floor":16,"key":"Block Potion"},{"floor":18,"key":"Weak Potion"}],"is_trial":false,"path_per_floor":["M","M","M","M","?","R","M","R","T","M","M","E","R","M","R","B",null,"M","?","?","$","?","E"],"character_chosen":"DEFECT","items_purchased":["Panache"],"campfire_rested":0,"item_purchase_floors":[21],"current_hp_per_floor":[75,73,73,53,58,58,36,36,36,35,31,30,30,28,28,17,70,70,70,70,70,32,11],"gold":9,"neow_bonus":"TEN_PERCENT_HP_BONUS","is_prod":false,"is_daily":false,"chose_seed":false,"campfire_upgraded":4,"win_rate":0,"timestamp":1552627791,"path_taken":["M","M","M","M","?","R","M","R","T","M","M","E","R","M","R","BOSS","M","?","?","$","?","E"],"build_version":"2019-01-23","purchased_purges":0,"victory":false,"max_hp_per_floor":[82,82,82,82,87,87,87,87,87,87,87,87,87,87,87,87,87,87,87,87,87,87,87],"card_choices":[{"not_picked":["Steam","Rip and Tear"],"picked":"Hologram","floor":1},{"not_picked":["Heatsinks","Melter"],"picked":"Go for the Eyes","floor":2},{"not_picked":["Recycle","Hologram","Reprogram"],"picked":"SKIP","floor":3},{"not_picked":["Recycle","Hologram","Reprogram"],"picked":"SKIP","floor":3},{"not_picked":["Skim","Double Energy"],"picked":"Chaos","floor":4},{"not_picked":["Rip and Tear","Hologram"],"picked":"Stack","floor":7},{"not_picked":["Aggregate","Hello World"],"picked":"Gash","floor":10},{"not_picked":["Sweeping Beam","Go for the Eyes","Biased Cognition"],"picked":"SKIP","floor":11},{"not_picked":["Sweeping Beam","Biased Cognition"],"picked":"Go for the Eyes","floor":11},{"not_picked":["Steam","Compile Driver"],"picked":"Auto Shields","floor":12},{"not_picked":["Hologram","FTL"],"picked":"Compile Driver","floor":14},{"not_picked":["All For One","Hyperbeam"],"picked":"Echo Form","floor":16},{"not_picked":["Compile Driver","Chill"],"picked":"Capacitor","floor":18},{"not_picked":["Hologram","Undo"],"picked":"Gash","floor":22}],"player_experience":1124155,"relics_obtained":[{"floor":9,"key":"Torii"},{"floor":12,"key":"Shuriken"},{"floor":22,"key":"Red Mask"}],"event_choices":[{"damage_healed":0,"gold_gain":0,"player_choice":"Donut","damage_taken":0,"max_hp_gain":5,"max_hp_loss":0,"event_name":"Big Fish","floor":5,"gold_loss":0},{"cards_removed":["Strike_B"],"damage_healed":0,"gold_gain":0,"player_choice":"Gave Gold","damage_taken":0,"max_hp_gain":0,"max_hp_loss":0,"event_name":"Beggar","floor":19,"gold_loss":75},{"damage_healed":0,"gold_gain":0,"player_choice":"Obtained Relic","damage_taken":0,"relics_obtained":["Peace Pipe"],"max_hp_gain":0,"max_hp_loss":0,"event_name":"Addict","floor":20,"gold_loss":85},{"damage_healed":0,"gold_gain":0,"player_choice":"Fought Bandits","damage_taken":0,"max_hp_gain":0,"max_hp_loss":0,"event_name":"Masked Bandits","floor":22,"gold_loss":0}],"is_beta":false,"boss_relics":[{"not_picked":["Fusion Hammer","Runic Pyramid"],"picked":"Ectoplasm"}],"items_purged_floors":[],"is_endless":false,"potions_floor_spawned":[3,11,12,14,16,18],"killed_by":"Gremlin Leader","ascension_level":8}