{"gold_per_floor":[111,130,130,147,164,164,197,197,197,217,217,217,236,262,262,336,336,317,317,317,16,32,32,32],"floor_reached":24,"playtime":1396,"items_purged":[],"score":350,"play_id":"dc6fdca9-697c-4249-92f4-76ad7d4796be","local_time":"20190324001919","is_ascension_mode":true,"campfire_choices":[{"data":"Go for the Eyes","floor":6,"key":"SMITH"},{"data":"Zap","floor":8,"key":"SMITH"},{"floor":11,"key":"REST"},{"data":"Creative AI","floor":15,"key":"SMITH"},{"floor":23,"key":"REST"}],"neow_cost":"NONE","seed_source_timestamp":599490088199056,"circlet_count":0,"master_deck":["AscendersBane","Strike_B","Strike_B","Strike_B","Defend_B","Defend_B","Defend_B","Defend_B","Zap+1","Dualcast","Ball Lightning","Go for the Eyes+1","Coolheaded","Creative AI+1","Cold Snap","Storm","Conserve Battery","Echo Form","Stack+1"],"relics":["Cracked Core","Dead Branch","Ornamental Fan","Darkstone Periapt","Inserter","MutagenicStrength","Bronze Scales","Orichalcum"],"potions_floor_usage":[14,14,16,18],"damage_taken":[{"damage":0,"enemies":"Cultist","floor":1,"turns":3},{"damage":4,"enemies":"2 Louse","floor":2,"turns":3},{"damage":7,"enemies":"Small Slimes","floor":4,"turns":2},{"damage":1,"enemies":"Red Slaver","floor":5,"turns":4},{"damage":22,"enemies":"Lagavulin","floor":7,"turns":8},{"damage":8,"enemies":"Blue Slaver","floor":10,"turns":2},{"damage":2,"enemies":"Exordium Thugs","floor":13,"turns":3},{"damage":15,"enemies":"3 Sentries","floor":14,"turns":6},{"damage":12,"enemies":"Slime Boss","floor":16,"turns":6},{"damage":20,"enemies":"2 Thieves","floor":18,"turns":5},{"damage":19,"enemies":"Chosen","floor":22,"turns":5},{"damage":43,"enemies":"Book of Stabbing","floor":24,"turns":4}],"seed_played":"-6556949972436223638","potions_obtained":[{"floor":1,"key":"Swift Potion"},{"floor":7,"key":"SmokeBomb"},{"floor":12,"key":"FearPotion"},{"floor":14,"key":"PowerPotion"},{"floor":16,"key":"SpeedPotion"},{"floor":18,"key":"Ancient Potion"}],"is_trial":false,"path_per_floor":["M","M","?","M","M","R","E","R","T","M","R","?","M","E","R","B",null,"M","?","$","$","M","R","E"],"character_chosen":"DEFECT","items_purchased":["Bronze Scales","Orichalcum"],"campfire_rested":2,"item_purchase_floors":[21,21],"current_hp_per_floor":[64,60,53,46,45,45,23,23,23,15,36,36,34,19,19,7,55,35,35,35,35,16,37,0],"gold":32,"neow_bonus":"THREE_CARDS","is_prod":false,"is_daily":false,"chose_seed":false,"campfire_upgraded":3,"win_rate":0,"timestamp":1553401159,"path_taken":["M","?","?","M","M","R","E","R","T","M","R","?","?","E","R","BOSS","M","?","?","$","M","R","E"],"build_version":"2019-01-23","purchased_purges":0,"victory":false,"max_hp_per_floor":[71,71,71,71,71,71,71,71,71,71,71,71,71,71,71,71,71,71,71,71,71,71,71,71],"card_choices":[{"not_picked":["Double Energy","Go for the Eyes"],"picked":"Ball Lightning","floor":0},{"not_picked":["Aggregate","Redo","Sweeping Beam"],"picked":"SKIP","floor":1},{"not_picked":["Beam Cell","Leap"],"picked":"Go for the Eyes","floor":2},{"not_picked":["Stack","Streamline"],"picked":"Coolheaded","floor":4},{"not_picked":["Recycle","Coolheaded","Melter"],"picked":"SKIP","floor":5},{"not_picked":["Static Discharge","Turbo"],"picked":"Creative AI","floor":7},{"not_picked":["Hello World","Gash"],"picked":"Cold Snap","floor":10},{"not_picked":["Ball Lightning","Go for the Eyes"],"picked":"Storm","floor":13},{"not_picked":["Ball Lightning","Skim"],"picked":"Conserve Battery","floor":14},{"not_picked":["Thunder Strike","Multi-Cast"],"picked":"Echo Form","floor":16},{"not_picked":["Redo","Conserve Battery"],"picked":"Stack+1","floor":18},{"not_picked":["Genetic Algorithm","Beam Cell","Stack"],"picked":"SKIP","floor":22}],"player_experience":1378091,"relics_obtained":[{"floor":7,"key":"Dead Branch"},{"floor":9,"key":"Ornamental Fan"},{"floor":14,"key":"Darkstone Periapt"}],"event_choices":[{"cards_removed":["Strike_B"],"damage_healed":0,"gold_gain":0,"player_choice":"Card Removal","damage_taken":7,"max_hp_gain":0,"max_hp_loss":0,"event_name":"Golden Wing","floor":3,"gold_loss":0},{"damage_healed":0,"gold_gain":0,"player_choice":"Got Potions","damage_taken":0,"max_hp_gain":0,"max_hp_loss":0,"event_name":"Lab","floor":12,"gold_loss":0},{"damage_healed":0,"gold_gain":0,"player_choice":"Inject Mutagens","damage_taken":0,"relics_obtained":["MutagenicStrength"],"max_hp_gain":0,"max_hp_loss":0,"event_name":"Drug Dealer","floor":19,"gold_loss":0}],"is_beta":false,"boss_relics":[{"not_picked":["Astrolabe","Eternal Feather"],"picked":"Inserter"}],"items_purged_floors":[],"is_endless":false,"potions_floor_spawned":[1,7,14,16,18],"killed_by":"Book of Stabbing","ascension_level":14}