{"gold_per_floor":[116,116,127,127,20,20,20,20,20,50,50,80,91,119,119,198,198,217,1,13,25,25,25,45,63,133,133,153,173,223,16,16,16],"floor_reached":33,"playtime":1154,"items_purged":["Writhe","Pain"],"score":610,"play_id":"13a488da-9360-482a-abac-8d8fa22623c9","local_time":"20190503014146","is_ascension_mode":true,"campfire_choices":[{"data":"Zap","floor":6.0,"key":"SMITH"},{"data":"Melter","floor":8.0,"key":"SMITH"},{"data":"Dualcast","floor":11.0,"key":"SMITH"},{"data":"Defragment","floor":15,"key":"SMITH"},{"floor":23,"key":"REST"},{"floor":27,"key":"REST"},{"floor":32,"key":"REST"}],"neow_cost":"NONE","seed_source_timestamp":891057822193268,"circlet_count":0,"master_deck":["AscendersBane","Strike_B+1","Strike_B","Strike_B+1","Defend_B","Defend_B","Defend_B","Defend_B","Zap+1","Dualcast+1","Sweeping Beam+1","Multi-Cast","Melter+1","Ball Lightning","Hologram","Defragment+1","Biased Cognition","Injury","Compile Driver","Cold Snap","Capacitor","Fusion+1","Coolheaded+1","Electrodynamics","Self Repair","White Noise+1","Redo+1","Steam+1","Coolheaded+1"],"special_seed":0,"relics":["Cracked Core","NeowsBlessing","Symbiotic Virus","Centennial Puzzle","Bag of Marbles","Calling Bell","Art of War","Toxic Egg 2","Du-Vu Doll","Molten Egg 2"],"potions_floor_usage":[14,18,20,20,29],"damage_taken":[{"damage":0.0,"enemies":"Jaw Worm","floor":1.0,"turns":1.0},{"damage":0.0,"enemies":"Cultist","floor":3.0,"turns":1.0},{"damage":0.0,"enemies":"Gremlin Nob","floor":12.0,"turns":1.0},{"damage":3.0,"enemies":"2 Louse","floor":13.0,"turns":2.0},{"damage":0,"enemies":"Lagavulin","floor":14,"turns":5},{"damage":25,"enemies":"Hexaghost","floor":16,"turns":7},{"damage":22,"enemies":"2 Thieves","floor":18,"turns":3},{"damage":16,"enemies":"Shell Parasite","floor":20,"turns":2},{"damage":8,"enemies":"Snecko","floor":21,"turns":3},{"damage":4,"enemies":"Sentry and Sphere","floor":24,"turns":2},{"damage":17,"enemies":"Centurion and Healer","floor":25,"turns":4},{"damage":18,"enemies":"Snake Plant","floor":28,"turns":3},{"damage":44,"enemies":"3 Cultists","floor":29,"turns":5},{"damage":39,"enemies":"Collector","floor":33,"turns":3}],"seed_played":"8879079353932025946","potions_obtained":[{"floor":3.0,"key":"SpeedPotion"},{"floor":16,"key":"LiquidBronze"},{"floor":18,"key":"Explosive Potion"},{"floor":25,"key":"Regen Potion"},{"floor":29,"key":"Swift Potion"}],"is_trial":false,"path_per_floor":["M","?","M","?","$","R","?","R","T","?","R","E","M","E","R","B",null,"M","$","M","M","?","R","M","M","T","R","M","M","?","$","R","B"],"character_chosen":"DEFECT","items_purchased":["Ball Lightning","Fire Potion","Cold Snap","Capacitor","Steam+1","Coolheaded+1"],"campfire_rested":3,"item_purchase_floors":[5,5,19,19,31,31],"current_hp_per_floor":[64,64,64,43,43,43,43,43,43,43,43,43,40,40,40,15,57,35,35,19,11,25,46,42,25,25,46,35,12,12,12,33,0],"gold":16,"neow_bonus":"THREE_ENEMY_KILL","is_prod":false,"is_daily":false,"chose_seed":false,"campfire_upgraded":4,"win_rate":0,"timestamp":1556862106,"path_taken":["M","?","?","?","$","R","?","R","T","?","R","E","M","E","R","BOSS","M","$","M","M","?","R","M","M","T","R","M","M","?","$","R","BOSS"],"build_version":"2019-01-23","purchased_purges":2,"victory":false,"max_hp_per_floor":[71,71,71,71,71,71,71,71,71,71,71,71,71,71,71,71,71,71,71,71,71,71,71,71,71,71,71,71,71,71,71,71,71],"card_choices":[{"not_picked":["Compile Driver","Chaos"],"picked":"Sweeping Beam","floor":1.0},{"not_picked":["Aggregate","Redo"],"picked":"Melter","floor":3.0},{"not_picked":["Melter","Stack"],"picked":"Hologram","floor":12.0},{"not_picked":["Melter","Biased Cognition"],"picked":"Defragment","floor":13.0},{"not_picked":["Turbo","Sweeping Beam","Hello World"],"picked":"SKIP","floor":14},{"not_picked":["Hyperbeam","Meteor Strike"],"picked":"Biased Cognition","floor":16},{"not_picked":["Gash","Force Field+1"],"picked":"Compile Driver","floor":18},{"not_picked":["Steam+1","Rebound"],"picked":"Fusion+1","floor":20},{"not_picked":["Stack+1","Genetic Algorithm+1"],"picked":"Coolheaded+1","floor":21},{"not_picked":["Ball Lightning","Chaos+1"],"picked":"Electrodynamics","floor":24},{"not_picked":["Steam+1","Stack+1"],"picked":"Self Repair","floor":25},{"not_picked":["Self Repair","Skim+1"],"picked":"White Noise+1","floor":28},{"not_picked":["Ball Lightning+1","Sweeping Beam+1"],"picked":"Redo+1","floor":29}],"player_experience":2283075,"relics_obtained":[{"floor":9.0,"key":"Symbiotic Virus"},{"floor":12.0,"key":"Centennial Puzzle"},{"floor":14,"key":"Bag of Marbles"},{"floor":17,"key":"Art of War"},{"floor":17,"key":"Toxic Egg 2"},{"floor":17,"key":"Du-Vu Doll"},{"floor":26,"key":"Molten Egg 2"}],"event_choices":[{"damage_healed":0.0,"max_hp_gain":0.0,"max_hp_loss":0.0,"gold_gain":0.0,"cards_transformed":["Strike_B"],"event_name":"Transmorgrifier","player_choice":"Transformed","floor":2.0,"gold_loss":0.0,"damage_taken":0.0,"cards_obtained":["Multi-Cast"]},{"damage_healed":0.0,"max_hp_gain":0.0,"max_hp_loss":0.0,"gold_gain":0.0,"event_name":"Shining Light","player_choice":"Entered Light","floor":4.0,"gold_loss":0.0,"damage_taken":21.0,"cards_upgraded":["Strike_B","Strike_B"]},{"damage_healed":0.0,"max_hp_gain":0.0,"max_hp_loss":0.0,"gold_gain":0.0,"event_name":"Living Wall","player_choice":"Grow","floor":7.0,"gold_loss":0.0,"damage_taken":0.0,"cards_upgraded":["Sweeping Beam"]},{"damage_healed":0.0,"max_hp_gain":0.0,"max_hp_loss":0.0,"gold_gain":30.0,"event_name":"Dead Adventurer","player_choice":"Searched \u00271\u0027 times","floor":10.0,"gold_loss":0.0,"damage_taken":0.0},{"damage_healed":14,"gold_gain":0,"player_choice":"Heal","damage_taken":0,"max_hp_gain":0,"max_hp_loss":0,"event_name":"The Library","floor":22,"gold_loss":0},{"damage_healed":0,"gold_gain":50,"player_choice":"Stole From Cult","damage_taken":0,"max_hp_gain":0,"max_hp_loss":0,"event_name":"Nest","floor":30,"gold_loss":0}],"is_beta":false,"boss_relics":[{"not_picked":["Orrery","Lizard Tail"],"picked":"Calling Bell"}],"items_purged_floors":[19,31],"is_endless":false,"potions_floor_spawned":[3,16,18,25,29],"killed_by":"Collector","ascension_level":20}