{"gold_per_floor":[115,11,21,21,21,65,65,103,129,129,172,172,172,6,6,102,102,122,22,36,36],"floor_reached":21,"playtime":610,"items_purged":["Strike_R","Strike_R"],"score":386,"play_id":"1632fc3e-453b-418f-b100-94296833b028","local_time":"20190507233329","is_ascension_mode":true,"campfire_choices":[{"data":"Bash","floor":7,"key":"SMITH"},{"floor":10,"key":"REST"},{"data":"Armaments","floor":13,"key":"SMITH"},{"data":"Hemokinesis","floor":15,"key":"SMITH"}],"neow_cost":"NONE","seed_source_timestamp":52490736108058,"circlet_count":0,"master_deck":["AscendersBane","Strike_R","Strike_R","Defend_R","Defend_R","Defend_R","Defend_R","Bash+1","Pummel","Pommel Strike","Armaments+1","Spot Weakness","Battle Trance","Burning Pact","Feel No Pain","Hemokinesis+1","Demon Form"],"relics":["Burning Blood","Golden Idol","Dream Catcher","Mummified Hand","Ancient Tea Set","Bag of Preparation","Philosopher\u0027s Stone"],"potions_floor_usage":[6,21],"damage_taken":[{"damage":8,"enemies":"2 Louse","floor":1,"turns":3},{"damage":11,"enemies":"Small Slimes","floor":3,"turns":3},{"damage":32,"enemies":"Gremlin Nob","floor":6,"turns":4},{"damage":25,"enemies":"Lagavulin","floor":8,"turns":5},{"damage":11,"enemies":"Gremlin Nob","floor":11,"turns":3},{"damage":18,"enemies":"Slime Boss","floor":16,"turns":8},{"damage":6,"enemies":"Chosen","floor":18,"turns":4},{"damage":27,"enemies":"2 Thieves","floor":20,"turns":4},{"damage":48,"enemies":"Shelled Parasite and Fungi","floor":21,"turns":5}],"seed_played":"-2716617207406212423","potions_obtained":[{"floor":3,"key":"GamblersBrew"},{"floor":11,"key":"Ancient Potion"},{"floor":16,"key":"SkillPotion"},{"floor":20,"key":"LiquidBronze"}],"is_trial":false,"path_per_floor":["M","$","M","?","?","E","R","E","T","R","E","?","R","$","R","B",null,"M","$","M","M"],"character_chosen":"IRONCLAD","items_purchased":["Pommel Strike","Feel No Pain","Hemokinesis"],"campfire_rested":1,"item_purchase_floors":[2,14,14],"current_hp_per_floor":[73,73,68,73,73,47,47,28,28,51,46,46,46,46,46,34,68,68,68,47,0],"gold":36,"neow_bonus":"TEN_PERCENT_HP_BONUS","is_prod":false,"is_daily":false,"chose_seed":false,"campfire_upgraded":3,"win_rate":0,"timestamp":1557297209,"path_taken":["M","$","M","?","?","E","R","E","T","R","E","?","R","$","R","BOSS","M","?","?","M"],"build_version":"2019-04-23","purchased_purges":2,"victory":false,"max_hp_per_floor":[82,82,82,87,79,79,79,79,79,79,79,79,79,79,79,79,79,79,79,79,79],"card_choices":[{"not_picked":["Warcry","Heavy Blade"],"picked":"Pummel","floor":1},{"not_picked":["Clash","Dropkick"],"picked":"Armaments","floor":3},{"not_picked":["True Grit","Dropkick"],"picked":"Spot Weakness","floor":6},{"not_picked":["Hemokinesis","Clash"],"picked":"Battle Trance","floor":8},{"not_picked":["Iron Wave","Clothesline"],"picked":"Burning Pact","floor":11},{"not_picked":["Berserk","Double Tap"],"picked":"Demon Form","floor":16},{"not_picked":["Blood for Blood","Anger","Searing Blow"],"picked":"SKIP","floor":18},{"not_picked":["Armaments","Havoc","Body Slam"],"picked":"SKIP","floor":20}],"player_experience":6262631,"relics_obtained":[{"floor":6,"key":"Dream Catcher"},{"floor":8,"key":"Mummified Hand"},{"floor":9,"key":"Ancient Tea Set"},{"floor":11,"key":"Bag of Preparation"}],"event_choices":[{"damage_healed":0,"gold_gain":0,"player_choice":"Donut","damage_taken":0,"max_hp_gain":5,"max_hp_loss":0,"event_name":"Big Fish","floor":4,"gold_loss":0},{"damage_healed":0,"gold_gain":0,"player_choice":"Lose Max HP","damage_taken":0,"relics_obtained":["Golden Idol"],"max_hp_gain":0,"max_hp_loss":8,"event_name":"Golden Idol","floor":5,"gold_loss":0},{"cards_removed":["Strike_R"],"damage_healed":0,"gold_gain":0,"player_choice":"Purged","damage_taken":0,"max_hp_gain":0,"max_hp_loss":0,"event_name":"Purifier","floor":12,"gold_loss":0}],"is_beta":true,"boss_relics":[{"not_picked":["Busted Crown","Orrery"],"picked":"Philosopher\u0027s Stone"}],"items_purged_floors":[2,19],"is_endless":false,"potions_floor_spawned":[3,11,16,20],"killed_by":"Shelled Parasite and Fungi","ascension_level":20}