{"path_per_floor":["M","?","?","$","M","R","E","M","T","T","M","?","$","M","R"],"character_chosen":"IRONCLAD","items_purchased":["Apotheosis"],"gold_per_floor":[109,139,314,59,71,71,98,117,198,198,212,212,112,127,127,127],"floor_reached":16,"campfire_rested":1,"playtime":463,"current_hp_per_floor":[68,68,68,68,62,62,40,31,31,31,22,22,22,12,34,0],"items_purged":["Doubt","Regret"],"gold":127,"score":170,"play_id":"971249f2-7b07-4af0-84d0-2fa5e670d0db","local_time":"20180403235825","is_prod":false,"is_daily":false,"is_ascension_mode":true,"campfire_upgraded":1,"timestamp":1522814305,"path_taken":["M","?","?","$","?","R","E","M","T","?","M","?","$","M","R","BOSS"],"build_version":"2018-03-29v2","purchased_purges":2,"victory":false,"master_deck":["Strike_R","Strike_R","Strike_R","Strike_R","Strike_R","Defend_R","Defend_R","Defend_R","Defend_R","Bash","AscendersBane","Heavy Blade","Apotheosis+1","Twin Strike","Flex","Thunderclap","Injury","Headbutt","Twin Strike"],"max_hp_per_floor":[75,75,75,75,75,75,75,75,75,75,75,75,75,75,75,75],"relics":["Cursed Key","Tiny Chest","Question Card","Matryoshka","Omamori","Charon\u0027s Ashes"],"card_choices":[{"not_picked":["Corruption","Dual Wield"],"picked":"Heavy Blade","floor":1},{"not_picked":["Havoc","Intimidate"],"picked":"Twin Strike","floor":5},{"not_picked":["Entrench","Flame Barrier"],"picked":"Flex","floor":7},{"not_picked":["Heavy Blade","Entrench","Anger"],"picked":"Thunderclap","floor":8},{"not_picked":["Power Through","Intimidate","Spot Weakness"],"picked":"Headbutt","floor":11},{"not_picked":["True Grit","Power Through","Pommel Strike"],"picked":"Twin Strike","floor":14}],"player_experience":660674,"potions_floor_usage":[7,14,16],"damage_taken":[{"damage":0,"enemies":"2 Louse","floor":1,"turns":3},{"damage":6,"enemies":"Jaw Worm","floor":5,"turns":3},{"damage":22,"enemies":"3 Sentries","floor":7,"turns":8},{"damage":9,"enemies":"Small Slimes","floor":8,"turns":2},{"damage":9,"enemies":"Red Slaver","floor":11,"turns":2},{"damage":10,"enemies":"Exordium Wildlife","floor":14,"turns":2},{"damage":38,"enemies":"The Guardian","floor":16,"turns":7}],"event_choices":[{"event_name":"Big Fish","player_choice":"Box","floor":2,"damage_taken":0},{"event_name":"Liars Game","player_choice":"agreed","floor":3,"damage_taken":0},{"event_name":"Wheel of Change","player_choice":"Card Removal","floor":12,"damage_taken":0}],"boss_relics":[],"potions_floor_spawned":[5,8,14],"seed_played":"-5220304157495303674","killed_by":"The Guardian","ascension_level":14,"is_trial":false}