{"path_per_floor":["M","?","?","M","M","M","?","?","T","R","$","M","M","M","R","B",null,"M","$","?","T","?","R","M","R","T","M","?","M","M","M","R","B",null,"M","M","M","?","$","R","M","R","T","M","?","M","$","T","R","B"],"character_chosen":"IRONCLAD","items_purchased":["Demon Form","Apotheosis","Limit Break","Sever Soul"],"gold_per_floor":[115,115,290,301,320,337,337,337,337,337,98,117,133,148,148,251,251,269,74,74,74,74,74,87,87,87,102,102,112,132,152,152,249,249,260,275,287,287,187,187,200,200,200,210,210,223,71,71,71,71],"floor_reached":51,"campfire_rested":4,"playtime":1788,"current_hp_per_floor":[80,80,80,79,68,62,55,39,39,39,39,39,35,35,35,35,80,53,53,53,53,38,38,36,61,61,42,42,24,9,6,31,4,85,74,46,36,36,36,61,56,81,81,28,74,59,59,59,59,13],"items_purged":["Strike_R","Strike_R"],"gold":71,"score":718,"play_id":"ace9a2db-5ad3-45c3-9897-927a5e631900","local_time":"20180412105816","is_prod":false,"is_daily":false,"is_ascension_mode":false,"campfire_upgraded":4,"timestamp":1523545096,"path_taken":["M","?","?","M","M","M","?","?","T","R","$","M","?","M","R","BOSS","M","$","?","?","?","R","M","R","T","?","?","M","M","M","R","BOSS","M","M","M","?","$","R","M","R","T","M","?","M","$","?","R","BOSS"],"build_version":"2018-04-05v2","purchased_purges":4,"victory":true,"master_deck":["Strike_R","Strike_R","Defend_R","Defend_R+1","Defend_R+1","Defend_R","Bash","Inflame","Headbutt","Feel No Pain+1","Heavy Blade","Demon Form+1","Demon Form+1","Whirlwind+1","Heavy Blade","Sword Boomerang","Double Tap","True Grit","Apotheosis+1","Sword Boomerang+1","Whirlwind+1","Limit Break","Feel No Pain+1","Flex+1","Battle Trance","Limit Break","Sever Soul"],"max_hp_per_floor":[80,80,80,80,80,80,80,80,80,80,80,80,80,80,80,80,80,80,80,80,80,85,85,85,85,85,85,85,85,85,85,85,85,85,85,85,85,85,85,85,85,85,85,85,74,74,74,74,74,74],"relics":["Cursed Key"],"card_choices":[{"not_picked":["Armaments","Twin Strike"],"picked":"Inflame","floor":1.0},{"not_picked":["Ghostly Armor","Sword Boomerang"],"picked":"Feel No Pain","floor":4.0},{"not_picked":["Clothesline","Sword Boomerang"],"picked":"Heavy Blade","floor":5.0},{"not_picked":["Armaments","Flex"],"picked":"Demon Form","floor":6.0},{"not_picked":["Battle Trance","Corruption"],"picked":"Whirlwind","floor":12.0},{"not_picked":["Twin Strike","Shrug It Off"],"picked":"Heavy Blade","floor":13.0},{"not_picked":["Headbutt","Body Slam"],"picked":"Sword Boomerang","floor":14.0},{"not_picked":["Dark Embrace","Exhume"],"picked":"Double Tap","floor":16.0},{"not_picked":["Bloodletting","Twin Strike"],"picked":"True Grit","floor":18.0},{"not_picked":["Twin Strike","Perfected Strike"],"picked":"Sword Boomerang","floor":27.0},{"not_picked":["Exhume","Fire Breathing"],"picked":"Whirlwind","floor":31.0},{"not_picked":["Feed","Brutality"],"picked":"Limit Break","floor":33.0},{"not_picked":["Blood for Blood","Sword Boomerang"],"picked":"Feel No Pain","floor":35.0},{"not_picked":["Pummel","Pommel Strike"],"picked":"Flex","floor":37.0},{"not_picked":["Wild Strike","Infernal Blade"],"picked":"Battle Trance","floor":44.0}],"player_experience":832812,"potions_floor_usage":[50],"damage_taken":[{"damage":0.0,"enemies":"Small Slimes","floor":1.0,"turns":4.0},{"damage":1.0,"enemies":"2 Louse","floor":4.0,"turns":2.0},{"damage":11.0,"enemies":"Jaw Worm","floor":5.0,"turns":2.0},{"damage":6.0,"enemies":"Large Slime","floor":6.0,"turns":3.0},{"damage":0.0,"enemies":"2 Fungi Beasts","floor":12.0,"turns":3.0},{"damage":4.0,"enemies":"Exordium Thugs","floor":13.0,"turns":5.0},{"damage":0.0,"enemies":"Exordium Wildlife","floor":14.0,"turns":3.0},{"damage":0.0,"enemies":"Slime Boss","floor":16.0,"turns":6.0},{"damage":27.0,"enemies":"Shell Parasite","floor":18.0,"turns":5.0},{"damage":2.0,"enemies":"3 Byrds","floor":24.0,"turns":5.0},{"damage":19.0,"enemies":"Snake Plant","floor":27.0,"turns":4.0},{"damage":18.0,"enemies":"Centurion and Healer","floor":29.0,"turns":3.0},{"damage":15.0,"enemies":"Snecko","floor":30.0,"turns":5.0},{"damage":3.0,"enemies":"Cultist and Chosen","floor":31.0,"turns":3.0},{"damage":27.0,"enemies":"Collector","floor":33.0,"turns":5.0},{"damage":11.0,"enemies":"3 Shapes","floor":35.0,"turns":8.0},{"damage":28.0,"enemies":"Orb Walker","floor":36.0,"turns":4.0},{"damage":25.0,"enemies":"4 Shapes","floor":37.0,"turns":7.0},{"damage":5.0,"enemies":"Maw","floor":41.0,"turns":4.0},{"damage":53.0,"enemies":"3 Darklings","floor":44.0,"turns":4.0},{"damage":15.0,"enemies":"4 Shapes","floor":46.0,"turns":6.0},{"damage":46,"enemies":"Donu and Deca","floor":50,"turns":7}],"event_choices":[{"event_name":"Living Wall","player_choice":"Change","floor":2.0,"damage_taken":0.0},{"event_name":"Liars Game","player_choice":"agreed","floor":3.0,"damage_taken":0.0},{"event_name":"Golden Wing","player_choice":"Card Removal","floor":7.0,"damage_taken":0.0},{"event_name":"Shining Light","player_choice":"Entered Light","floor":8.0,"damage_taken":0.0},{"event_name":"Upgrade Shrine","player_choice":"Upgraded","floor":20.0,"damage_taken":0.0},{"event_name":"Forgotten Altar","player_choice":"Shed Blood","floor":22.0,"damage_taken":0.0},{"event_name":"Vampires","player_choice":"Ignored","floor":28.0,"damage_taken":0.0},{"event_name":"Mysterious Sphere","player_choice":"Ignore","floor":38.0,"damage_taken":0.0},{"event_name":"The Moai Head","player_choice":"Heal","floor":45.0,"damage_taken":0.0}],"boss_relics":[],"potions_floor_spawned":[5,6,12,14,24,27,30,31,35,44,46],"seed_played":"-5599045330189806189","ascension_level":0,"is_trial":false}