{"path_per_floor":["M","M","?","?","M","E","M","E","T","?","M","T","$","E","R","B",null,"M","$","M","?","M","R","E","M","T","R","?","M","E","M","R","B",null,"M","?","?","M","?","R","E","M","T","R","M","R","M","M","R","B"],"character_chosen":"IRONCLAD","items_purchased":["Orichalcum","Whetstone","Blood for Blood"],"gold_per_floor":[118,134,134,104,123,152,164,190,272,272,282,305,151,179,179,280,280,280,12,0,0,0,0,0,0,0,0,0,0,0,0,0,0,0,0,0,0,0,0,0,0,0,0,0,0,0,0,0,0,0],"floor_reached":51,"campfire_rested":0,"playtime":3830,"current_hp_per_floor":[79,79,72,72,72,72,72,57,57,57,57,57,57,56,56,66,80,62,62,60,60,72,72,74,77,77,77,61,62,60,79,79,84,88,84,62,62,83,94,94,96,98,98,98,103,103,105,105,105,76],"items_purged":["Defend_R"],"gold":0,"score":731,"play_id":"0ef676d0-bdcd-4a75-aee3-67e734d4e611","is_prod":false,"is_daily":false,"is_ascension_mode":true,"campfire_upgraded":5,"path_taken":["M","M","?","?","M","E","M","E","T","?","M","?","$","E","R","BOSS","M","$","M","?","M","R","E","M","T","R","?","?","E","M","R","BOSS","M","?","?","M","?","R","E","?","T","R","M","R","?","M","R","BOSS"],"build_version":"2018-02-08-PROD1","purchased_purges":1,"victory":true,"master_deck":["Strike_R","Strike_R","Strike_R+1","Defend_R+1","Defend_R","Defend_R+1","Bash+1","Heavy Blade","Clothesline+1","Clothesline","Impervious+1","Reaper+1","Blood for Blood+1","Barricade","Blood for Blood+1","Bludgeon+1","Disarm+1"],"max_hp_per_floor":[80,80,80,80,80,80,80,80,80,80,80,80,80,80,80,80,80,80,80,80,80,80,80,82,84,84,84,84,86,86,88,88,88,88,90,92,92,94,94,94,96,98,98,98,103,103,105,105,105,105],"relics":["Snecko Eye","Oddly Smooth Stone","Torii","Kunai","Omamori","Orichalcum","Dodecahedron","Ectoplasm","Whetstone","Singing Bowl","Blood Vial","Nilry\u0027s Codex","War Paint","White Beast Statue","Girya","Red Mask","Vajra","Dead Branch"],"card_choices":[{"not_picked":["Combust","Burning Pact"],"picked":"Heavy Blade"},{"not_picked":["Shrug It Off","Metallicize"],"picked":"Clothesline"},{"not_picked":["Dropkick","Entrench"],"picked":"Clothesline"},{"not_picked":["Blood for Blood","Clothesline"],"picked":"Impervious"},{"not_picked":["Limit Break","Impervious"],"picked":"Reaper"},{"not_picked":["Hemokinesis","Warcry"],"picked":"Barricade"},{"not_picked":["Armaments","Anger"],"picked":"Blood for Blood"},{"not_picked":["Berserk","Impervious"],"picked":"Bludgeon"},{"not_picked":["Iron Wave","Thunderclap"],"picked":"Disarm"}],"player_experience":216370,"potions_floor_usage":[6,6,6,16,16,25,30,33,41,45,50,50,50],"damage_taken":[{"damage":1,"enemies":"Cultist","floor":1,"turns":3},{"damage":0,"enemies":"2 Louse","floor":2,"turns":1},{"damage":0,"enemies":"Small Slimes","floor":5,"turns":2},{"damage":0,"enemies":"3 Sentries","floor":6,"turns":3},{"damage":0,"enemies":"2 Fungi Beasts","floor":7,"turns":2},{"damage":15,"enemies":"Lagavulin","floor":8,"turns":5},{"damage":0,"enemies":"Large Slime","floor":11,"turns":4},{"damage":1,"enemies":"Gremlin Nob","floor":14,"turns":3},{"damage":5,"enemies":"Hexaghost","floor":16,"turns":7},{"damage":18,"enemies":"3 Byrds","floor":18,"turns":5},{"damage":10,"enemies":"2 Thieves","floor":20,"turns":4},{"damage":0,"enemies":"3 Cultists","floor":22,"turns":4},{"damage":0,"enemies":"Book of Stabbing","floor":24,"turns":4},{"damage":6,"enemies":"Centurion and Healer","floor":25,"turns":4},{"damage":12,"enemies":"Snake Plant","floor":29,"turns":3},{"damage":14,"enemies":"Slavers","floor":30,"turns":4},{"damage":0,"enemies":"3 Cultists","floor":31,"turns":3},{"damage":4,"enemies":"Collector","floor":33,"turns":4},{"damage":6,"enemies":"Orb Walker","floor":35,"turns":2},{"damage":26,"enemies":"Mysterious Sphere","floor":36,"turns":4},{"damage":0,"enemies":"3 Darklings","floor":38,"turns":3},{"damage":0,"enemies":"Nemesis","floor":41,"turns":4},{"damage":0,"enemies":"Maw","floor":42,"turns":4},{"damage":0,"enemies":"Sphere and 2 Shapes","floor":45,"turns":3},{"damage":0,"enemies":"4 Shapes","floor":47,"turns":4},{"damage":8,"enemies":"Maw","floor":48,"turns":6},{"damage":29,"enemies":"Time Eater","floor":50,"turns":9}],"event_choices":[{"event_name":"Golden Wing","player_choice":"Card Removal","floor":3,"damage_taken":0},{"event_name":"The Woman in Blue","player_choice":"Bought 2 Potions","floor":4,"damage_taken":0},{"event_name":"Living Wall","player_choice":"Forget","floor":10,"damage_taken":0},{"event_name":"Addict","player_choice":"Ignored","floor":21,"damage_taken":0},{"event_name":"Cursed Tome","player_choice":"Obtained Book","floor":28,"damage_taken":0},{"event_name":"Mysterious Sphere","player_choice":"Fight","floor":36,"damage_taken":0},{"event_name":"Tomb of Lord Red Mask","player_choice":"Paid","floor":37,"damage_taken":0},{"event_name":"Winding Halls","player_choice":"Writhe","floor":39,"damage_taken":0}],"boss_relics":[{"not_picked":["Astrolabe","Question Card"],"picked":"Ectoplasm"},{"not_picked":["Velvet Choker","Cursed Key"],"picked":"White Beast Statue"}],"potions_floor_spawned":[2,5,7,14,20,24,29,33,35,36,38,41,42,45,47,48],"seed_played":"2488579080712033768","ascension_level":3,"is_trial":false}