{"gold_per_floor":[113,113,113,180,190,190,269,269,269,269,279,292,342,368,368,445,445,462,479,489,539,549,549,579,579,624,122,122],"floor_reached":28,"playtime":1139,"items_purged":[],"score":428,"play_id":"6f348ab9-07fa-41e3-958d-bab5335eadb3","local_time":"20190313143229","is_ascension_mode":true,"campfire_choices":[{"data":"All Out Attack","floor":6,"key":"SMITH"},{"data":"Tactician","floor":8,"key":"SMITH"},{"data":"Dash","floor":10,"key":"SMITH"},{"data":"Survivor","floor":15,"key":"SMITH"},{"data":"Dagger Throw","floor":23,"key":"SMITH"},{"data":"Noxious Fumes","floor":25,"key":"SMITH"}],"neow_cost":"NONE","seed_source_timestamp":11517107129073,"circlet_count":0,"master_deck":["AscendersBane","Defend_G","Defend_G","Defend_G","Defend_G","Defend_G","Strike_G","Strike_G","Strike_G","Strike_G","Survivor+1","Neutralize+1","Dagger Throw+1","Dash+1","All Out Attack+1","Tactician+1","Terror+1","Calculated Gamble+1","Backflip+1","Storm of Steel+1","Calculated Gamble+1","Expertise+1","Blade Dance+1","Choke+1","Noxious Fumes+1","Dramatic Entrance","Noxious Fumes","Burst+1","Eviscerate"],"relics":["Ring of the Snake","NeowsBlessing","SsserpentHead","Odd Mushroom","Toxic Egg 2","Oddly Smooth Stone","Eternal Feather","MutagenicStrength","Bottled Lightning","Regal Pillow","Bag of Preparation"],"potions_floor_usage":[7,14,16,16,22,22],"damage_taken":[{"damage":0,"enemies":"Jaw Worm","floor":1,"turns":1},{"damage":0,"enemies":"Small Slimes","floor":4,"turns":1},{"damage":0,"enemies":"Cultist","floor":5,"turns":1},{"damage":13,"enemies":"The Mushroom Lair","floor":7,"turns":3},{"damage":12,"enemies":"Large Slime","floor":11,"turns":4},{"damage":0,"enemies":"Lots of Slimes","floor":12,"turns":1},{"damage":5,"enemies":"3 Sentries","floor":14,"turns":7},{"damage":4,"enemies":"Hexaghost","floor":16,"turns":8},{"damage":12,"enemies":"Shell Parasite","floor":18,"turns":4},{"damage":17,"enemies":"2 Thieves","floor":19,"turns":5},{"damage":6,"enemies":"Shelled Parasite and Fungi","floor":20,"turns":5},{"damage":24,"enemies":"Snecko","floor":22,"turns":6},{"damage":21,"enemies":"Gremlin Leader","floor":24,"turns":6},{"damage":18,"enemies":"Book of Stabbing","floor":28,"turns":4}],"seed_played":"-5657225370060264803","potions_obtained":[{"floor":4,"key":"Strength Potion"},{"floor":7,"key":"Strength Potion"},{"floor":12,"key":"Swift Potion"},{"floor":14,"key":"Swift Potion"},{"floor":18,"key":"Regen Potion"},{"floor":19,"key":"FearPotion"},{"floor":20,"key":"AttackPotion"}],"is_trial":false,"path_per_floor":["M","?","?","M","M","R","?","R","T","R","M","M","?","E","R","B",null,"M","M","M","?","M","R","E","R","T","$","E"],"character_chosen":"THE_SILENT","items_purchased":["Bag of Preparation","Dramatic Entrance","Noxious Fumes","Burst+1","Eviscerate"],"campfire_rested":0,"item_purchase_floors":[27,27,27,27,27],"current_hp_per_floor":[59,59,59,59,59,59,46,46,46,46,34,34,34,29,29,25,56,44,27,21,21,12,24,3,18,18,18,0],"gold":122,"neow_bonus":"THREE_ENEMY_KILL","is_prod":false,"is_daily":false,"chose_seed":false,"campfire_upgraded":6,"win_rate":0,"timestamp":1552501949,"path_taken":["M","?","?","?","M","R","?","R","T","R","M","M","?","E","R","BOSS","M","?","M","?","M","R","E","R","T","$","E"],"build_version":"2019-01-23","purchased_purges":0,"victory":false,"max_hp_per_floor":[66,66,66,66,66,66,66,66,66,66,66,66,66,66,66,66,66,66,66,66,66,66,66,66,66,66,66,66],"card_choices":[{"not_picked":["Deflect","Flying Knee"],"picked":"Dagger Throw","floor":1},{"not_picked":["PiercingWail","Flying Knee"],"picked":"Dash","floor":4},{"not_picked":["Calculated Gamble","Outmaneuver"],"picked":"All Out Attack","floor":5},{"not_picked":["Dagger Throw","Flying Knee"],"picked":"Tactician","floor":7},{"not_picked":["Heel Hook","Outmaneuver+1"],"picked":"Terror+1","floor":11},{"not_picked":["Cloak And Dagger+1","Finisher"],"picked":"Calculated Gamble+1","floor":12},{"not_picked":["Terror+1","Skewer"],"picked":"Backflip+1","floor":14},{"not_picked":["A Thousand Cuts","Unload"],"picked":"Storm of Steel+1","floor":16},{"not_picked":["Slice","Backflip+1"],"picked":"Calculated Gamble+1","floor":18},{"not_picked":["Dagger Spray","Riddle With Holes"],"picked":"Expertise+1","floor":19},{"not_picked":["Blur+1","Deflect+1"],"picked":"Blade Dance+1","floor":20},{"not_picked":["Slice","Bane"],"picked":"Choke+1","floor":22},{"not_picked":["Slice","Sucker Punch"],"picked":"Noxious Fumes","floor":24}],"player_experience":1082693,"relics_obtained":[{"floor":7,"key":"Odd Mushroom"},{"floor":9,"key":"Toxic Egg 2"},{"floor":14,"key":"Oddly Smooth Stone"},{"floor":24,"key":"Bottled Lightning"},{"floor":26,"key":"Regal Pillow"}],"event_choices":[{"damage_healed":0,"gold_gain":0,"player_choice":"Grow","damage_taken":0,"max_hp_gain":0,"max_hp_loss":0,"event_name":"Living Wall","floor":2,"gold_loss":0,"cards_upgraded":["Neutralize"]},{"damage_healed":0,"gold_gain":0,"player_choice":"Trade","damage_taken":0,"relics_obtained":["SsserpentHead"],"max_hp_gain":0,"max_hp_loss":0,"event_name":"FaceTrader","floor":3,"gold_loss":0},{"damage_healed":0,"gold_gain":0,"player_choice":"Fought Mushrooms","damage_taken":0,"max_hp_gain":0,"max_hp_loss":0,"event_name":"Mushrooms","floor":7,"gold_loss":0},{"cards_removed":["Strike_G"],"damage_healed":0,"gold_gain":0,"player_choice":"Purged","damage_taken":0,"max_hp_gain":0,"max_hp_loss":0,"event_name":"Purifier","floor":13,"gold_loss":0},{"damage_healed":0,"gold_gain":0,"player_choice":"Inject Mutagens","damage_taken":0,"relics_obtained":["MutagenicStrength"],"max_hp_gain":0,"max_hp_loss":0,"event_name":"Drug Dealer","floor":21,"gold_loss":0}],"is_beta":false,"boss_relics":[{"not_picked":["Lizard Tail","Astrolabe"],"picked":"Eternal Feather"}],"items_purged_floors":[],"is_endless":false,"potions_floor_spawned":[4,7,12,14,18,19,20],"killed_by":"Book of Stabbing","ascension_level":16}