{"gold_per_floor":[115,115,135,148,9,9,40,40,40,72,72,72,72,97,97,193,193,217,132,175,175,195,233,233,273,273,398,93,106,106,106],"floor_reached":31,"playtime":1566,"items_purged":[],"score":583,"play_id":"3058d53b-e5f8-41d5-8c4f-dd87d3ba6268","local_time":"20190418230515","is_ascension_mode":true,"campfire_choices":[{"data":"Zap","floor":6,"key":"SMITH"},{"floor":12,"key":"REST"},{"data":"Multi-Cast","floor":15,"key":"SMITH"},{"data":"Ghostly","floor":24,"key":"SMITH"},{"floor":30,"key":"REST"}],"neow_cost":"NONE","seed_source_timestamp":620604297321024,"circlet_count":0,"master_deck":["AscendersBane","Strike_B","Strike_B","Strike_B","Strike_B","Defend_B","Defend_B","Defend_B","Defend_B+1","Zap+1","Dualcast+1","Cold Snap","Cold Snap","Ball Lightning+1","Leap","Hologram+1","Cold Snap","Multi-Cast+1","BootSequence","Echo Form","Cold Snap","Ghostly+1","Ghostly+1","Ghostly","Stack","Conserve Battery","Defragment+1"],"relics":["Cracked Core","Symbiotic Virus","Bottled Lightning","Anchor","Golden Idol","Busted Crown","Gremlin Horn","Red Mask","War Paint","Bottled Flame","Letter Opener","Unceasing Top","Frozen Egg 2","Membership Card"],"potions_floor_usage":[7,16,20,29,31,31,31],"damage_taken":[{"damage":4,"enemies":"Jaw Worm","floor":1,"turns":5},{"damage":0,"enemies":"Cultist","floor":3,"turns":3},{"damage":13,"enemies":"Small Slimes","floor":4,"turns":4},{"damage":15,"enemies":"3 Sentries","floor":7,"turns":4},{"damage":8,"enemies":"Gremlin Nob","floor":10,"turns":3},{"damage":0,"enemies":"Blue Slaver","floor":14,"turns":2},{"damage":25,"enemies":"Slime Boss","floor":16,"turns":8},{"damage":11,"enemies":"3 Byrds","floor":18,"turns":3},{"damage":12,"enemies":"Masked Bandits","floor":20,"turns":4},{"damage":0,"enemies":"Chosen","floor":22,"turns":5},{"damage":1,"enemies":"Book of Stabbing","floor":23,"turns":6},{"damage":14,"enemies":"Gremlin Leader","floor":25,"turns":9},{"damage":0,"enemies":"Colosseum Slavers","floor":27,"turns":3},{"damage":0,"enemies":"Colosseum Nobs","floor":27,"turns":3},{"damage":12,"enemies":"Centurion and Healer","floor":29,"turns":8},{"damage":17,"enemies":"Book of Stabbing","floor":31,"turns":5}],"seed_played":"7465948776795090543","potions_obtained":[{"floor":1,"key":"Weak Potion"},{"floor":2,"key":"AttackPotion"},{"floor":4,"key":"PowerPotion"},{"floor":10,"key":"Dexterity Potion"},{"floor":25,"key":"Ancient Potion"}],"is_trial":false,"path_per_floor":["M","?","M","M","$","R","E","?","T","E","?","R","?","M","R","B",null,"M","?","?","?","M","E","R","E","T","?","$","M","R","E"],"character_chosen":"DEFECT","items_purchased":["Leap","Hologram","Cold Snap","Membership Card","Defragment+1","EntropicBrew"],"campfire_rested":2,"item_purchase_floors":[5,5,5,28,28,28],"current_hp_per_floor":[67,67,67,54,54,54,39,39,39,31,8,31,31,31,31,6,55,44,44,32,32,32,31,31,17,17,17,17,5,15,0],"gold":106,"neow_bonus":"TEN_PERCENT_HP_BONUS","is_prod":false,"is_daily":false,"chose_seed":false,"campfire_upgraded":3,"win_rate":0,"timestamp":1555643115,"path_taken":["M","?","?","M","$","R","E","?","T","E","?","R","?","M","R","BOSS","M","?","?","?","M","E","R","E","T","?","?","?","R","E"],"build_version":"2019-01-23","purchased_purges":0,"victory":false,"max_hp_per_floor":[78,78,78,78,78,78,78,78,78,78,78,78,71,71,71,71,71,71,71,71,35,35,35,35,35,35,35,35,35,35,35],"card_choices":[{"not_picked":["Conserve Battery","Rebound"],"picked":"Cold Snap","floor":1},{"not_picked":["Streamline","Rebound"],"picked":"Cold Snap","floor":3},{"not_picked":["Sweeping Beam","Aggregate"],"picked":"Ball Lightning","floor":4},{"not_picked":["Hyperbeam","Fusion"],"picked":"Multi-Cast","floor":7},{"not_picked":["Scrape","Stack","Redo"],"picked":"SKIP","floor":10},{"not_picked":["Cold Snap","Stack"],"picked":"BootSequence","floor":14},{"not_picked":["Hyperbeam","Meteor Strike"],"picked":"Echo Form","floor":16},{"not_picked":["Sweeping Beam"],"picked":"SKIP","floor":18},{"not_picked":[],"picked":"Cold Snap","floor":20},{"not_picked":["Beam Cell"],"picked":"SKIP","floor":22},{"not_picked":[],"picked":"Stack","floor":23},{"not_picked":["Tempest"],"picked":"SKIP","floor":25},{"not_picked":[],"picked":"Conserve Battery","floor":27},{"not_picked":["FTL"],"picked":"SKIP","floor":29}],"player_experience":1851705,"relics_obtained":[{"floor":7,"key":"Symbiotic Virus"},{"floor":9,"key":"Bottled Lightning"},{"floor":10,"key":"Anchor"},{"floor":20,"key":"Red Mask"},{"floor":23,"key":"War Paint"},{"floor":25,"key":"Bottled Flame"},{"floor":26,"key":"Letter Opener"},{"floor":27,"key":"Unceasing Top"},{"floor":27,"key":"Frozen Egg 2"}],"event_choices":[{"damage_healed":0,"gold_gain":0,"player_choice":"Got Potions","damage_taken":0,"max_hp_gain":0,"max_hp_loss":0,"event_name":"Lab","floor":2,"gold_loss":0},{"damage_healed":0,"gold_gain":0,"player_choice":"Grow","damage_taken":0,"max_hp_gain":0,"max_hp_loss":0,"event_name":"Living Wall","floor":8,"gold_loss":0,"cards_upgraded":["Hologram"]},{"damage_healed":0,"gold_gain":0,"player_choice":"Entered Light","damage_taken":23,"max_hp_gain":0,"max_hp_loss":0,"event_name":"Shining Light","floor":11,"gold_loss":0,"cards_upgraded":["Dualcast","Ball Lightning"]},{"damage_healed":0,"gold_gain":0,"player_choice":"Lose Max HP","damage_taken":0,"relics_obtained":["Golden Idol"],"max_hp_gain":0,"max_hp_loss":7,"event_name":"Golden Idol","floor":13,"gold_loss":0},{"damage_healed":0,"gold_gain":0,"player_choice":"Obtained Relic","damage_taken":0,"relics_obtained":["Gremlin Horn"],"max_hp_gain":0,"max_hp_loss":0,"event_name":"Addict","floor":19,"gold_loss":85},{"damage_healed":0,"gold_gain":0,"player_choice":"Fought Bandits","damage_taken":0,"max_hp_gain":0,"max_hp_loss":0,"event_name":"Masked Bandits","floor":20,"gold_loss":0},{"damage_healed":0,"gold_gain":0,"player_choice":"Became a Ghost","damage_taken":0,"max_hp_gain":0,"max_hp_loss":36,"event_name":"Ghosts","floor":21,"gold_loss":0,"cards_obtained":["Ghostly","Ghostly","Ghostly"]},{"damage_healed":0,"gold_gain":0,"player_choice":"Fight","damage_taken":0,"max_hp_gain":0,"max_hp_loss":0,"event_name":"Colosseum","floor":27,"gold_loss":0},{"damage_healed":0,"gold_gain":0,"player_choice":"Fought Nobs","damage_taken":0,"max_hp_gain":0,"max_hp_loss":0,"event_name":"Colosseum","floor":27,"gold_loss":0}],"is_beta":false,"boss_relics":[{"not_picked":["Orrery","Black Star"],"picked":"Busted Crown"}],"items_purged_floors":[],"is_endless":false,"potions_floor_spawned":[1,4,10,25,27],"killed_by":"Book of Stabbing","ascension_level":20}