{"gold_per_floor":[17,30,30,49,67,67,102,120,120,145,145,11,11,11,11,86,86,102,112,54,54,64,64,89,89,113,113,131,148,31,64,64,141,141,152,168,0,0,12,12,12,12,36,36,36,36,36,53,53,53,53,53,53,25,25],"floor_reached":55,"playtime":3382,"items_purged":[],"score":1876,"play_id":"6cc11c3f-a987-426f-af45-325b63783c81","local_time":"20190429111530","is_ascension_mode":true,"campfire_choices":[{"data":"Bouncing Flask","floor":6.0,"key":"SMITH"},{"data":"Tactician","floor":11,"key":"SMITH"},{"floor":13,"key":"REST"},{"data":"After Image","floor":15,"key":"SMITH"},{"floor":23,"key":"REST"},{"data":"Neutralize","floor":25,"key":"SMITH"},{"floor":27,"key":"REST"},{"floor":32,"key":"REST"},{"floor":40,"key":"RECALL"},{"data":"Noxious Fumes","floor":41,"key":"SMITH"},{"data":"Mind Blast","floor":44,"key":"SMITH"},{"data":"Survivor","floor":46,"key":"SMITH"},{"floor":49,"key":"REST"},{"floor":53,"key":"REST"}],"neow_cost":"NO_GOLD","seed_source_timestamp":577690276776606,"circlet_count":0,"master_deck":["AscendersBane","Defend_G+1","Defend_G","Defend_G","Defend_G","Defend_G","Strike_G","Strike_G","Strike_G","Strike_G","Survivor+1","Neutralize+1","Tactician+1","Crippling Poison+1","Bouncing Flask+1","After Image+1","Cloak And Dagger+1","Prepared+1","Reflex+1","Blade Dance+1","Burst+1","Expertise+1","Escape Plan+1","Deadly Poison+1","Dagger Throw","PiercingWail+1","Dagger Throw","Backflip+1","Blur+1","Noxious Fumes+1","Choke+1","Doppelganger+1","Dagger Throw+1","Leg Sweep+1","Mind Blast+1","Apotheosis+1","Swift Strike","Writhe","Tactician+1","Parasite","Catalyst+1","Deflect+1"],"special_seed":0,"relics":["Ring of the Snake","Unceasing Top","Toxic Egg 2","Pocketwatch","Mango","Philosopher\u0027s Stone","Enchiridion","Dead Branch","Strawberry","WingedGreaves","Runic Dome","Red Mask"],"potions_floor_usage":[8,10,16,16,24,24,51],"damage_taken":[{"damage":1.0,"enemies":"Cultist","floor":1.0,"turns":6.0},{"damage":1.0,"enemies":"2 Louse","floor":2.0,"turns":3.0},{"damage":1.0,"enemies":"Jaw Worm","floor":4.0,"turns":4.0},{"damage":5.0,"enemies":"Blue Slaver","floor":5.0,"turns":5.0},{"damage":46.0,"enemies":"Gremlin Nob","floor":7.0,"turns":5.0},{"damage":0,"enemies":"3 Louse","floor":8,"turns":1},{"damage":9,"enemies":"3 Sentries","floor":10,"turns":7},{"damage":9,"enemies":"The Guardian","floor":16,"turns":11},{"damage":15,"enemies":"2 Thieves","floor":18,"turns":4},{"damage":14,"enemies":"Shell Parasite","floor":19,"turns":4},{"damage":4,"enemies":"Snake Plant","floor":22,"turns":5},{"damage":6,"enemies":"Book of Stabbing","floor":24,"turns":4},{"damage":8,"enemies":"Chosen and Byrds","floor":28,"turns":6},{"damage":11,"enemies":"Shelled Parasite and Fungi","floor":29,"turns":4},{"damage":21,"enemies":"Slavers","floor":31,"turns":4},{"damage":10,"enemies":"Champ","floor":33,"turns":13},{"damage":0,"enemies":"Orb Walker","floor":35,"turns":3},{"damage":5,"enemies":"3 Darklings","floor":36,"turns":2},{"damage":0,"enemies":"Spire Growth","floor":39,"turns":6},{"damage":1,"enemies":"Writhing Mass","floor":48,"turns":4},{"damage":17,"enemies":"Donu and Deca","floor":50,"turns":7},{"damage":20,"enemies":"Time Eater","floor":51,"turns":4},{"damage":100,"enemies":"Shield and Spear","floor":55,"turns":3}],"seed_played":"-8920084193033508698","potions_obtained":[{"floor":1.0,"key":"Swift Potion"},{"floor":3.0,"key":"Fruit Juice"},{"floor":3.0,"key":"Explosive Potion"},{"floor":8,"key":"Fire Potion"},{"floor":16,"key":"FearPotion"},{"floor":19,"key":"SteroidPotion"},{"floor":24,"key":"EssenceOfSteel"},{"floor":33,"key":"FearPotion"},{"floor":39,"key":"LiquidBronze"}],"is_trial":false,"path_per_floor":["M","M","?","M","M","R","E","M","T","E","R","$","R","?","R","B",null,"M","M","$","?","M","R","E","R","T","R","M","M","$","E","R","B",null,"M","M","?","$","M","R","R","?","T","R","?","R","?","M","R","B","B",null,"R","$","E"],"character_chosen":"THE_SILENT","items_purchased":["Blade Dance+1","Swift Potion","FearPotion","Deadly Poison+1","Blur+1","Noxious Fumes","Deflect+1"],"campfire_rested":6,"item_purchase_floors":[12,12,12,20,30,30,54],"current_hp_per_floor":[58,57,62,61,56,56,10,10,10,15,15,15,40,14,14,5,65,50,36,36,15,11,36,30,30,37,64,56,45,45,24,51,41,79,79,74,74,74,74,74,74,64,64,64,82,82,82,81,92,75,55,83,92,92,0],"gold":25,"neow_bonus":"ONE_RARE_RELIC","is_prod":false,"is_daily":false,"chose_seed":false,"campfire_upgraded":7,"win_rate":0,"timestamp":1556550930,"path_taken":["M","M","?","?","M","R","E","M","T","E","R","$","R","?","R","BOSS","M","M","$","?","M","R","E","R","T","R","M","M","$","E","R","BOSS","M","M","?","$","M","R","R","?","T","R","?","R","?","?","R","BOSS","BOSS","R","$","E"],"build_version":"2019-01-23","purchased_purges":0,"victory":false,"max_hp_per_floor":[66,66,71,71,71,71,71,71,71,85,85,85,85,85,85,85,85,85,85,85,85,85,85,85,85,92,92,92,92,92,92,92,92,92,92,92,92,92,92,92,92,92,92,92,92,92,92,92,92,92,92,92,92,92,92],"card_choices":[{"not_picked":["Bane","Prepared"],"picked":"Tactician","floor":1.0},{"not_picked":["PiercingWail","Bouncing Flask"],"picked":"Crippling Poison","floor":2.0},{"not_picked":["Leg Sweep","Underhanded Strike"],"picked":"Bouncing Flask","floor":4.0},{"not_picked":["Deflect","Blade Dance"],"picked":"After Image","floor":5.0},{"not_picked":["Finisher","Calculated Gamble"],"picked":"Cloak And Dagger","floor":7.0},{"not_picked":["Acrobatics+1","Sucker Punch"],"picked":"Prepared+1","floor":8},{"not_picked":["Quick Slash","Eviscerate"],"picked":"Reflex+1","floor":10},{"not_picked":["A Thousand Cuts","Phantasmal Killer+1"],"picked":"Burst+1","floor":16},{"not_picked":["Sucker Punch","Acrobatics+1"],"picked":"Expertise+1","floor":18},{"not_picked":["Dagger Throw","Cloak And Dagger+1"],"picked":"Escape Plan+1","floor":19},{"not_picked":["Bouncing Flask+1","Dagger Spray"],"picked":"Dagger Throw","floor":22},{"not_picked":["Glass Knife","Footwork"],"picked":"PiercingWail+1","floor":24},{"not_picked":["Flying Knee","Finisher"],"picked":"Dagger Throw","floor":28},{"not_picked":["Outmaneuver+1","Poisoned Stab"],"picked":"Backflip+1","floor":29},{"not_picked":["Bullet Time+1","Accuracy"],"picked":"Choke+1","floor":31},{"not_picked":["Unload","Bullet Time+1"],"picked":"Doppelganger+1","floor":33},{"not_picked":["Slice+1","Sucker Punch"],"picked":"Dagger Throw+1","floor":35},{"not_picked":["Endless Agony","Dash"],"picked":"Leg Sweep+1","floor":36},{"not_picked":["Dash","Dagger Spray","Bane"],"picked":"SKIP","floor":39},{"not_picked":["HandOfGreed","Impatience+1"],"picked":"Mind Blast","floor":42},{"not_picked":["The Bomb+1","Dramatic Entrance"],"picked":"Apotheosis+1","floor":42},{"not_picked":["Jack Of All Trades+1","Flash of Steel"],"picked":"Swift Strike","floor":42},{"not_picked":["Prepared+1","Tactician+1"],"picked":"Catalyst+1","floor":48}],"player_experience":2097976,"relics_obtained":[{"floor":7.0,"key":"Toxic Egg 2"},{"floor":9,"key":"Pocketwatch"},{"floor":10,"key":"Mango"},{"floor":21,"key":"Enchiridion"},{"floor":24,"key":"Dead Branch"},{"floor":26,"key":"Strawberry"},{"floor":31,"key":"WingedGreaves"}],"event_choices":[{"damage_healed":0.0,"max_hp_gain":0.0,"max_hp_loss":0.0,"gold_gain":0.0,"event_name":"Lab","player_choice":"Got Potions","floor":3.0,"gold_loss":0.0,"damage_taken":0.0},{"damage_healed":0,"gold_gain":0,"player_choice":"Entered Light","damage_taken":26,"max_hp_gain":0,"max_hp_loss":0,"event_name":"Shining Light","floor":14,"gold_loss":0,"cards_upgraded":["Crippling Poison","Defend_G"]},{"damage_healed":0,"gold_gain":0,"player_choice":"Obtained Book","damage_taken":21,"max_hp_gain":0,"max_hp_loss":0,"event_name":"Cursed Tome","floor":21,"gold_loss":0},{"damage_healed":0,"gold_gain":0,"player_choice":"Paid","damage_taken":0,"relics_obtained":["Red Mask"],"max_hp_gain":0,"max_hp_loss":0,"event_name":"Tomb of Lord Red Mask","floor":37,"gold_loss":168},{"damage_healed":0,"gold_gain":0,"player_choice":"Memory 3","damage_taken":10,"max_hp_gain":0,"max_hp_loss":0,"event_name":"SensoryStone","floor":42,"gold_loss":0},{"damage_healed":18,"gold_gain":0,"player_choice":"Writhe","damage_taken":0,"max_hp_gain":0,"max_hp_loss":0,"event_name":"Winding Halls","floor":45,"gold_loss":0,"cards_obtained":["Writhe"]},{"damage_healed":0,"gold_gain":0,"cards_transformed":["Strike_G"],"player_choice":"Transformed","damage_taken":0,"max_hp_gain":0,"max_hp_loss":0,"event_name":"Transmorgrifier","floor":47,"gold_loss":0,"cards_obtained":["Tactician"]}],"is_beta":false,"boss_relics":[{"not_picked":["Empty Cage","Tiny House"],"picked":"Philosopher\u0027s Stone"},{"not_picked":["White Beast Statue","Snecko Eye"],"picked":"Runic Dome"}],"items_purged_floors":[],"is_endless":false,"potions_floor_spawned":[1,8,16,19,22,24,33,39],"killed_by":"Shield and Spear","ascension_level":20}