{"gold_per_floor":[111,36,36,7,7,7,38,38,38,73,96,109,109,134,134,230,230,245,245,263,2,40,71,71,71],"floor_reached":25,"playtime":900,"items_purged":[],"score":554,"play_id":"86360c4f-68eb-4221-9920-6f573eb0399c","local_time":"20190405155223","is_ascension_mode":true,"campfire_choices":[{"data":"Havoc","floor":6,"key":"SMITH"},{"data":"Carnage","floor":8,"key":"SMITH"},{"data":"Armaments","floor":13,"key":"SMITH"},{"data":"Combust","floor":15,"key":"SMITH"},{"data":"Juggernaut","floor":24,"key":"SMITH"}],"neow_cost":"NONE","seed_source_timestamp":365542120469090,"circlet_count":0,"master_deck":["AscendersBane","Strike_R","Strike_R","Strike_R","Strike_R","Defend_R","Defend_R","Defend_R","Defend_R","Bash+1","Battle Trance","Havoc+1","Carnage+1","Juggernaut+1","Armaments+1","Shockwave","Combust+1","Impervious","Spot Weakness","Ghostly","Ghostly","Ghostly","Blood for Blood+1","Feel No Pain"],"relics":["Burning Blood","NeowsBlessing","Golden Idol","Lantern","Ornamental Fan","Boot","Mark of Pain","Strange Spoon","Red Mask","Gambling Chip"],"potions_floor_usage":[12,22],"damage_taken":[{"damage":0,"enemies":"Small Slimes","floor":1,"turns":1},{"damage":0,"enemies":"Gremlin Nob","floor":7,"turns":1},{"damage":0,"enemies":"3 Sentries","floor":10,"turns":2},{"damage":2,"enemies":"Jaw Worm","floor":11,"turns":2},{"damage":0,"enemies":"2 Louse","floor":12,"turns":2},{"damage":4,"enemies":"Large Slime","floor":14,"turns":3},{"damage":38,"enemies":"Slime Boss","floor":16,"turns":9},{"damage":35,"enemies":"Shell Parasite","floor":18,"turns":6},{"damage":5,"enemies":"2 Thieves","floor":20,"turns":4},{"damage":5,"enemies":"Masked Bandits","floor":22,"turns":5},{"damage":6,"enemies":"Slavers","floor":23,"turns":4},{"damage":38,"enemies":"Gremlin Leader","floor":25,"turns":4}],"seed_played":"-2326120259446131591","potions_obtained":[{"floor":11,"key":"Explosive Potion"},{"floor":14,"key":"FairyPotion"},{"floor":20,"key":"EssenceOfSteel"},{"floor":22,"key":"Weak Potion"},{"floor":23,"key":"SpeedPotion"}],"is_trial":false,"path_per_floor":["M","?","?","$","?","R","E","R","T","E","M","M","R","M","R","B",null,"M","?","M","$","?","E","R","E"],"character_chosen":"IRONCLAD","items_purchased":["Havoc","Feel No Pain","Strange Spoon"],"campfire_rested":0,"item_purchase_floors":[4,21,21],"current_hp_per_floor":[74,74,74,74,48,48,54,54,54,60,64,70,70,72,72,40,66,37,37,37,37,37,37,37,0],"gold":71,"neow_bonus":"THREE_ENEMY_KILL","is_prod":false,"is_daily":false,"chose_seed":false,"campfire_upgraded":5,"win_rate":0,"timestamp":1554493943,"path_taken":["M","?","?","?","?","R","E","R","T","E","M","M","R","M","R","BOSS","M","?","M","$","?","E","R","E"],"build_version":"2019-01-23","purchased_purges":0,"victory":false,"max_hp_per_floor":[75,75,75,75,75,75,75,75,75,75,75,75,75,75,75,75,75,75,37,37,37,37,37,37,37],"card_choices":[{"not_picked":["Anger","Warcry"],"picked":"Battle Trance","floor":1},{"not_picked":["Warcry","Sword Boomerang"],"picked":"Carnage","floor":7},{"not_picked":["Clash","Havoc"],"picked":"Juggernaut","floor":10},{"not_picked":["Seeing Red","Flex"],"picked":"Armaments","floor":11},{"not_picked":["Headbutt","Shrug It Off"],"picked":"Shockwave","floor":12},{"not_picked":["Blood for Blood","Armaments"],"picked":"Combust","floor":14},{"not_picked":["Barricade","Reaper"],"picked":"Impervious","floor":16},{"not_picked":["Sword Boomerang","Entrench"],"picked":"Spot Weakness","floor":18},{"not_picked":["Cleave","Anger+1"],"picked":"Blood for Blood+1","floor":20},{"not_picked":["Pommel Strike","Warcry","Anger"],"picked":"SKIP","floor":23}],"player_experience":1624596,"relics_obtained":[{"floor":7,"key":"Lantern"},{"floor":9,"key":"Ornamental Fan"},{"floor":10,"key":"Boot"},{"floor":22,"key":"Red Mask"},{"floor":23,"key":"Gambling Chip"}],"event_choices":[{"cards_removed":["Strike_R"],"damage_healed":0,"gold_gain":0,"player_choice":"Card Removal","damage_taken":0,"max_hp_gain":0,"max_hp_loss":0,"event_name":"The Cleric","floor":2,"gold_loss":75},{"damage_healed":0,"gold_gain":0,"player_choice":"Grow","damage_taken":0,"max_hp_gain":0,"max_hp_loss":0,"event_name":"Living Wall","floor":3,"gold_loss":0,"cards_upgraded":["Bash"]},{"damage_healed":0,"gold_gain":0,"player_choice":"Take Damage","damage_taken":26,"relics_obtained":["Golden Idol"],"max_hp_gain":0,"max_hp_loss":0,"event_name":"Golden Idol","floor":5,"gold_loss":0},{"damage_healed":0,"gold_gain":0,"player_choice":"Became a Ghost","damage_taken":0,"max_hp_gain":0,"max_hp_loss":38,"event_name":"Ghosts","floor":19,"gold_loss":0,"cards_obtained":["Ghostly","Ghostly","Ghostly"]},{"damage_healed":0,"gold_gain":0,"player_choice":"Fought Bandits","damage_taken":0,"max_hp_gain":0,"max_hp_loss":0,"event_name":"Masked Bandits","floor":22,"gold_loss":0}],"is_beta":false,"boss_relics":[{"not_picked":["White Beast Statue","Ectoplasm"],"picked":"Mark of Pain"}],"items_purged_floors":[],"is_endless":false,"potions_floor_spawned":[11,14,20,22,23],"killed_by":"Gremlin Leader","ascension_level":20}