{"gold_per_floor":[113,129,204,204,215,215,250,250,296,296,314,81,81,96,96,169,169,179,159,172,183,183],"floor_reached":22,"playtime":1242,"items_purged":["Normality"],"score":397,"play_id":"49e32567-1de6-4259-892f-fbdea6864652","local_time":"20190401121315","is_ascension_mode":true,"campfire_choices":[{"data":"Zap","floor":6.0,"key":"SMITH"},{"floor":8.0,"key":"REST"},{"data":"Coolheaded","floor":10.0,"key":"SMITH"},{"data":"Dualcast","floor":13.0,"key":"SMITH"},{"data":"Defragment","floor":15.0,"key":"SMITH"}],"neow_cost":"CURSE","seed_source_timestamp":0,"circlet_count":0,"master_deck":["AscendersBane","Strike_B","Strike_B","Strike_B","Strike_B","Defend_B","Defend_B","Defend_B","Defend_B","Zap+1","Dualcast+1","White Noise+1","Coolheaded+1","Ball Lightning","Core Surge","Defragment+1","Seek","Hologram","Capacitor"],"special_seed":0,"relics":["Cracked Core","PreservedInsect","Strawberry","DataDisk","Philosopher\u0027s Stone"],"potions_floor_usage":[20,20],"damage_taken":[{"damage":9.0,"enemies":"2 Louse","floor":1.0,"turns":3.0},{"damage":9.0,"enemies":"Small Slimes","floor":2.0,"turns":4.0},{"damage":0.0,"enemies":"Cultist","floor":5.0,"turns":4.0},{"damage":19.0,"enemies":"3 Sentries","floor":7.0,"turns":5.0},{"damage":0.0,"enemies":"Exordium Wildlife","floor":11.0,"turns":3.0},{"damage":0.0,"enemies":"2 Fungi Beasts","floor":14.0,"turns":1.0},{"damage":23.0,"enemies":"Hexaghost","floor":16.0,"turns":8.0},{"damage":7.0,"enemies":"Spheric Guardian","floor":18.0,"turns":3.0},{"damage":12,"enemies":"2 Thieves","floor":20,"turns":2},{"damage":55,"enemies":"Shelled Parasite and Fungi","floor":21,"turns":4},{"damage":18,"enemies":"Snecko","floor":22,"turns":3}],"seed_played":"-2934885717208405395","potions_obtained":[{"floor":1.0,"key":"EssenceOfSteel"},{"floor":2.0,"key":"EssenceOfSteel"},{"floor":5.0,"key":"PowerPotion"},{"floor":11.0,"key":"Fire Potion"},{"floor":19.0,"key":"Explosive Potion"}],"is_trial":false,"path_per_floor":["M","M","?","?","M","R","E","R","T","R","M","$","R","M","R","B",null,"M","?","M","M","M"],"character_chosen":"DEFECT","items_purchased":["DataDisk"],"campfire_rested":1,"item_purchase_floors":[12],"current_hp_per_floor":[69,60,49,49,49,49,30,55,62,62,62,62,62,62,62,39,79,72,72,60,5,0],"gold":183,"neow_bonus":"TWENTY_PERCENT_HP_BONUS","is_prod":false,"is_daily":false,"chose_seed":false,"campfire_upgraded":4,"win_rate":0,"timestamp":1554135195,"path_taken":["M","M","?","?","M","R","E","R","T","R","M","$","R","M","R","BOSS","M","?","M","M","?"],"build_version":"2019-01-23","purchased_purges":1,"victory":false,"max_hp_per_floor":[85,85,85,85,85,85,85,85,92,92,92,92,92,92,92,92,92,92,92,92,92,92],"card_choices":[{"not_picked":["Compile Driver","Lockon"],"picked":"White Noise","floor":1.0},{"not_picked":["Sweeping Beam","Compile Driver"],"picked":"Coolheaded","floor":2.0},{"not_picked":["Go for the Eyes","Leap"],"picked":"Ball Lightning","floor":5.0},{"not_picked":["Consume","Compile Driver"],"picked":"Core Surge","floor":7.0},{"not_picked":["Redo","Rebound","Storm"],"picked":"SKIP","floor":11.0},{"not_picked":["Heatsinks","Auto Shields"],"picked":"Defragment","floor":14.0},{"not_picked":["All For One","Fission"],"picked":"Seek","floor":16.0},{"not_picked":["Skim","Turbo","Ball Lightning"],"picked":"SKIP","floor":18.0},{"not_picked":["Sunder","Go for the Eyes"],"picked":"Hologram","floor":20},{"not_picked":["Cold Snap","Heatsinks"],"picked":"Capacitor","floor":21}],"player_experience":1523047,"relics_obtained":[{"floor":7.0,"key":"PreservedInsect"},{"floor":9.0,"key":"Strawberry"}],"event_choices":[{"damage_healed":0.0,"max_hp_gain":0.0,"max_hp_loss":0.0,"gold_gain":75.0,"event_name":"World of Goop","player_choice":"Gather Gold","floor":3.0,"gold_loss":0.0,"damage_taken":11.0},{"damage_healed":0.0,"max_hp_gain":0.0,"max_hp_loss":0.0,"gold_gain":0.0,"event_name":"Living Wall","player_choice":"Grow","floor":4.0,"gold_loss":0.0,"damage_taken":0.0,"cards_upgraded":["White Noise"]},{"damage_healed":0.0,"max_hp_gain":0.0,"max_hp_loss":0.0,"gold_gain":0.0,"event_name":"The Woman in Blue","player_choice":"Bought 1 Potion","floor":19.0,"gold_loss":0.0,"damage_taken":0.0}],"is_beta":false,"boss_relics":[{"not_picked":["Lizard Tail","Tiny House"],"picked":"Philosopher\u0027s Stone"}],"items_purged_floors":[12],"is_endless":false,"potions_floor_spawned":[1,2,5,11],"killed_by":"Snecko","ascension_level":20}