{"path_per_floor":["M","?","?","$","?","E","R","M","T","?","$","M","E","M","R","B",null,"M","?","?","M","M","E","R","E","T","$","M","$","M","M","R"],"character_chosen":"IRONCLAD","items_purchased":["Vajra","Spot Weakness","Meat on the Bone","True Grit"],"gold_per_floor":[114,289,289,29,29,63,63,73,99,69,69,80,115,130,130,231,231,241,156,156,176,196,225,225,252,275,36,53,7,22,34,34],"floor_reached":33,"campfire_rested":0,"playtime":1906,"current_hp_per_floor":[62,62,46,46,46,30,30,37,37,37,37,41,44,80,80,57,74,61,61,45,43,48,41,41,29,29,29,37,37,56,67,67],"items_purged":["Doubt"],"gold":34,"score":428,"play_id":"63d7e561-2939-483f-928a-cac62883777a","local_time":"20180314205927","is_prod":false,"is_daily":false,"is_ascension_mode":true,"campfire_upgraded":4,"timestamp":1521075567,"path_taken":["M","?","?","$","?","E","R","?","T","?","?","?","E","M","R","BOSS","M","?","?","?","M","E","R","E","T","$","M","$","M","M","R","BOSS"],"build_version":"2018-03-09","purchased_purges":1,"victory":false,"master_deck":["Strike_R","Strike_R+1","Defend_R","Defend_R","Defend_R+1","Bash","Intimidate","Spot Weakness","Jack Of All Trades","Reaper+1","Shrug It Off","Headbutt","Ghostly Armor","Rampage+1","Dark Embrace+1","Rampage+1","Pummel+1","Bludgeon+1","Pommel Strike+1","Corruption+1","True Grit+1","Whirlwind+1","True Grit+1"],"max_hp_per_floor":[80,80,80,80,80,80,80,80,80,80,80,80,80,80,80,80,80,80,80,80,80,80,80,80,80,80,80,80,80,80,80,80],"relics":["Burning Blood","Vajra","Shuriken","Orichalcum","Torii","Astrolabe","Lantern","Enchiridion","Blue Candle","Bronze Scales","Oddly Smooth Stone","Meat on the Bone"],"card_choices":[{"not_picked":["Seeing Red","Feel No Pain"],"picked":"Intimidate"},{"not_picked":["Disarm","Searing Blow"],"picked":"Reaper"},{"not_picked":["Havoc","Second Wind"],"picked":"Shrug It Off"},{"not_picked":["Sentinel","Armaments"],"picked":"Headbutt"},{"not_picked":["Warcry","Wild Strike"],"picked":"Ghostly Armor"},{"not_picked":["Fire Breathing","Warcry"],"picked":"Rampage"},{"not_picked":["Barricade","Juggernaut"],"picked":"Dark Embrace"},{"not_picked":["Burning Pact","Headbutt"],"picked":"Pommel Strike"},{"not_picked":["Havoc","Heavy Blade"],"picked":"Corruption"},{"not_picked":["Burning Pact","Armaments"],"picked":"Whirlwind"},{"not_picked":["Body Slam","Sword Boomerang"],"picked":"True Grit"}],"player_experience":499511,"potions_floor_usage":[12,13,14,16,16,22,28,33],"damage_taken":[{"damage":16,"enemies":"Small Slimes","floor":1,"turns":4},{"damage":22,"enemies":"Lagavulin","floor":6,"turns":6},{"damage":0,"enemies":"2 Louse","floor":8,"turns":3},{"damage":2,"enemies":"Jaw Worm","floor":12,"turns":2},{"damage":3,"enemies":"Gremlin Nob","floor":13,"turns":3},{"damage":4,"enemies":"Gremlin Gang","floor":14,"turns":4},{"damage":29,"enemies":"Slime Boss","floor":16,"turns":7},{"damage":32,"enemies":"2 Thieves","floor":18,"turns":4},{"damage":8,"enemies":"Shell Parasite","floor":21,"turns":5},{"damage":12,"enemies":"Cultist and Chosen","floor":22,"turns":5},{"damage":31,"enemies":"Slavers","floor":23,"turns":6},{"damage":18,"enemies":"Book of Stabbing","floor":25,"turns":5},{"damage":10,"enemies":"3 Cultists","floor":28,"turns":5},{"damage":9,"enemies":"Centurion and Healer","floor":30,"turns":5},{"damage":1,"enemies":"Snake Plant","floor":31,"turns":4},{"damage":93,"enemies":"Collector","floor":33,"turns":11}],"event_choices":[{"event_name":"Liars Game","player_choice":"agreed","floor":2,"damage_taken":0},{"event_name":"Shining Light","player_choice":"Entered Light","floor":3,"damage_taken":0},{"event_name":"Match and Keep!","player_choice":"1 cards matched","floor":5,"damage_taken":0},{"event_name":"The Woman in Blue","player_choice":"Bought 2 Potions","floor":10,"damage_taken":0},{"event_name":"Addict","player_choice":"Obtained Relic","floor":19,"damage_taken":0},{"event_name":"Cursed Tome","player_choice":"Obtained Book","floor":20,"damage_taken":0}],"boss_relics":[{"not_picked":["Lizard Tail","Sozu"],"picked":"Astrolabe"}],"potions_floor_spawned":[6,12,13,18,25,28],"seed_played":"-8761516687375907340","killed_by":"Collector","ascension_level":9,"is_trial":false}