{"gold_per_floor":[209,209,107,107,22,22,35,46,72,101,101,116,126,153,153,256,256,266,266,266,285,297,297,212,212,212,239,254,254,254,69,69,172,222,239,239,339,356,369,369,387,417,444,461,475,500,500,500,500,500,500,500,28,61,61],"floor_reached":55,"playtime":4666,"items_purged":["Strike_G","Pain","Decay"],"score":1158,"play_id":"45491533-c3c6-457e-a382-7daf5523b098","local_time":"20190510115126","is_ascension_mode":true,"campfire_choices":[{"data":"Neutralize","floor":6.0,"key":"SMITH"},{"floor":11.0,"key":"REST"},{"floor":15.0,"key":"REST"},{"data":"Caltrops","floor":23.0,"key":"SMITH"},{"floor":25.0,"key":"REST"},{"data":"Envenom","floor":30.0,"key":"SMITH"},{"floor":32.0,"key":"REST"},{"data":"A Thousand Cuts","floor":40,"key":"SMITH"},{"floor":47,"key":"RECALL"},{"floor":49,"key":"DIG"},{"floor":52,"key":"DIG"}],"neow_cost":"NONE","seed_source_timestamp":0,"circlet_count":0,"master_deck":["AscendersBane","Defend_G","Defend_G","Defend_G","Defend_G+1","Defend_G","Strike_G","Strike_G+1","Strike_G","Survivor","Neutralize+1","Flying Knee","Flying Knee","Caltrops+1","PiercingWail","Dagger Throw","Quick Slash","PiercingWail+1","Backflip","PiercingWail","Backflip","Envenom+1","Backflip","RitualDagger","Quick Slash+1","Blur+1","Footwork","Cloak And Dagger","Ghostly","Ghostly","Ghostly","Ghostly","Ghostly","Caltrops","Doppelganger","PiercingWail","A Thousand Cuts+1","Sadistic Nature","Secret Weapon","Expertise+1","PiercingWail+1","Backflip+1","Deflect","Escape Plan+1","Infinite Blades+1","Ghostly"],"special_seed":0,"relics":["Ring of the Snake","Bag of Preparation","Blood Vial","Mercury Hourglass","Cursed Key","Darkstone Periapt","Kunai","Paper Crane","Tiny House","Shovel","Mummified Hand","Bottled Tornado","Letter Opener","Gremlin Horn","DollysMirror","Happy Flower","The Specimen"],"potions_floor_usage":[39,50,50,55],"damage_taken":[{"damage":12.0,"enemies":"Small Slimes","floor":1.0,"turns":5.0},{"damage":0.0,"enemies":"Jaw Worm","floor":7.0,"turns":4.0},{"damage":0.0,"enemies":"Cultist","floor":8.0,"turns":3.0},{"damage":16.0,"enemies":"3 Sentries","floor":10.0,"turns":10.0},{"damage":3.0,"enemies":"Looter","floor":12.0,"turns":3.0},{"damage":0.0,"enemies":"Large Slime","floor":13.0,"turns":5.0},{"damage":17.0,"enemies":"Lagavulin","floor":14.0,"turns":8.0},{"damage":37.0,"enemies":"The Guardian","floor":16.0,"turns":13.0},{"damage":0.0,"enemies":"3 Byrds","floor":18.0,"turns":2.0},{"damage":0.0,"enemies":"Chosen","floor":21.0,"turns":4.0},{"damage":3.0,"enemies":"Centurion and Healer","floor":22.0,"turns":5.0},{"damage":36.0,"enemies":"Slavers","floor":27.0,"turns":6.0},{"damage":11.0,"enemies":"Shelled Parasite and Fungi","floor":28.0,"turns":6.0},{"damage":4.0,"enemies":"Automaton","floor":33.0,"turns":14.0},{"damage":0,"enemies":"3 Shapes","floor":35,"turns":7},{"damage":0,"enemies":"Mind Bloom Boss Battle","floor":37,"turns":9},{"damage":2,"enemies":"3 Darklings","floor":38,"turns":6},{"damage":10,"enemies":"Jaw Worm Horde","floor":39,"turns":7},{"damage":0,"enemies":"Transient","floor":41,"turns":5},{"damage":20,"enemies":"Nemesis","floor":42,"turns":13},{"damage":4,"enemies":"3 Darklings","floor":44,"turns":5},{"damage":0,"enemies":"4 Shapes","floor":45,"turns":6},{"damage":1,"enemies":"Reptomancer","floor":46,"turns":9},{"damage":11,"enemies":"Time Eater","floor":50,"turns":13},{"damage":4,"enemies":"Shield and Spear","floor":54,"turns":6},{"damage":65,"enemies":"The Heart","floor":55,"turns":11}],"seed_played":"2669588785112606175","potions_obtained":[{"floor":7.0,"key":"Strength Potion"},{"floor":8.0,"key":"GhostInAJar"},{"floor":10.0,"key":"SteroidPotion"},{"floor":14.0,"key":"SneckoOil"},{"floor":18.0,"key":"FearPotion"},{"floor":34.0,"key":"Fruit Juice"},{"floor":35,"key":"FearPotion"},{"floor":44,"key":"SkillPotion"},{"floor":45,"key":"Weak Potion"}],"is_trial":false,"path_per_floor":["M","?","$","?","$","R","M","M","T","E","R","M","M","E","R","B",null,"M","?","?","M","M","R","?","R","T","E","M","?","R","$","R","B",null,"M","?","?","M","M","R","M","E","T","M","M","E","R","?","R","B",null,"R","$","E","B"],"character_chosen":"THE_SILENT","items_purchased":["Flying Knee","Caltrops","PiercingWail","Caltrops","Block Potion","DollysMirror","Happy Flower"],"campfire_rested":4,"item_purchase_floors":[3,5,5,31,31,53,53],"current_hp_per_floor":[51,37,37,30,30,30,30,30,30,14,35,34,36,21,42,7,54,56,50,37,39,38,38,38,60,66,32,23,23,23,23,35,33,48,50,45,47,47,39,39,41,23,29,27,29,30,30,30,30,21,47,47,47,45,0],"gold":61,"neow_bonus":"HUNDRED_GOLD","is_prod":false,"is_daily":false,"chose_seed":false,"campfire_upgraded":4,"win_rate":0,"timestamp":1557485486,"path_taken":["M","?","$","?","?","R","M","M","T","E","R","?","M","E","R","BOSS","M","?","?","M","M","R","?","R","T","E","M","?","R","$","R","BOSS","M","?","?","M","M","R","M","E","T","M","M","E","R","?","R","BOSS","R","$","E","BOSS"],"build_version":"2019-01-23","purchased_purges":3,"victory":false,"max_hp_per_floor":[70,70,70,70,70,70,70,70,70,70,70,70,70,70,70,70,70,70,70,75,75,75,75,75,75,81,81,81,40,40,40,40,40,50,50,50,50,50,50,50,50,50,56,56,56,56,56,56,56,56,56,56,56,56,56],"card_choices":[{"not_picked":["Deadly Poison","Predator"],"picked":"Flying Knee","floor":1.0},{"not_picked":["Flying Knee","Acrobatics"],"picked":"Dagger Throw","floor":7.0},{"not_picked":["Deadly Poison","Skewer"],"picked":"Quick Slash","floor":8.0},{"not_picked":["Dagger Throw","Tactician"],"picked":"PiercingWail","floor":10.0},{"not_picked":["Cloak And Dagger","Finisher"],"picked":"Backflip","floor":12.0},{"not_picked":["Cloak And Dagger","Flying Knee"],"picked":"PiercingWail","floor":13.0},{"not_picked":["Dagger Throw","Sucker Punch"],"picked":"Backflip","floor":14.0},{"not_picked":["Storm of Steel","Wraith Form v2"],"picked":"Envenom","floor":16.0},{"not_picked":["Bane+1","Dodge and Roll"],"picked":"Backflip","floor":18.0},{"not_picked":["Bane","Backstab"],"picked":"Quick Slash+1","floor":21.0},{"not_picked":["Slice","Acrobatics+1"],"picked":"Blur+1","floor":22.0},{"not_picked":["Dagger Throw+1","Catalyst+1"],"picked":"Footwork","floor":27.0},{"not_picked":["Sucker Punch+1","Outmaneuver+1"],"picked":"Cloak And Dagger","floor":28.0},{"not_picked":["Venomology","Phantasmal Killer"],"picked":"Doppelganger","floor":33.0},{"not_picked":["Quick Slash","Terror"],"picked":"PiercingWail","floor":34.0},{"not_picked":["Dodge and Roll","Blur"],"picked":"A Thousand Cuts","floor":35},{"not_picked":["Metamorphosis","Bandage Up"],"picked":"Sadistic Nature","floor":36},{"not_picked":["Deep Breath","Metamorphosis"],"picked":"Secret Weapon","floor":36},{"not_picked":["Footwork","Masterful Stab+1"],"picked":"Expertise+1","floor":37},{"not_picked":["All Out Attack","Masterful Stab+1","Dodge and Roll"],"picked":"SKIP","floor":38},{"not_picked":["Reflex","Distraction"],"picked":"PiercingWail+1","floor":39},{"not_picked":["Underhanded Strike+1","Poisoned Stab","Sucker Punch+1"],"picked":"SKIP","floor":41},{"not_picked":["Tools of the Trade","Underhanded Strike+1"],"picked":"Backflip+1","floor":42},{"not_picked":["Dagger Spray","All Out Attack+1"],"picked":"Deflect","floor":44},{"not_picked":["Deflect+1","Quick Slash"],"picked":"Escape Plan+1","floor":45},{"not_picked":["Phantasmal Killer","Predator+1"],"picked":"Infinite Blades+1","floor":46},{"not_picked":["Eviscerate+1","Bane","Prepared"],"picked":"SKIP","floor":54}],"player_experience":348269,"relics_obtained":[{"floor":9.0,"key":"Bag of Preparation"},{"floor":10.0,"key":"Blood Vial"},{"floor":14.0,"key":"Mercury Hourglass"},{"floor":26.0,"key":"Kunai"},{"floor":27.0,"key":"Paper Crane"},{"floor":37,"key":"Shovel"},{"floor":42,"key":"Mummified Hand"},{"floor":46,"key":"Bottled Tornado"},{"floor":49,"key":"Letter Opener"},{"floor":52,"key":"Gremlin Horn"},{"floor":54,"key":"The Specimen"}],"event_choices":[{"damage_healed":0.0,"max_hp_gain":0.0,"max_hp_loss":0.0,"gold_gain":0.0,"event_name":"Shining Light","player_choice":"Entered Light","floor":2.0,"gold_loss":0.0,"damage_taken":14.0,"cards_upgraded":["Defend_G","Strike_G"]},{"cards_removed":["Strike_G"],"damage_healed":0.0,"max_hp_gain":0.0,"max_hp_loss":0.0,"gold_gain":0.0,"event_name":"Golden Wing","player_choice":"Card Removal","floor":4.0,"gold_loss":0.0,"damage_taken":7.0},{"damage_healed":0.0,"max_hp_gain":0.0,"max_hp_loss":0.0,"gold_gain":0.0,"event_name":"Nest","player_choice":"Joined the Cult","floor":19.0,"gold_loss":0.0,"damage_taken":6.0,"cards_obtained":["RitualDagger"]},{"damage_healed":0.0,"max_hp_gain":5.0,"max_hp_loss":0.0,"gold_gain":0.0,"event_name":"Forgotten Altar","player_choice":"Shed Blood","floor":20.0,"gold_loss":0.0,"damage_taken":18.0},{"damage_healed":0.0,"max_hp_gain":0.0,"max_hp_loss":0.0,"gold_gain":0.0,"event_name":"Addict","player_choice":"Obtained Relic","floor":24.0,"gold_loss":85.0,"damage_taken":0.0,"relics_obtained":["Darkstone Periapt"]},{"damage_healed":0.0,"max_hp_gain":0.0,"max_hp_loss":41.0,"gold_gain":0.0,"event_name":"Ghosts","player_choice":"Became a Ghost","floor":29.0,"gold_loss":0.0,"damage_taken":0.0,"cards_obtained":["Ghostly","Ghostly","Ghostly","Ghostly","Ghostly"]},{"damage_healed":0,"gold_gain":0,"player_choice":"Memory 2","damage_taken":5,"max_hp_gain":0,"max_hp_loss":0,"event_name":"SensoryStone","floor":36,"gold_loss":0},{"damage_healed":0,"gold_gain":0,"player_choice":"Fight","damage_taken":0,"max_hp_gain":0,"max_hp_loss":0,"event_name":"MindBloom","floor":37,"gold_loss":0},{"damage_healed":0,"gold_gain":0,"player_choice":"Ignored","damage_taken":0,"max_hp_gain":0,"max_hp_loss":0,"event_name":"Tomb of Lord Red Mask","floor":48,"gold_loss":0}],"is_beta":false,"boss_relics":[{"not_picked":["Ring of the Serpent","Ectoplasm"],"picked":"Cursed Key"},{"not_picked":["White Beast Statue","Snecko Eye"],"picked":"Tiny House"}],"items_purged_floors":[3,31,53],"is_endless":false,"potions_floor_spawned":[7,8,10,13,14,18,35,44,45],"killed_by":"The Heart","ascension_level":10}