{"gold_per_floor":[111,131,23,23,38,38,58,71,96,96,51,51,76,1,1,1],"floor_reached":16,"playtime":422,"items_purged":["Strike_B"],"score":184,"play_id":"1559b16c-327c-41e5-9f8c-f5faba29f1a4","local_time":"20190510121937","is_ascension_mode":true,"campfire_choices":[{"data":"Barrage","floor":6,"key":"SMITH"},{"data":"Static Discharge","floor":10,"key":"SMITH"},{"data":"Lockon","floor":15,"key":"SMITH"}],"neow_cost":"NONE","seed_source_timestamp":1535066467856835,"circlet_count":0,"master_deck":["AscendersBane","Strike_B","Strike_B","Strike_B","Defend_B","Defend_B","Defend_B","Defend_B","Zap+1","Dualcast","Ball Lightning","Lockon+1","Cold Snap","Ball Lightning","Barrage+1","Auto Shields","Static Discharge+1","BootSequence","Conserve Battery"],"relics":["Cracked Core","Golden Idol","Art of War"],"potions_floor_usage":[16],"damage_taken":[{"damage":4,"enemies":"Jaw Worm","floor":1,"turns":4},{"damage":1,"enemies":"Small Slimes","floor":2,"turns":2},{"damage":10,"enemies":"2 Louse","floor":5,"turns":2},{"damage":10,"enemies":"Exordium Wildlife","floor":7,"turns":2},{"damage":11,"enemies":"Blue Slaver","floor":8,"turns":3},{"damage":16,"enemies":"3 Louse","floor":13,"turns":3},{"damage":19,"enemies":"Slime Boss","floor":16,"turns":5}],"seed_played":"2346418492686243748","potions_obtained":[{"floor":1,"key":"GamblersBrew"},{"floor":13,"key":"Block Potion"}],"is_trial":false,"path_per_floor":["M","M","$","?","M","R","M","M","T","R","$","?","M","$","R","B"],"character_chosen":"DEFECT","items_purchased":["Ball Lightning","Strength Potion","BootSequence"],"campfire_rested":0,"item_purchase_floors":[3,3,11],"current_hp_per_floor":[60,59,59,59,49,49,39,28,28,28,28,28,12,12,12,0],"gold":1,"neow_bonus":"THREE_CARDS","is_prod":false,"is_daily":false,"chose_seed":false,"campfire_upgraded":3,"win_rate":0,"timestamp":1557505177,"path_taken":["M","M","$","?","M","R","M","M","T","R","?","?","M","$","R","BOSS"],"build_version":"2019-01-23","purchased_purges":1,"victory":false,"max_hp_per_floor":[71,71,71,64,64,64,64,64,64,64,64,64,64,64,64,64],"card_choices":[{"not_picked":["Go for the Eyes","Cold Snap"],"picked":"Ball Lightning","floor":0},{"not_picked":["Capacitor","Rebound"],"picked":"Lockon","floor":1},{"not_picked":["Coolheaded","Beam Cell"],"picked":"Cold Snap","floor":2},{"not_picked":["Force Field","Compile Driver"],"picked":"Barrage","floor":5},{"not_picked":["Sweeping Beam","Auto Shields","Gash"],"picked":"SKIP","floor":7},{"not_picked":["Sweeping Beam","Gash"],"picked":"Auto Shields","floor":7},{"not_picked":["Blizzard","Redo"],"picked":"Static Discharge","floor":8},{"not_picked":["BootSequence","Leap"],"picked":"Conserve Battery","floor":13}],"player_experience":2553525,"relics_obtained":[{"floor":9,"key":"Art of War"}],"event_choices":[{"damage_healed":0,"gold_gain":0,"player_choice":"Lose Max HP","damage_taken":0,"relics_obtained":["Golden Idol"],"max_hp_gain":0,"max_hp_loss":7,"event_name":"Golden Idol","floor":4,"gold_loss":0},{"damage_healed":0,"gold_gain":0,"player_choice":"Grow","damage_taken":0,"max_hp_gain":0,"max_hp_loss":0,"event_name":"Living Wall","floor":12,"gold_loss":0,"cards_upgraded":["Zap"]}],"is_beta":false,"boss_relics":[],"items_purged_floors":[14],"is_endless":false,"potions_floor_spawned":[1,8,13],"killed_by":"Slime Boss","ascension_level":20}