{"gold_per_floor":[118,118,28,43,43,75,105,138,187,213,230,66,78,112,124,136],"floor_reached":16,"playtime":605,"items_purged":["Strike_R"],"score":306,"play_id":"2d581eac-61e5-4eda-8486-acbe31c1c5df","local_time":"20190425005259","is_ascension_mode":true,"campfire_choices":[{"floor":15,"key":"REST"}],"neow_cost":"NONE","seed_source_timestamp":197538934924687,"circlet_count":0,"master_deck":["AscendersBane","Strike_R","Strike_R","Strike_R","Strike_R","Defend_R","Defend_R","Defend_R","Defend_R","Bash","Sword Boomerang","Pommel Strike","Combust","Clothesline","Whirlwind","Inflame","Battle Trance","Pummel"],"relics":["Burning Blood","NeowsBlessing","Anchor","Tiny Chest","Darkstone Periapt","Pocketwatch","MawBank"],"potions_floor_usage":[8,13,14,14],"damage_taken":[{"damage":0,"enemies":"Small Slimes","floor":1,"turns":1},{"damage":0,"enemies":"Cultist","floor":4,"turns":1},{"damage":0,"enemies":"Gremlin Nob","floor":6,"turns":1},{"damage":29,"enemies":"Lagavulin","floor":8,"turns":7},{"damage":32,"enemies":"Gremlin Nob","floor":10,"turns":4},{"damage":2,"enemies":"Jaw Worm","floor":11,"turns":2},{"damage":13,"enemies":"Large Slime","floor":13,"turns":5},{"damage":13,"enemies":"Lagavulin","floor":14,"turns":6},{"damage":42,"enemies":"The Guardian","floor":16,"turns":13}],"seed_played":"2029367596687737075","potions_obtained":[{"floor":1,"key":"EssenceOfSteel"},{"floor":8,"key":"Regen Potion"},{"floor":10,"key":"Weak Potion"},{"floor":13,"key":"Block Potion"},{"floor":14,"key":"Ancient Potion"}],"is_trial":false,"path_per_floor":["M","?","$","M","?","E","?","E","T","E","M","$","M","E","R","B"],"character_chosen":"IRONCLAD","items_purchased":["Combust","Clothesline","Pummel"],"campfire_rested":1,"item_purchase_floors":[3,3,12],"current_hp_per_floor":[74,74,74,75,80,80,62,39,39,13,17,17,25,18,42,0],"gold":136,"neow_bonus":"THREE_ENEMY_KILL","is_prod":false,"is_daily":false,"chose_seed":false,"campfire_upgraded":0,"win_rate":0,"timestamp":1556167979,"path_taken":["M","?","$","?","?","E","?","E","T","E","M","?","M","E","R","BOSS"],"build_version":"2019-01-23","purchased_purges":1,"victory":false,"max_hp_per_floor":[75,75,75,75,80,80,80,80,80,80,80,80,80,80,80,80],"card_choices":[{"not_picked":["Rage","Sword Boomerang","Clash"],"picked":"SKIP","floor":1},{"not_picked":["Rage","Clash"],"picked":"Sword Boomerang","floor":1},{"not_picked":["Body Slam","Clash"],"picked":"Whirlwind","floor":4},{"not_picked":["Sword Boomerang","Feed"],"picked":"Inflame","floor":6},{"not_picked":["Carnage","Seeing Red","Headbutt"],"picked":"SKIP","floor":8},{"not_picked":["Havoc","Battle Trance","Ghostly Armor"],"picked":"SKIP","floor":10},{"not_picked":["Havoc","Ghostly Armor"],"picked":"Battle Trance","floor":10},{"not_picked":["Body Slam","Clash","Anger"],"picked":"SKIP","floor":11},{"not_picked":["Sword Boomerang","Clash","Entrench"],"picked":"SKIP","floor":13},{"not_picked":["Pommel Strike","Reckless Charge","Second Wind"],"picked":"SKIP","floor":14}],"player_experience":1930000,"relics_obtained":[{"floor":6,"key":"Anchor"},{"floor":8,"key":"Darkstone Periapt"},{"floor":10,"key":"Pocketwatch"},{"floor":14,"key":"MawBank"}],"event_choices":[{"damage_healed":0,"gold_gain":0,"player_choice":"1 cards matched","damage_taken":0,"max_hp_gain":0,"max_hp_loss":0,"event_name":"Match and Keep!","floor":2,"gold_loss":0,"cards_obtained":["Pommel Strike"]},{"damage_healed":0,"gold_gain":0,"player_choice":"Donut","damage_taken":0,"max_hp_gain":5,"max_hp_loss":0,"event_name":"Big Fish","floor":5,"gold_loss":0},{"damage_healed":0,"gold_gain":0,"player_choice":"Success","damage_taken":18,"relics_obtained":["Tiny Chest"],"max_hp_gain":0,"max_hp_loss":0,"event_name":"Scrap Ooze","floor":7,"gold_loss":0}],"is_beta":false,"boss_relics":[],"items_purged_floors":[12],"is_endless":false,"potions_floor_spawned":[1,8,10,13,14],"killed_by":"The Guardian","ascension_level":20}