{"gold_per_floor":[118,134,149,165,178,178,205,218,218,253,253,264,264,280,280,280],"floor_reached":16,"playtime":770,"items_purged":[],"score":226,"play_id":"d190d1c9-24a2-45d7-8c47-03131c266776","local_time":"20190315231413","is_ascension_mode":true,"campfire_choices":[{"data":"Armaments","floor":6,"key":"SMITH"},{"data":"Carnage","floor":11,"key":"SMITH"},{"data":"Armaments","floor":13,"key":"SMITH"},{"data":"Disarm","floor":15,"key":"SMITH"}],"neow_cost":"NONE","seed_source_timestamp":216025114219650,"circlet_count":0,"master_deck":["AscendersBane","Strike_R","Strike_R","Strike_R","Strike_R","Strike_R","Defend_R","Defend_R","Defend_R","Defend_R","Bash+1","Carnage+1","Armaments+1","Wild Strike","Rampage","Headbutt","Battle Trance","Pommel Strike","Spot Weakness","Armaments+1","Disarm+1"],"relics":["Burning Blood","Orichalcum","Juzu Bracelet","Molten Egg 2"],"potions_floor_usage":[5,5,7,10,16],"damage_taken":[{"damage":4,"enemies":"2 Louse","floor":1,"turns":4},{"damage":10,"enemies":"Small Slimes","floor":2,"turns":4},{"damage":2,"enemies":"Jaw Worm","floor":3,"turns":4},{"damage":8,"enemies":"Blue Slaver","floor":4,"turns":5},{"damage":9,"enemies":"Large Slime","floor":5,"turns":6},{"damage":20,"enemies":"Lagavulin","floor":7,"turns":4},{"damage":22,"enemies":"Exordium Wildlife","floor":8,"turns":6},{"damage":22,"enemies":"3 Sentries","floor":10,"turns":8},{"damage":6,"enemies":"Looter","floor":12,"turns":2},{"damage":10,"enemies":"Exordium Thugs","floor":14,"turns":3},{"damage":21,"enemies":"Slime Boss","floor":16,"turns":6}],"seed_played":"5047044035612331753","potions_obtained":[{"floor":2,"key":"SteroidPotion"},{"floor":4,"key":"SpeedPotion"},{"floor":5,"key":"Energy Potion"},{"floor":8,"key":"BloodPotion"},{"floor":14,"key":"BloodPotion"}],"is_trial":false,"path_per_floor":["M","M","M","M","M","R","E","M","T","E","R","M","R","M","R","B"],"character_chosen":"IRONCLAD","items_purchased":[],"campfire_rested":0,"item_purchase_floors":[],"current_hp_per_floor":[70,66,70,68,65,65,51,35,35,26,26,26,26,22,22,8],"gold":280,"neow_bonus":"UPGRADE_CARD","is_prod":false,"is_daily":false,"chose_seed":false,"campfire_upgraded":4,"win_rate":0,"timestamp":1552706053,"path_taken":["M","M","M","M","M","R","E","M","T","E","R","M","R","M","R","BOSS"],"build_version":"2019-01-23","purchased_purges":0,"victory":false,"max_hp_per_floor":[75,75,75,75,75,75,75,75,75,75,75,75,75,75,75,75],"card_choices":[{"not_picked":["Clash","Clothesline"],"picked":"Carnage","floor":1},{"not_picked":["Havoc","Heavy Blade"],"picked":"Armaments","floor":2},{"not_picked":["Intimidate","Flex"],"picked":"Wild Strike","floor":3},{"not_picked":["True Grit","Pommel Strike"],"picked":"Rampage","floor":4},{"not_picked":["Intimidate","Body Slam"],"picked":"Headbutt","floor":5},{"not_picked":["Double Tap","Heavy Blade"],"picked":"Battle Trance","floor":7},{"not_picked":["Havoc","Sword Boomerang"],"picked":"Pommel Strike","floor":8},{"not_picked":["Havoc","Warcry"],"picked":"Spot Weakness","floor":10},{"not_picked":["Thunderclap+1","Power Through"],"picked":"Armaments","floor":12},{"not_picked":["Ghostly Armor","Warcry"],"picked":"Disarm","floor":14}],"player_experience":1141403,"relics_obtained":[{"floor":7,"key":"Orichalcum"},{"floor":9,"key":"Juzu Bracelet"},{"floor":10,"key":"Molten Egg 2"}],"event_choices":[],"is_beta":false,"boss_relics":[],"items_purged_floors":[],"is_endless":false,"potions_floor_spawned":[2,4,5,8,14],"killed_by":"Slime Boss","ascension_level":19}