{"path_per_floor":["M","?","M","?","M","R","E","$","T","?","M","$","R","M","R","B",null,"M","$","?","M","?","M","?","T","T","R","E","?","R","M","R","B",null,"M","$","?","?","$","R","M","?","T","M","M","?","R","?","R"],"character_chosen":"IRONCLAD","items_purchased":["Red Skull","Flame Barrier","Strength Potion"],"gold_per_floor":[366,366,385,385,399,399,425,41,41,41,55,15,15,28,28,152,152,152,1,1,0,0,0,0,0,0,0,0,0,0,0,0,0,0,0,0,0,0,0,0,0,0,0,0,0,0,0,0,0],"floor_reached":50,"campfire_rested":1,"playtime":1421,"current_hp_per_floor":[67,51,53,58,58,58,25,25,25,25,29,29,29,35,35,18,64,64,64,64,70,70,62,62,62,62,62,22,22,22,28,28,10,60,63,63,63,63,63,63,61,61,61,40,35,25,47,47,47],"items_purged":["Injury","Parasite"],"gold":0,"score":709,"play_id":"ca05d8c5-cbae-4a41-82d9-2b475e3aac4a","local_time":"20180317124513","is_prod":false,"is_daily":false,"is_ascension_mode":true,"campfire_upgraded":5,"timestamp":1521305113,"path_taken":["M","?","M","?","M","R","E","?","T","?","?","$","R","M","R","BOSS","M","$","?","M","?","M","?","?","T","R","E","?","R","M","R","BOSS","M","$","?","?","$","R","M","?","T","M","?","?","R","?","R","BOSS"],"build_version":"2018-03-15v2","purchased_purges":3,"victory":false,"master_deck":["Strike_R","Strike_R","Strike_R+1","Strike_R","Strike_R","Defend_R","Defend_R","Defend_R","Defend_R+1","Bash","Inflame+1","Pommel Strike","Pummel+1","Whirlwind+1","Flame Barrier","Barricade+1","Double Tap+1","Shrug It Off","Perfected Strike+1","Uppercut","Heavy Blade+1","Metallicize+1","Whirlwind+1","Pommel Strike+1","Madness","Madness"],"max_hp_per_floor":[80,80,80,85,85,85,85,85,85,79,79,79,79,79,79,79,79,79,76,76,76,76,76,76,76,76,76,76,76,76,76,76,76,76,76,76,76,76,76,76,76,76,76,76,76,76,76,76,76],"relics":["Burning Blood","Red Skull","Girya","Golden Idol","Ectoplasm","Nloth\u0027s Gift","Du-Vu Doll","Ancient Tea Set","Vajra","Sozu","Happy Flower"],"card_choices":[{"not_picked":["Pommel Strike","Shrug It Off"],"picked":"Inflame"},{"not_picked":["Wild Strike","Warcry"],"picked":"Pommel Strike"},{"not_picked":["Sentinel","Hemokinesis"],"picked":"Pummel"},{"not_picked":["Spot Weakness","Bloodletting"],"picked":"Whirlwind"},{"not_picked":["Armaments","Clothesline"],"picked":"Barricade"},{"not_picked":["Exhume","Fiend Fire"],"picked":"Double Tap"},{"not_picked":["True Grit","Sword Boomerang"],"picked":"Shrug It Off"},{"not_picked":["Clash","Anger"],"picked":"Uppercut"},{"not_picked":["Headbutt","Perfected Strike"],"picked":"Heavy Blade"},{"not_picked":["Pummel","Disarm"],"picked":"Metallicize"},{"not_picked":["Rampage","Iron Wave"],"picked":"Pommel Strike"}],"player_experience":532240,"potions_floor_usage":[16,21,28,35,44],"damage_taken":[{"damage":11,"enemies":"Jaw Worm","floor":1,"turns":4},{"damage":4,"enemies":"Small Slimes","floor":3,"turns":4},{"damage":6,"enemies":"2 Louse","floor":5,"turns":3},{"damage":39,"enemies":"Gremlin Nob","floor":7,"turns":5},{"damage":2,"enemies":"Exordium Wildlife","floor":11,"turns":3},{"damage":0,"enemies":"Looter","floor":14,"turns":3},{"damage":23,"enemies":"The Guardian","floor":16,"turns":13},{"damage":6,"enemies":"Spheric Guardian","floor":18,"turns":3},{"damage":0,"enemies":"2 Thieves","floor":21,"turns":4},{"damage":14,"enemies":"Snecko","floor":23,"turns":5},{"damage":46,"enemies":"Book of Stabbing","floor":28,"turns":4},{"damage":0,"enemies":"Sentry and Sphere","floor":31,"turns":3},{"damage":24,"enemies":"Collector","floor":33,"turns":5},{"damage":3,"enemies":"3 Darklings","floor":35,"turns":4},{"damage":8,"enemies":"Orb Walker","floor":41,"turns":2},{"damage":27,"enemies":"Sphere and 2 Shapes","floor":44,"turns":3},{"damage":11,"enemies":"3 Darklings","floor":45,"turns":4},{"damage":56,"enemies":"Time Eater","floor":50,"turns":3}],"event_choices":[{"event_name":"Shining Light","player_choice":"Entered Light","floor":2,"damage_taken":0},{"event_name":"Big Fish","player_choice":"Donut","floor":4,"damage_taken":0},{"event_name":"Golden Idol","player_choice":"Lose Max HP","floor":10,"damage_taken":0},{"event_name":"Beggar","player_choice":"Ignored","floor":20,"damage_taken":0},{"event_name":"The Library","player_choice":"Read","floor":22,"damage_taken":0},{"event_name":"N\u0027loth","player_choice":"Traded a Anchor","floor":24,"damage_taken":0},{"event_name":"Drug Dealer","player_choice":"Ignored","floor":29,"damage_taken":0},{"event_name":"The Lab","player_choice":"Got Potions","floor":37,"damage_taken":0},{"event_name":"Upgrade Shrine","player_choice":"Upgraded","floor":38,"damage_taken":0},{"event_name":"Duplicator","player_choice":"One dupe","floor":42,"damage_taken":0},{"event_name":"Winding Halls","player_choice":"Embrace Madness","floor":46,"damage_taken":0},{"event_name":"Match and Keep!","player_choice":"0 cards matched","floor":48,"damage_taken":0}],"boss_relics":[{"not_picked":["Astrolabe","Black Star"],"picked":"Ectoplasm"},{"not_picked":["Snecko Eye","Eternal Feather"],"picked":"Sozu"}],"potions_floor_spawned":[5,16,31,33,35,41,45],"seed_played":"-4761246132017465309","killed_by":"Time Eater","ascension_level":10,"is_trial":false}