{"gold_per_floor":[116,134,147,158,169,169,198,198,198,232,232,252,252,252],"floor_reached":14,"playtime":533,"items_purged":[],"score":204,"play_id":"0c8e9c0a-380b-4328-af64-66fb0c678ac2","local_time":"20190316042634","is_ascension_mode":true,"campfire_choices":[{"data":"Perfected Strike","floor":6,"key":"SMITH"},{"data":"True Grit","floor":8,"key":"SMITH"},{"data":"Bash","floor":11,"key":"SMITH"}],"neow_cost":"NONE","seed_source_timestamp":235003213961118,"circlet_count":0,"master_deck":["AscendersBane","Strike_R","Strike_R","Strike_R","Strike_R","Strike_R","Defend_R","Defend_R","Defend_R","Defend_R","Bash+1","Pommel Strike","Anger","True Grit+1","Perfected Strike+1","Disarm","Ghostly Armor","Wild Strike","Carnage","Injury"],"relics":["Burning Blood","Frozen Egg 2","Question Card","Sundial","Golden Idol"],"potions_floor_usage":[7,7,12],"damage_taken":[{"damage":1,"enemies":"Small Slimes","floor":1,"turns":4},{"damage":8,"enemies":"2 Louse","floor":2,"turns":2},{"damage":1,"enemies":"Cultist","floor":3,"turns":3},{"damage":40,"enemies":"Exordium Thugs","floor":4,"turns":7},{"damage":14,"enemies":"Red Slaver","floor":5,"turns":2},{"damage":20,"enemies":"3 Sentries","floor":7,"turns":5},{"damage":18,"enemies":"Lagavulin","floor":10,"turns":6},{"damage":0,"enemies":"3 Louse","floor":12,"turns":2},{"damage":25,"enemies":"3 Sentries","floor":14,"turns":2}],"seed_played":"3270314843050692186","potions_obtained":[{"floor":3,"key":"Swift Potion"},{"floor":5,"key":"PowerPotion"},{"floor":10,"key":"Explosive Potion"}],"is_trial":false,"path_per_floor":["M","M","M","M","M","R","E","R","T","E","R","M","?","E"],"character_chosen":"IRONCLAD","items_purchased":[],"campfire_rested":0,"item_purchase_floors":[],"current_hp_per_floor":[80,78,82,48,40,40,26,26,26,14,14,20,20,0],"gold":252,"neow_bonus":"TEN_PERCENT_HP_BONUS","is_prod":false,"is_daily":false,"chose_seed":false,"campfire_upgraded":3,"win_rate":0,"timestamp":1552724794,"path_taken":["M","M","M","M","M","R","E","R","T","E","R","M","?","E"],"build_version":"2019-01-23","purchased_purges":0,"victory":false,"max_hp_per_floor":[82,82,82,82,82,82,82,82,82,82,82,82,82,82],"card_choices":[{"not_picked":["Reckless Charge","Twin Strike"],"picked":"Pommel Strike","floor":1},{"not_picked":["Battle Trance","Iron Wave"],"picked":"Anger","floor":2},{"not_picked":["Thunderclap","Twin Strike"],"picked":"True Grit","floor":3},{"not_picked":["Flex","Rampage"],"picked":"Perfected Strike","floor":4},{"not_picked":["Armaments","Hemokinesis"],"picked":"Disarm","floor":5},{"not_picked":["Sentinel","Warcry"],"picked":"Ghostly Armor","floor":7},{"not_picked":["Armaments","Fiend Fire","Headbutt"],"picked":"Wild Strike","floor":10},{"not_picked":["Iron Wave","Entrench","Spot Weakness"],"picked":"Carnage","floor":12}],"player_experience":1160000,"relics_obtained":[{"floor":7,"key":"Frozen Egg 2"},{"floor":9,"key":"Question Card"},{"floor":10,"key":"Sundial"}],"event_choices":[{"damage_healed":0,"gold_gain":0,"player_choice":"Take Wound","damage_taken":0,"relics_obtained":["Golden Idol"],"max_hp_gain":0,"max_hp_loss":0,"event_name":"Golden Idol","floor":13,"gold_loss":0,"cards_obtained":["Injury"]}],"is_beta":false,"boss_relics":[],"items_purged_floors":[],"is_endless":false,"potions_floor_spawned":[3,5,10],"killed_by":"3 Sentries","ascension_level":20}