{"path_per_floor":["M","?","M","M","$","R","M","?","T","E","R","M","R","M","R","B",null,"M","M","$","T"],"character_chosen":"DEFECT","items_purchased":["Loop","White Noise","Sunder"],"gold_per_floor":[119,69,79,99,31,31,49,49,49,82,82,93,93,109,109,210,210,225,241,121,204,204],"floor_reached":22,"campfire_rested":0,"playtime":800,"current_hp_per_floor":[62,62,61,59,59,59,57,57,57,53,53,40,40,29,29,20,56,25,23,23,23,0],"items_purged":[],"gold":204,"score":233,"play_id":"dc2f8c3b-fcbe-4100-b357-0c56212ba80b","local_time":"20180429104607","is_prod":false,"is_daily":false,"chose_seed":false,"is_ascension_mode":true,"campfire_upgraded":4,"timestamp":1525023967,"path_taken":["M","?","M","M","$","R","M","?","T","E","R","?","R","M","R","BOSS","M","M","$","?","?"],"build_version":"2018-04-27v3","seed_source_timestamp":321880739647494,"purchased_purges":0,"victory":false,"master_deck":["Strike_B","Strike_B","Strike_B","Defend_B","Defend_B","Defend_B","Defend_B","Zap+1","Gash","Leap","Cold Snap","Loop+1","Go for the Eyes","White Noise+1","FTL","Nova+1","Cold Snap","Thunder Strike","Static Discharge","Sweeping Beam","White Noise","Sunder"],"max_hp_per_floor":[68,68,68,68,68,68,68,68,68,68,68,68,68,68,68,68,68,68,68,68,68,68],"relics":["Cracked Core","Gambling Chip","Omamori","Matryoshka","Inserter","Anchor","Tiny Chest"],"card_choices":[{"not_picked":["FTL","Impulse"],"picked":"Gash","floor":1},{"not_picked":["Coolheaded","Capacitor"],"picked":"Leap","floor":3},{"not_picked":["Barrage","Loop"],"picked":"Cold Snap","floor":4},{"not_picked":["Hello World","Cold Snap"],"picked":"Go for the Eyes","floor":7},{"not_picked":["Stack","Impulse"],"picked":"FTL","floor":10},{"not_picked":["Leap","Gash"],"picked":"Nova","floor":12},{"not_picked":["Streamline","Axe Kick"],"picked":"Cold Snap","floor":14},{"not_picked":["Amplify","Seek"],"picked":"Thunder Strike","floor":16},{"not_picked":["Cold Snap","Barrage"],"picked":"Static Discharge","floor":18},{"not_picked":["Double Energy","Beam Cell"],"picked":"Sweeping Beam","floor":19}],"player_experience":551804,"potions_floor_usage":[16,18],"damage_taken":[{"damage":6,"enemies":"Jaw Worm","floor":1,"turns":4},{"damage":1,"enemies":"2 Louse","floor":3,"turns":3},{"damage":2,"enemies":"Small Slimes","floor":4,"turns":3},{"damage":2,"enemies":"Red Slaver","floor":7,"turns":3},{"damage":4,"enemies":"3 Sentries","floor":10,"turns":9},{"damage":13,"enemies":"Lots of Slimes","floor":12,"turns":4},{"damage":11,"enemies":"Gremlin Gang","floor":14,"turns":4},{"damage":16,"enemies":"The Guardian","floor":16,"turns":12},{"damage":31,"enemies":"2 Thieves","floor":18,"turns":5},{"damage":2,"enemies":"Shell Parasite","floor":19,"turns":5},{"damage":23,"enemies":"Centurion and Healer","floor":22,"turns":5}],"event_choices":[{"event_name":"The Cleric","player_choice":"Card Removal","floor":2,"damage_taken":0},{"event_name":"Transmorgrifier","player_choice":"Transform","floor":8,"damage_taken":0}],"boss_relics":[{"not_picked":["Orrery","Pandora\u0027s Box"],"picked":"Inserter"}],"potions_floor_spawned":[1,7,12,14,18],"seed_played":"6666651050628423311","killed_by":"Centurion and Healer","ascension_level":5,"is_trial":false}