{"gold_per_floor":[116,23,23,43,61,61,91,91,91,91,110,110,146,12,12,107,107,132,173,118,118,133,171,171,206,206,46,46],"floor_reached":28,"playtime":1203,"items_purged":[],"score":524,"play_id":"56d9ae2f-ffaa-4201-8b61-39c810d1047c","local_time":"20190426184051","is_ascension_mode":true,"campfire_choices":[{"data":"Zap","floor":6,"key":"SMITH"},{"data":"Doom and Gloom","floor":8,"key":"SMITH"},{"data":"White Noise","floor":10,"key":"SMITH"},{"data":"Dualcast","floor":15,"key":"SMITH"},{"floor":24,"key":"REST"}],"neow_cost":"NONE","seed_source_timestamp":347410936761579,"circlet_count":0,"master_deck":["AscendersBane","Strike_B","Strike_B","Strike_B","Strike_B","Defend_B","Defend_B","Defend_B","Defend_B","Zap+1","Dualcast+1","White Noise+1","Melter","Doom and Gloom+1","Glacier","Rainbow","Ball Lightning","All For One","Storm","Leap+1","Core Surge"],"relics":["Cracked Core","Kunai","Golden Idol","Prayer Wheel","Busted Crown","Red Mask","Tiny Chest","Pen Nib","Bronze Scales","Meat on the Bone"],"potions_floor_usage":[7,11,13,16,19,23,25,28,28],"damage_taken":[{"damage":1,"enemies":"Cultist","floor":1,"turns":4},{"damage":2,"enemies":"2 Louse","floor":4,"turns":3},{"damage":10,"enemies":"Small Slimes","floor":5,"turns":3},{"damage":19,"enemies":"3 Sentries","floor":7,"turns":5},{"damage":6,"enemies":"Looter","floor":11,"turns":2},{"damage":17,"enemies":"Gremlin Nob","floor":13,"turns":4},{"damage":10,"enemies":"Hexaghost","floor":16,"turns":8},{"damage":0,"enemies":"Spheric Guardian","floor":18,"turns":1},{"damage":29,"enemies":"Masked Bandits","floor":19,"turns":3},{"damage":0,"enemies":"Chosen","floor":22,"turns":3},{"damage":83,"enemies":"Book of Stabbing","floor":23,"turns":7},{"damage":17,"enemies":"Slavers","floor":25,"turns":5},{"damage":37,"enemies":"Colosseum Slavers","floor":28,"turns":4},{"damage":29,"enemies":"Colosseum Nobs","floor":28,"turns":3}],"seed_played":"-7234928173831009950","potions_obtained":[{"floor":1,"key":"EssenceOfSteel"},{"floor":7,"key":"SpeedPotion"},{"floor":18,"key":"SkillPotion"},{"floor":19,"key":"Ancient Potion"}],"is_trial":false,"path_per_floor":["M","$","?","M","M","R","E","R","T","R","M","?","E","$","R","B",null,"M","?","?","?","M","E","R","E","T","$","?"],"character_chosen":"DEFECT","items_purchased":["Melter","Poison Potion","FocusPotion","Block Potion","Regen Potion","Regen Potion"],"campfire_rested":1,"item_purchase_floors":[2,2,14,14,27,27],"current_hp_per_floor":[70,70,75,73,63,63,44,44,44,44,38,38,21,21,21,11,59,59,30,30,85,85,2,27,10,10,10,0],"gold":46,"neow_bonus":"TEN_PERCENT_HP_BONUS","is_prod":false,"is_daily":false,"chose_seed":false,"campfire_upgraded":4,"win_rate":0,"timestamp":1556318451,"path_taken":["M","?","?","M","M","R","E","R","T","R","M","?","E","$","R","BOSS","M","?","?","?","?","E","R","E","T","$","?"],"build_version":"2019-01-23","purchased_purges":0,"victory":false,"max_hp_per_floor":[78,78,83,83,83,83,83,83,83,83,83,75,75,75,75,75,75,75,75,75,85,85,85,85,85,85,85,85],"card_choices":[{"not_picked":["Storm","Redo"],"picked":"White Noise","floor":1},{"not_picked":["Turbo","Hologram"],"picked":"Doom and Gloom","floor":4},{"not_picked":["Hologram","Aggregate"],"picked":"Glacier","floor":5},{"not_picked":["Rebound","Consume"],"picked":"Rainbow","floor":7},{"not_picked":["Chill","Gash"],"picked":"Ball Lightning","floor":11},{"not_picked":["Fusion","Skim"],"picked":"All For One","floor":13},{"not_picked":["Rainbow","Thunder Strike"],"picked":"Amplify","floor":16},{"not_picked":["Fusion"],"picked":"SKIP","floor":18},{"not_picked":["Turbo"],"picked":"SKIP","floor":18},{"not_picked":[],"picked":"Storm","floor":19},{"not_picked":[],"picked":"Leap+1","floor":22},{"not_picked":["Gash"],"picked":"SKIP","floor":22},{"not_picked":["Sunder"],"picked":"SKIP","floor":23},{"not_picked":[],"picked":"Core Surge","floor":25}],"player_experience":1964387,"relics_obtained":[{"floor":7,"key":"Kunai"},{"floor":13,"key":"Prayer Wheel"},{"floor":19,"key":"Red Mask"},{"floor":23,"key":"Pen Nib"},{"floor":25,"key":"Bronze Scales"},{"floor":26,"key":"Meat on the Bone"}],"event_choices":[{"damage_healed":0,"gold_gain":0,"player_choice":"Donut","damage_taken":0,"max_hp_gain":5,"max_hp_loss":0,"event_name":"Big Fish","floor":3,"gold_loss":0},{"damage_healed":0,"gold_gain":0,"player_choice":"Lose Max HP","damage_taken":0,"relics_obtained":["Golden Idol"],"max_hp_gain":0,"max_hp_loss":8,"event_name":"Golden Idol","floor":12,"gold_loss":0},{"damage_healed":0,"gold_gain":0,"player_choice":"Fought Bandits","damage_taken":0,"max_hp_gain":0,"max_hp_loss":0,"event_name":"Masked Bandits","floor":19,"gold_loss":0},{"damage_healed":0,"gold_gain":0,"player_choice":"Obtained Relic","damage_taken":0,"relics_obtained":["Tiny Chest"],"max_hp_gain":0,"max_hp_loss":0,"event_name":"Addict","floor":20,"gold_loss":85},{"cards_removed":["Amplify"],"damage_healed":45,"gold_gain":0,"player_choice":"Offered Rare","damage_taken":0,"max_hp_gain":10,"max_hp_loss":0,"event_name":"Bonfire Elementals","floor":21,"gold_loss":0},{"damage_healed":0,"gold_gain":0,"player_choice":"Fight","damage_taken":0,"max_hp_gain":0,"max_hp_loss":0,"event_name":"Colosseum","floor":28,"gold_loss":0},{"damage_healed":0,"gold_gain":0,"player_choice":"Fought Nobs","damage_taken":0,"max_hp_gain":0,"max_hp_loss":0,"event_name":"Colosseum","floor":28,"gold_loss":0}],"is_beta":false,"boss_relics":[{"not_picked":["Philosopher\u0027s Stone","Inserter"],"picked":"Busted Crown"}],"items_purged_floors":[],"is_endless":false,"potions_floor_spawned":[1,4,7,18,19],"killed_by":"Colosseum Nobs","ascension_level":20}