{"gold_per_floor":[16,16,16,16,34,34,64,64,90,100,100,111,111,111],"floor_reached":14,"playtime":968,"items_purged":[],"score":180,"play_id":"287bea2d-c7dd-4cec-a376-7af078165024","local_time":"20190509233559","is_ascension_mode":true,"campfire_choices":[{"data":"Demon Form","floor":6.0,"key":"SMITH"},{"data":"Uppercut","floor":8.0,"key":"SMITH"},{"data":"Perfected Strike","floor":11.0,"key":"SMITH"}],"neow_cost":"NO_GOLD","seed_source_timestamp":1488646536790109,"circlet_count":0,"master_deck":["AscendersBane","Strike_R","Strike_R","Strike_R","Defend_R","Defend_R","Defend_R","Defend_R","Bash","Demon Form+1","Twin Strike","Uppercut+1","Perfected Strike+1"],"special_seed":0,"relics":["Burning Blood","Lantern","Blood Vial"],"potions_floor_usage":[],"damage_taken":[{"damage":15.0,"enemies":"Small Slimes","floor":1.0,"turns":5.0},{"damage":2.0,"enemies":"Cultist","floor":5.0,"turns":4.0},{"damage":54.0,"enemies":"Gremlin Nob","floor":7.0,"turns":5.0},{"damage":7.0,"enemies":"2 Louse","floor":10.0,"turns":3.0},{"damage":20.0,"enemies":"Exordium Thugs","floor":12.0,"turns":4.0},{"damage":0.0,"enemies":"3 Louse","floor":13.0,"turns":1.0},{"damage":25,"enemies":"3 Sentries","floor":14,"turns":4}],"seed_played":"8937195318323445777","potions_obtained":[{"floor":1.0,"key":"FairyPotion"},{"floor":10.0,"key":"SmokeBomb"}],"is_trial":false,"path_per_floor":["M","?","?","$","M","R","E","R","T","M","R","M","M","E"],"character_chosen":"IRONCLAD","items_purchased":[],"campfire_rested":0,"item_purchase_floors":[],"current_hp_per_floor":[59,52,52,52,56,56,8,8,8,9,9,9,17,0],"gold":111,"neow_bonus":"THREE_RARE_CARDS","is_prod":false,"is_daily":false,"chose_seed":false,"campfire_upgraded":3,"win_rate":0,"timestamp":1557459359,"path_taken":["M","?","?","$","?","R","E","R","T","M","R","M","M","E"],"build_version":"2019-01-23","purchased_purges":0,"victory":false,"max_hp_per_floor":[75,75,75,75,75,75,75,75,75,75,75,75,75,75],"card_choices":[{"not_picked":["Berserk","Limit Break"],"picked":"Demon Form","floor":0.0},{"not_picked":["Sever Soul","Clash","Blood for Blood"],"picked":"SKIP","floor":1.0},{"not_picked":["Dual Wield","Havoc"],"picked":"Twin Strike","floor":5.0},{"not_picked":["Sword Boomerang","Pommel Strike"],"picked":"Uppercut","floor":7.0},{"not_picked":["Thunderclap","Headbutt"],"picked":"Perfected Strike","floor":10.0},{"not_picked":["Heavy Blade","Warcry","Havoc"],"picked":"SKIP","floor":12.0}],"player_experience":2530838,"relics_obtained":[{"floor":7.0,"key":"Lantern"},{"floor":9.0,"key":"Blood Vial"}],"event_choices":[{"cards_removed":["Strike_R"],"damage_healed":0.0,"max_hp_gain":0.0,"max_hp_loss":0.0,"gold_gain":0.0,"event_name":"Golden Wing","player_choice":"Card Removal","floor":2.0,"gold_loss":0.0,"damage_taken":7.0},{"cards_removed":["Strike_R"],"damage_healed":0.0,"max_hp_gain":0.0,"max_hp_loss":0.0,"gold_gain":0.0,"event_name":"Purifier","player_choice":"Purged","floor":3.0,"gold_loss":0.0,"damage_taken":0.0}],"is_beta":false,"boss_relics":[],"items_purged_floors":[],"is_endless":false,"potions_floor_spawned":[1,10,13],"killed_by":"3 Sentries","ascension_level":20}