{"gold_per_floor":[109,109,128,303,303,303,313,313,362,380,380,399,399,73,85,196,208,240,262,274,361,343,380,98,98,98,13,13,27,27,27,27,128,128,138,38,52,52,52,52],"floor_reached":41,"playtime":2169,"items_purged":["Doubt","Strike_R"],"score":883,"play_id":"c43d3030-c416-4355-b8fc-7c903b15e0f6","local_time":"20180906200032","is_ascension_mode":true,"campfire_choices":[{"data":"Inflame","floor":6,"key":"SMITH"},{"data":"Flame Barrier","floor":8,"key":"SMITH"},{"data":"Heavy Blade","floor":11,"key":"SMITH"},{"data":"Limit Break","floor":13,"key":"SMITH"},{"data":"Heavy Blade","floor":15,"key":"SMITH"},{"data":"Inflame","floor":25,"key":"SMITH"},{"data":"Offering","floor":28,"key":"SMITH"},{"data":"Uppercut","floor":30,"key":"SMITH"},{"data":"Defend_R","floor":32,"key":"SMITH"}],"neow_cost":"TEN_PERCENT_HP_LOSS","seed_source_timestamp":1231976117743,"circlet_count":0,"master_deck":["Strike_R","Strike_R","Strike_R","Defend_R","Defend_R","Defend_R+1","Bash","Heavy Blade+1","Whirlwind+1","Anger","Inflame+1","Flame Barrier+1","Heavy Blade+1","Limit Break+1","Bandage Up","Reaper","Thunderclap","Uppercut+1","Offering+1","Inflame+1","Offering","Shockwave"],"relics":["Burning Blood","Bag of Preparation","Juzu Bracelet","MawBank","Runic Dome","PreservedInsect","Orichalcum","Omamori","Bag of Marbles","Frozen Egg 2","Fusion Hammer"],"potions_floor_usage":[16,40,40,40],"damage_taken":[{"damage":8,"enemies":"2 Louse","floor":1,"turns":2},{"damage":1,"enemies":"Cultist","floor":3,"turns":3},{"damage":12,"enemies":"Jaw Worm","floor":7,"turns":2},{"damage":11,"enemies":"Blue Slaver","floor":10,"turns":4},{"damage":0,"enemies":"3 Louse","floor":12,"turns":1},{"damage":35,"enemies":"The Guardian","floor":16,"turns":7},{"damage":6,"enemies":"Spheric Guardian","floor":18,"turns":3},{"damage":17,"enemies":"Chosen","floor":19,"turns":4},{"damage":0,"enemies":"Gremlin Leader","floor":23,"turns":4},{"damage":6,"enemies":"Shelled Parasite and Fungi","floor":29,"turns":1},{"damage":29,"enemies":"Champ","floor":33,"turns":4},{"damage":13,"enemies":"3 Darklings","floor":35,"turns":2},{"damage":19,"enemies":"3 Shapes","floor":37,"turns":2},{"damage":35,"enemies":"Time Eater","floor":40,"turns":3}],"seed_played":"1694513967529974353","potions_obtained":[{"floor":12,"key":"Fire Potion"},{"floor":16,"key":"FearPotion"},{"floor":22,"key":"SteroidPotion"},{"floor":22,"key":"EntropicBrew"},{"floor":23,"key":"BloodPotion"}],"is_trial":false,"path_per_floor":["M","?","M","?","?","R","M","R","T","M","R","M","R","$","R","B",null,"M","M","?","?","?","E","$","R","T","?","R","M","R","?","R","B",null,"M","$","M","?","?","B"],"character_chosen":"IRONCLAD","items_purchased":["Bandage Up","MawBank","Ancient Potion","Orichalcum","Inflame"],"campfire_rested":0,"item_purchase_floors":[14,14,24,24,24],"current_hp_per_floor":[70,70,72,72,69,69,63,63,63,58,58,64,64,64,64,39,64,68,61,61,54,54,72,72,72,72,72,72,72,72,72,72,53,67,72,72,71,71,71,53],"gold":52,"neow_bonus":"TRANSFORM_TWO_CARDS","is_prod":false,"is_daily":false,"chose_seed":false,"campfire_upgraded":9,"win_rate":0,"timestamp":1536278432,"path_taken":["M","?","?","?","?","R","M","R","T","M","R","M","R","?","R","BOSS","M","M","?","?","?","E","$","R","T","?","R","M","R","?","R","BOSS","M","$","M","?","?","BOSS"],"build_version":"2018-09-06","purchased_purges":2,"victory":true,"max_hp_per_floor":[72,72,72,72,72,72,72,72,72,72,72,72,72,72,72,72,72,72,72,72,72,72,72,72,72,72,72,72,72,72,72,72,72,72,72,72,72,72,72,72],"card_choices":[{"not_picked":["Sword Boomerang","Bloodletting"],"picked":"Anger","floor":1},{"not_picked":["Whirlwind","Iron Wave"],"picked":"Inflame","floor":3},{"not_picked":["Sword Boomerang","Dual Wield"],"picked":"Flame Barrier","floor":7},{"not_picked":["Clash","Armaments"],"picked":"Heavy Blade","floor":10},{"not_picked":["Burning Pact","Pommel Strike"],"picked":"Limit Break","floor":12},{"not_picked":["Dark Embrace","Berserk"],"picked":"Reaper","floor":16},{"not_picked":["Perfected Strike","Searing Blow"],"picked":"Iron Wave+1","floor":18},{"not_picked":["True Grit","Iron Wave"],"picked":"Thunderclap","floor":19},{"not_picked":["Intimidate","Anger+1"],"picked":"Offering","floor":23},{"not_picked":["Cleave+1","Entrench+1","Flame Barrier+1"],"picked":"SKIP","floor":29},{"not_picked":["Impervious","Brutality+1"],"picked":"Offering","floor":33},{"not_picked":["Sword Boomerang","Heavy Blade"],"picked":"Shockwave","floor":35},{"not_picked":["Thunderclap+1","Clash","Iron Wave+1"],"picked":"SKIP","floor":37}],"player_experience":375598,"relics_obtained":[{"floor":9,"key":"Juzu Bracelet"},{"floor":23,"key":"PreservedInsect"},{"floor":26,"key":"Omamori"}],"event_choices":[{"event_name":"Upgrade Shrine","player_choice":"Upgraded","floor":2,"damage_taken":0},{"event_name":"Liars Game","player_choice":"agreed","floor":4,"damage_taken":0},{"event_name":"Scrap Ooze","player_choice":"success","floor":5,"damage_taken":3},{"event_name":"The Library","player_choice":"Read","floor":20,"damage_taken":0},{"event_name":"FaceTrader","player_choice":"Touch","floor":21,"damage_taken":0},{"event_name":"The Woman in Blue","player_choice":"Bought 2 Potions","floor":22,"damage_taken":0},{"event_name":"Addict","player_choice":"Obtained Relic","floor":27,"damage_taken":0},{"event_name":"The Mausoleum","player_choice":"Yes","floor":31,"damage_taken":0},{"event_name":"Falling","player_choice":"Removed Attack","floor":38,"damage_taken":0},{"event_name":"SecretPortal","player_choice":"Took Portal.","floor":39,"damage_taken":0}],"is_beta":false,"boss_relics":[{"not_picked":["Philosopher\u0027s Stone","Orrery"],"picked":"Runic Dome"},{"not_picked":["Pandora\u0027s Box","Snecko Eye"],"picked":"Fusion Hammer"}],"items_purged_floors":[14,36],"is_endless":false,"potions_floor_spawned":[12,16,23,29,37],"ascension_level":8}