{"gold_per_floor":[12,30,30,47,66,96,96,128,153,153,181,256,256,291,291,363,363,383,383,0,13,13,40,59,76,101,101,133,148,161,189,189,268,268,287,304,323,336,336,336,367,37,90,116,116,147,163,71,71,71,71,71,71,0,29,29],"floor_reached":57,"playtime":4489,"items_purged":["Strike_R","Injury"],"score":3035,"play_id":"9c6a5bbd-f037-480e-aeb8-64f67cfc78fc","local_time":"20190427163317","is_ascension_mode":true,"campfire_choices":[{"floor":7.0,"key":"REST"},{"data":"Uppercut","floor":10.0,"key":"SMITH"},{"data":"Bludgeon","floor":13.0,"key":"SMITH"},{"data":"Fiend Fire","floor":15.0,"key":"SMITH"},{"data":"True Grit","floor":27.0,"key":"SMITH"},{"data":"Feel No Pain","floor":32,"key":"SMITH"},{"data":"Demon Form","floor":40,"key":"SMITH"},{"floor":45,"key":"RECALL"},{"data":"Demon Form","floor":49,"key":"SMITH"},{"data":"True Grit","floor":53,"key":"SMITH"}],"neow_cost":"NO_GOLD","seed_source_timestamp":1129198472527676,"circlet_count":0,"master_deck":["AscendersBane","Strike_R","Defend_R","Defend_R","Defend_R+1","Defend_R","Bash","Combust","Wild Strike","Uppercut+1","Feel No Pain+1","Fiend Fire+1","Corruption","Bludgeon+1","Reaper","True Grit+1","Demon Form+1","Demon Form+1","Flame Barrier","Shrug It Off+1","Shrug It Off","Barricade+1","Havoc","Metallicize+1","Havoc","Exhume","Metallicize+1","Sword Boomerang","Seeing Red+1","Rage","Armaments+1","Body Slam+1","Juggernaut+1","True Grit+1","Feel No Pain+1","Battle Trance","Burning Pact"],"special_seed":0,"relics":["Burning Blood","Darkstone Periapt","Strawberry","Bag of Marbles","Bag of Preparation","Paper Frog","Coffee Dripper","Membership Card","Frozen Egg 2","Question Card","Blood Vial","Mango","FossilizedHelix","Cursed Key","Shuriken","Medical Kit","Pear","Pen Nib","War Paint","Meat on the Bone","Orichalcum"],"potions_floor_usage":[31,33,50,56,56],"damage_taken":[{"damage":16.0,"enemies":"Jaw Worm","floor":1.0,"turns":4.0},{"damage":13.0,"enemies":"Cultist","floor":2.0,"turns":4.0},{"damage":0.0,"enemies":"2 Louse","floor":4.0,"turns":3.0},{"damage":4.0,"enemies":"Looter","floor":5.0,"turns":4.0},{"damage":48.0,"enemies":"Lagavulin","floor":6.0,"turns":8.0},{"damage":17.0,"enemies":"Gremlin Nob","floor":8.0,"turns":4.0},{"damage":16.0,"enemies":"Lagavulin","floor":11.0,"turns":7.0},{"damage":0.0,"enemies":"Gremlin Nob","floor":14.0,"turns":2.0},{"damage":17.0,"enemies":"Slime Boss","floor":16.0,"turns":8.0},{"damage":10.0,"enemies":"3 Byrds","floor":18.0,"turns":4.0},{"damage":4.0,"enemies":"2 Thieves","floor":21.0,"turns":2.0},{"damage":46.0,"enemies":"Slavers","floor":23.0,"turns":6.0},{"damage":0.0,"enemies":"Snake Plant","floor":24.0,"turns":1.0},{"damage":0.0,"enemies":"Snecko","floor":25.0,"turns":2.0},{"damage":3.0,"enemies":"Book of Stabbing","floor":28.0,"turns":3.0},{"damage":10.0,"enemies":"3 Cultists","floor":29.0,"turns":4.0},{"damage":4.0,"enemies":"Sentry and Sphere","floor":30.0,"turns":5.0},{"damage":32,"enemies":"Slavers","floor":31,"turns":8},{"damage":75,"enemies":"Collector","floor":33,"turns":12},{"damage":0,"enemies":"3 Shapes","floor":35,"turns":9},{"damage":17,"enemies":"Orb Walker","floor":36,"turns":5},{"damage":7,"enemies":"Transient","floor":37,"turns":6},{"damage":0,"enemies":"Jaw Worm Horde","floor":38,"turns":5},{"damage":26,"enemies":"Giant Head","floor":41,"turns":8},{"damage":0,"enemies":"Nemesis","floor":44,"turns":9},{"damage":0,"enemies":"Giant Head","floor":46,"turns":6},{"damage":0,"enemies":"4 Shapes","floor":47,"turns":5},{"damage":4,"enemies":"Donu and Deca","floor":50,"turns":7},{"damage":32,"enemies":"Time Eater","floor":51,"turns":13},{"damage":57,"enemies":"Shield and Spear","floor":55,"turns":8},{"damage":168,"enemies":"The Heart","floor":56,"turns":11}],"seed_played":"8146863702621433173","potions_obtained":[{"floor":1.0,"key":"Ancient Potion"},{"floor":4.0,"key":"LiquidBronze"},{"floor":8.0,"key":"SpeedPotion"},{"floor":18.0,"key":"SteroidPotion"},{"floor":24.0,"key":"Energy Potion"},{"floor":25.0,"key":"PowerPotion"},{"floor":30.0,"key":"GamblersBrew"},{"floor":31,"key":"Weak Potion"},{"floor":36,"key":"LiquidBronze"},{"floor":37,"key":"PowerPotion"},{"floor":55,"key":"Dexterity Potion"}],"is_trial":false,"path_per_floor":["M","M","?","M","M","E","R","E","T","R","E","?","R","E","R","B",null,"M","?","$","M","?","E","M","M","T","R","E","M","M","E","R","B",null,"M","M","M","M","?","R","E","$","T","E","R","E","M","$","R","B","B",null,"R","$","E","B",null],"character_chosen":"IRONCLAD","items_purchased":["Membership Card","Frozen Egg 2","Medical Kit","Pear","Pen Nib","Feel No Pain+1","Battle Trance","Dexterity Potion"],"campfire_rested":1,"item_purchase_floors":[20,20,42,42,42,48,54,54],"current_hp_per_floor":[72,65,65,71,73,31,57,53,53,53,43,32,32,38,38,27,79,84,84,84,86,72,47,53,66,66,66,85,104,108,84,84,17,87,110,110,109,110,104,104,104,114,120,120,120,120,120,120,120,120,120,120,120,120,120,60],"gold":29,"neow_bonus":"TWENTY_PERCENT_HP_BONUS","is_prod":false,"is_daily":false,"chose_seed":false,"campfire_upgraded":8,"win_rate":0,"timestamp":1556407997,"path_taken":["M","M","?","M","?","E","R","E","T","R","E","?","R","E","R","BOSS","M","?","$","M","?","E","?","M","T","R","E","M","M","E","R","BOSS","M","?","M","M","?","R","E","$","T","E","R","E","M","$","R","BOSS","BOSS","R","$","E","BOSS"],"build_version":"2019-04-23","purchased_purges":2,"victory":true,"max_hp_per_floor":[89,89,89,89,89,89,89,96,96,96,96,96,96,96,96,96,96,96,96,96,96,96,96,96,96,96,96,110,110,110,110,110,110,110,110,110,110,110,104,104,104,114,120,120,120,120,120,120,120,120,120,120,120,120,120,120],"card_choices":[{"not_picked":["Shrug It Off","Bloodletting"],"picked":"Combust","floor":1.0},{"not_picked":["Warcry","Intimidate"],"picked":"Wild Strike","floor":2.0},{"not_picked":["True Grit","Flame Barrier"],"picked":"Uppercut","floor":4.0},{"not_picked":["Bloodletting","Pommel Strike"],"picked":"Feel No Pain","floor":5.0},{"not_picked":["Pommel Strike","Clash"],"picked":"Fiend Fire","floor":6.0},{"not_picked":["Anger","Clothesline"],"picked":"Corruption","floor":8.0},{"not_picked":["Dropkick","Clash"],"picked":"Bludgeon","floor":11.0},{"not_picked":["Anger","Headbutt","Corruption"],"picked":"SKIP","floor":14.0},{"not_picked":["Juggernaut","Immolate"],"picked":"Reaper","floor":16.0},{"not_picked":["Wild Strike","Perfected Strike"],"picked":"True Grit","floor":18.0},{"not_picked":["Heavy Blade","Cleave","Pommel Strike"],"picked":"SKIP","floor":21.0},{"not_picked":["Heavy Blade","Hemokinesis+1"],"picked":"Flame Barrier","floor":23.0},{"not_picked":["Iron Wave","Pummel","Clothesline"],"picked":"Shrug It Off","floor":24.0},{"not_picked":["Wild Strike","Perfected Strike","Seeing Red"],"picked":"Shrug It Off","floor":25.0},{"not_picked":["Flex","Warcry","Shrug It Off"],"picked":"Barricade+1","floor":28.0},{"not_picked":["Shrug It Off","Clash","Cleave"],"picked":"Havoc","floor":29.0},{"not_picked":["Hemokinesis","True Grit+1","Anger+1"],"picked":"Metallicize+1","floor":30.0},{"not_picked":["Cleave","Corruption+1","Pommel Strike"],"picked":"Havoc","floor":31},{"not_picked":["Feed","Immolate","Demon Form+1"],"picked":"Exhume","floor":33},{"not_picked":["Heavy Blade","Wild Strike","Perfected Strike"],"picked":"Metallicize+1","floor":35},{"not_picked":["Clothesline","Body Slam","Cleave"],"picked":"Sword Boomerang","floor":36},{"not_picked":["Second Wind","Heavy Blade","Flex"],"picked":"Seeing Red+1","floor":37},{"not_picked":["Uppercut+1","Thunderclap","Perfected Strike"],"picked":"Rage","floor":38},{"not_picked":["Iron Wave","Fiend Fire","Heavy Blade"],"picked":"Armaments+1","floor":41},{"not_picked":["Wild Strike","Anger","Armaments"],"picked":"Body Slam+1","floor":44},{"not_picked":["Dropkick","Clash","Intimidate"],"picked":"Juggernaut+1","floor":46},{"not_picked":["Headbutt","Flex","Rampage"],"picked":"True Grit","floor":47},{"not_picked":["Clash","Shrug It Off","Intimidate"],"picked":"Burning Pact","floor":55}],"player_experience":1487916,"relics_obtained":[{"floor":6.0,"key":"Darkstone Periapt"},{"floor":8.0,"key":"Strawberry"},{"floor":9.0,"key":"Bag of Marbles"},{"floor":11.0,"key":"Bag of Preparation"},{"floor":14.0,"key":"Paper Frog"},{"floor":23.0,"key":"Question Card"},{"floor":26.0,"key":"Blood Vial"},{"floor":28.0,"key":"Mango"},{"floor":31,"key":"FossilizedHelix"},{"floor":41,"key":"Shuriken"},{"floor":44,"key":"War Paint"},{"floor":46,"key":"Meat on the Bone"},{"floor":55,"key":"Orichalcum"}],"event_choices":[{"cards_removed":["Strike_R"],"damage_healed":0.0,"max_hp_gain":0.0,"max_hp_loss":0.0,"gold_gain":0.0,"event_name":"Bonfire Elementals","player_choice":"Offered Basic","floor":3.0,"gold_loss":0.0,"damage_taken":0.0},{"damage_healed":0.0,"max_hp_gain":0.0,"max_hp_loss":0.0,"gold_gain":75.0,"event_name":"World of Goop","player_choice":"Gather Gold","floor":12.0,"gold_loss":0.0,"damage_taken":11.0},{"damage_healed":0.0,"max_hp_gain":0.0,"max_hp_loss":0.0,"gold_gain":0.0,"cards_transformed":["Strike_R","Strike_R"],"event_name":"Drug Dealer","player_choice":"Became Test Subject","floor":19.0,"gold_loss":0.0,"damage_taken":0.0,"cards_obtained":["Demon Form","Demon Form"]},{"damage_healed":0.0,"max_hp_gain":0.0,"max_hp_loss":0.0,"gold_gain":0.0,"event_name":"Wheel of Change","player_choice":"Damaged","floor":22.0,"gold_loss":0.0,"damage_taken":14.0},{"damage_healed":0,"gold_gain":0,"player_choice":"Max HP","damage_taken":0,"max_hp_gain":0,"max_hp_loss":6,"event_name":"Winding Halls","floor":39,"gold_loss":0}],"is_beta":true,"boss_relics":[{"not_picked":["Empty Cage","Runic Cube"],"picked":"Coffee Dripper"},{"not_picked":["Fusion Hammer","Sozu"],"picked":"Cursed Key"}],"items_purged_floors":[20,48],"is_endless":false,"potions_floor_spawned":[1,4,8,14,18,24,25,30,31,36,37,44,55],"ascension_level":20}