{"gold_per_floor":[214,228,22,39,39,39,71,71,98,115,115,40,52,52,52,123,123,139,151,228,228],"floor_reached":21,"playtime":735,"items_purged":["Strike_B"],"score":358,"play_id":"9ac0eec5-3c7e-46bc-965e-3590275fea9b","local_time":"20190203162826","is_ascension_mode":true,"campfire_choices":[{"data":"Zap","floor":6,"key":"SMITH"},{"data":"Redo","floor":8,"key":"SMITH"},{"floor":11,"key":"REST"},{"data":"Biased Cognition","floor":15,"key":"SMITH"}],"neow_cost":"NONE","seed_source_timestamp":17693073492715,"circlet_count":0,"master_deck":["AscendersBane","Strike_B","Strike_B","Defend_B","Defend_B","Defend_B","Defend_B","Zap+1","Dualcast","Redo+1","Auto Shields","Biased Cognition+1","Conserve Battery","Recycle","Undo","Streamline","Electrodynamics","Core Surge","Coolheaded","All For One"],"relics":["Cracked Core","Bag of Marbles","Vajra","SsserpentHead","Inserter","PreservedInsect"],"potions_floor_usage":[16,19,21],"damage_taken":[{"damage":4,"enemies":"Jaw Worm","floor":1,"turns":3},{"damage":14,"enemies":"Small Slimes","floor":2,"turns":5},{"damage":1,"enemies":"Cultist","floor":4,"turns":3},{"damage":33,"enemies":"3 Sentries","floor":7,"turns":11},{"damage":18,"enemies":"Exordium Thugs","floor":10,"turns":6},{"damage":0,"enemies":"Large Slime","floor":13,"turns":4},{"damage":14,"enemies":"Hexaghost","floor":16,"turns":9},{"damage":22,"enemies":"2 Thieves","floor":18,"turns":2},{"damage":31,"enemies":"Shell Parasite","floor":19,"turns":5},{"damage":9,"enemies":"Snake Plant","floor":21,"turns":2}],"seed_played":"-4514691777562566005","potions_obtained":[{"floor":2,"key":"FearPotion"},{"floor":4,"key":"FearPotion"},{"floor":10,"key":"GamblersBrew"},{"floor":13,"key":"PowerPotion"},{"floor":18,"key":"Ancient Potion"},{"floor":19,"key":"Energy Potion"}],"is_trial":false,"path_per_floor":["M","M","$","M","?","R","E","R","T","M","R","?","M","?","R","B",null,"M","M","T","M"],"character_chosen":"DEFECT","items_purchased":["Biased Cognition","Conserve Battery"],"campfire_rested":1,"item_purchase_floors":[3,3],"current_hp_per_floor":[60,46,46,45,68,68,35,35,35,17,38,38,38,38,38,24,59,37,6,6,0],"gold":228,"neow_bonus":"HUNDRED_GOLD","is_prod":false,"is_daily":false,"chose_seed":false,"campfire_upgraded":3,"win_rate":0,"timestamp":1549236506,"path_taken":["M","M","$","M","?","R","E","R","T","M","R","?","M","?","R","BOSS","M","M","?","M"],"build_version":"2019-01-23","purchased_purges":1,"victory":false,"max_hp_per_floor":[71,71,71,71,71,71,71,71,71,71,71,71,71,71,71,71,71,71,71,71,71],"card_choices":[{"not_picked":["Beam Cell","Turbo"],"picked":"Redo","floor":1},{"not_picked":["Fusion","White Noise"],"picked":"Auto Shields","floor":2},{"not_picked":["Turbo","Rebound"],"picked":"Recycle","floor":4},{"not_picked":["Barrage","Recycle"],"picked":"Undo","floor":7},{"not_picked":["Go for the Eyes","Redo"],"picked":"Streamline","floor":10},{"not_picked":["Gash","Capacitor"],"picked":"Electrodynamics","floor":13},{"not_picked":["Hyperbeam","Creative AI"],"picked":"Core Surge","floor":16},{"not_picked":["Hello World","Gash"],"picked":"Coolheaded","floor":18},{"not_picked":["Rebound","Beam Cell"],"picked":"All For One","floor":19}],"player_experience":1074586,"relics_obtained":[{"floor":7,"key":"Bag of Marbles"},{"floor":9,"key":"Vajra"},{"floor":20,"key":"PreservedInsect"}],"event_choices":[{"damage_healed":23,"gold_gain":0,"player_choice":"Banana","damage_taken":0,"max_hp_gain":0,"max_hp_loss":0,"event_name":"Big Fish","floor":5,"gold_loss":0},{"cards_removed":["Strike_B"],"damage_healed":0,"gold_gain":0,"player_choice":"Card Removal","damage_taken":0,"max_hp_gain":0,"max_hp_loss":0,"event_name":"The Cleric","floor":12,"gold_loss":75},{"damage_healed":0,"gold_gain":0,"player_choice":"Trade","damage_taken":0,"relics_obtained":["SsserpentHead"],"max_hp_gain":0,"max_hp_loss":0,"event_name":"FaceTrader","floor":14,"gold_loss":0}],"is_beta":true,"boss_relics":[{"not_picked":["Nuclear Battery","Eternal Feather"],"picked":"Inserter"}],"items_purged_floors":[3],"is_endless":false,"potions_floor_spawned":[2,4,10,13,18,19],"killed_by":"Snake Plant","ascension_level":20}