{"gold_per_floor":[119,132,132,79,129,158,158,158,158,158,189,199,209,63,63,136,136,155,38,38,52,52,52,52],"floor_reached":24,"playtime":658,"items_purged":["Strike_G"],"score":354,"play_id":"60049462-99b3-4379-b99c-7ce2bb824494","local_time":"20180806215920","is_ascension_mode":true,"campfire_choices":[{"data":"Footwork","floor":7,"key":"SMITH"},{"data":"Cloak And Dagger","floor":10,"key":"SMITH"},{"floor":15,"key":"REST"},{"data":"Footwork","floor":23,"key":"SMITH"}],"neow_cost":"NONE","seed_source_timestamp":108931285853211,"circlet_count":0,"master_deck":["Defend_G","Defend_G","Defend_G","Defend_G","Defend_G","Strike_G","Strike_G","Strike_G","Survivor","Neutralize+1","AscendersBane","Flying Knee","Dash","Cloak And Dagger+1","Footwork+1","Leg Sweep","Dodge and Roll","PiercingWail","Noxious Fumes","Bullet Time","Dagger Spray","Footwork+1","Dodge and Roll"],"relics":["Ring of the Snake","Torii","Strawberry","Dodecahedron","Sozu","Enchiridion"],"potions_floor_usage":[11,16],"damage_taken":[{"damage":0,"enemies":"Cultist","floor":1,"turns":4},{"damage":0,"enemies":"Jaw Worm","floor":2,"turns":3},{"damage":15,"enemies":"3 Sentries","floor":6,"turns":11},{"damage":24,"enemies":"Gremlin Nob","floor":11,"turns":4},{"damage":0,"enemies":"Small Slimes","floor":12,"turns":3},{"damage":0,"enemies":"3 Louse","floor":13,"turns":5},{"damage":30,"enemies":"Slime Boss","floor":16,"turns":18},{"damage":5,"enemies":"3 Byrds","floor":18,"turns":8},{"damage":1,"enemies":"Spheric Guardian","floor":21,"turns":7},{"damage":41,"enemies":"Gremlin Leader","floor":24,"turns":4}],"seed_played":"-3114354699823993565","potions_obtained":[{"floor":1,"key":"Strength Potion"},{"floor":2,"key":"SpeedPotion"}],"is_trial":false,"path_per_floor":["M","M","?","$","?","E","R","?","T","R","E","M","M","$","R","B",null,"M","$","?","M","?","R"],"character_chosen":"THE_SILENT","items_purchased":["Cloak And Dagger","Noxious Fumes","Footwork","Dodge and Roll"],"campfire_rested":1,"item_purchase_floors":[4,14,19,19],"current_hp_per_floor":[59,59,52,52,52,37,37,37,44,44,20,20,20,20,41,11,58,53,53,32,31,31,31,0],"gold":52,"neow_bonus":"UPGRADE_CARD","is_prod":false,"is_daily":false,"chose_seed":false,"campfire_upgraded":3,"win_rate":0,"timestamp":1533617960,"path_taken":["M","M","?","$","?","E","R","?","T","R","E","M","?","?","R","BOSS","M","?","?","M","?","R","E"],"build_version":"2018-08-01","purchased_purges":1,"victory":false,"max_hp_per_floor":[66,66,66,66,66,66,66,66,73,73,73,73,73,73,73,73,73,73,73,73,73,73,73,73],"card_choices":[{"not_picked":["Finisher","Underhanded Strike"],"picked":"Flying Knee","floor":1},{"not_picked":["Terror","Dagger Throw"],"picked":"Dash","floor":2},{"not_picked":["Deadly Poison","Blade Dance"],"picked":"Footwork","floor":6},{"not_picked":["Infinite Blades","Backstab"],"picked":"Leg Sweep","floor":11},{"not_picked":["Crippling Poison","PiercingWail"],"picked":"Dodge and Roll","floor":12},{"not_picked":["Deadly Poison","Dagger Throw"],"picked":"PiercingWail","floor":13},{"not_picked":["Tools of the Trade","Phantasmal Killer"],"picked":"Bullet Time","floor":16},{"not_picked":["Outmaneuver","Caltrops"],"picked":"Dagger Spray","floor":18},{"not_picked":["Blade Dance","Heel Hook","All Out Attack"],"picked":"SKIP","floor":21}],"player_experience":849640,"relics_obtained":[{"floor":6,"key":"Torii"},{"floor":9,"key":"Strawberry"},{"floor":11,"key":"Dodecahedron"},{"floor":20,"key":"Enchiridion"}],"event_choices":[{"event_name":"Golden Wing","player_choice":"Card Removal","floor":3,"damage_taken":0},{"event_name":"Golden Shrine","player_choice":"Pray","floor":5,"damage_taken":0},{"event_name":"Liars Game","player_choice":"disagreed","floor":8,"damage_taken":0},{"event_name":"Cursed Tome","player_choice":"Obtained Book","floor":20,"damage_taken":0},{"event_name":"Drug Dealer","player_choice":"Ignored","floor":22,"damage_taken":0}],"is_beta":true,"boss_relics":[{"not_picked":["Coffee Dripper","Ring of the Serpent"],"picked":"Sozu"}],"items_purged_floors":[14],"is_endless":false,"potions_floor_spawned":[1,2,18],"killed_by":"Gremlin Leader","ascension_level":15}