{"path_per_floor":["M","?","M","$","?","R","M","E","T","R","M","T","R","M","R","B",null,"M","$","M","M","M","R","E","R","T","$","M","R","M","E","R","B",null,"M","$","M","M","?","R","M","R","T","$","?","R","$","M","R","B"],"character_chosen":"DEFECT","items_purchased":["Coolheaded","Pantograph","Conserve Battery","Finesse","FocusPotion","War Paint","Static Discharge"],"gold_per_floor":[12,12,27,0,0,0,18,44,344,344,354,377,377,396,396,494,494,514,45,58,72,92,92,122,122,122,51,69,69,81,107,107,206,206,223,7,27,47,47,47,58,58,58,58,58,58,58,68,68,68],"floor_reached":51,"campfire_rested":7,"playtime":1804,"item_purchase_floors":[4,19,19,19,27,36,36],"current_hp_per_floor":[57,50,50,50,43,43,32,21,21,47,18,18,18,18,18,4,68,50,50,47,31,13,39,21,50,50,50,28,57,45,12,41,20,79,70,70,53,32,32,32,25,54,54,54,67,67,67,55,84,57],"items_purged":["Strike_B"],"gold":68,"score":1414,"play_id":"07718b3d-94e0-4ce2-ae72-8c446b321112","local_time":"20180613144919","is_prod":false,"is_daily":false,"chose_seed":false,"is_ascension_mode":true,"campfire_upgraded":5,"win_rate":0,"timestamp":1528926559,"campfire_choices":[{"data":"Zap","floor":6,"key":"SMITH"},{"floor":10,"key":"REST"},{"data":"Defragment","floor":13,"key":"SMITH"},{"data":"Echo Form","floor":15,"key":"SMITH"},{"floor":23,"key":"REST"},{"floor":25,"key":"REST"},{"floor":29,"key":"REST"},{"floor":32,"key":"REST"},{"data":"Defragment","floor":40,"key":"SMITH"},{"floor":42,"key":"REST"},{"data":"Creative AI","floor":46,"key":"SMITH"},{"floor":49,"key":"REST"}],"path_taken":["M","?","?","$","?","R","M","E","T","R","M","?","R","M","R","BOSS","M","$","?","M","M","R","E","R","T","$","M","R","M","E","R","BOSS","M","$","M","M","?","R","?","R","T","$","?","R","?","M","R","BOSS"],"build_version":"2018-06-13","seed_source_timestamp":276397519426197,"purchased_purges":1,"victory":true,"master_deck":["Strike_B","Strike_B","Defend_B+1","Defend_B","Defend_B","Defend_B","Zap+1","Dualcast","AscendersBane","Echo Form+1","Ball Lightning","Go for the Eyes","Coolheaded+1","Defragment+1","Ball Lightning","Leap","Electrodynamics","Cold Snap","Conserve Battery","Finesse","Defragment+1","Redo+1","Capacitor","Conserve Battery","Static Discharge","Creative AI+1","Static Discharge","Self Repair","Conserve Battery","Coolheaded","Coolheaded","Cold Snap"],"max_hp_per_floor":[75,75,75,75,75,75,75,89,89,89,89,89,89,89,89,89,89,89,89,89,89,89,89,99,99,99,99,99,99,99,99,99,99,99,99,99,99,99,99,99,99,99,99,99,99,99,99,99,99,99],"special_seed":0,"relics":["Cracked Core","Mango","Old Coin","Oddly Smooth Stone","Runic Dome","Pantograph","Pear","Potion Belt","Happy Flower","Nuclear Battery","War Paint","Vajra","Girya"],"card_choices":[{"not_picked":["Seek","Machine Learning"],"picked":"Echo Form","floor":0},{"not_picked":["BootSequence","Steam"],"picked":"Ball Lightning","floor":1},{"not_picked":["Chill","Doom and Gloom"],"picked":"Go for the Eyes","floor":3},{"not_picked":["Cold Snap","Redo"],"picked":"Defragment","floor":7},{"not_picked":["Compile Driver","Steam Power"],"picked":"Ball Lightning","floor":8},{"not_picked":["Go for the Eyes","Gash"],"picked":"Ball Lightning","floor":11},{"not_picked":["Capacitor","Storm"],"picked":"Leap","floor":14},{"not_picked":["Creative AI","Rainbow"],"picked":"Electrodynamics","floor":16},{"not_picked":["Ball Lightning","Reprogram"],"picked":"Cold Snap","floor":18},{"not_picked":["Auto Shields","Barrage","Electrodynamics"],"picked":"SKIP","floor":20},{"not_picked":["Rebound","Conserve Battery"],"picked":"Defragment","floor":21},{"not_picked":["Barrage","Undo","Beam Cell"],"picked":"SKIP","floor":22},{"not_picked":["Consume","Stack"],"picked":"Redo+1","floor":24},{"not_picked":["Recycle","All For One"],"picked":"Capacitor","floor":28},{"not_picked":["Genetic Algorithm","Cold Snap"],"picked":"Conserve Battery","floor":30},{"not_picked":["Tempest","Hologram"],"picked":"Static Discharge","floor":31},{"not_picked":["Hyperbeam","Machine Learning"],"picked":"Creative AI","floor":33},{"not_picked":["Beam Cell","Darkness","Compile Driver"],"picked":"SKIP","floor":35},{"not_picked":["Aggregate","Hologram"],"picked":"Self Repair","floor":37},{"not_picked":["Reinforced Body+1","Self Repair"],"picked":"Conserve Battery","floor":38},{"not_picked":["Go for the Eyes","Barrage+1"],"picked":"Coolheaded","floor":41},{"not_picked":["Steam","Sweeping Beam"],"picked":"Coolheaded","floor":45},{"not_picked":["Genetic Algorithm","Ball Lightning"],"picked":"Cold Snap","floor":48}],"player_experience":648489,"potions_floor_usage":[21,22,30,33,33,41,50,50,50],"damage_taken":[{"damage":11,"enemies":"Small Slimes","floor":1,"turns":4},{"damage":0,"enemies":"Cultist","floor":3,"turns":3},{"damage":11,"enemies":"Jaw Worm","floor":7,"turns":3},{"damage":25,"enemies":"3 Sentries","floor":8,"turns":6},{"damage":29,"enemies":"Gremlin Gang","floor":11,"turns":4},{"damage":0,"enemies":"3 Louse","floor":14,"turns":3},{"damage":14,"enemies":"Hexaghost","floor":16,"turns":8},{"damage":18,"enemies":"3 Byrds","floor":18,"turns":3},{"damage":3,"enemies":"Chosen","floor":20,"turns":4},{"damage":16,"enemies":"Snecko","floor":21,"turns":4},{"damage":18,"enemies":"Snake Plant","floor":22,"turns":3},{"damage":28,"enemies":"Gremlin Leader","floor":24,"turns":6},{"damage":22,"enemies":"Chosen and Byrds","floor":28,"turns":4},{"damage":12,"enemies":"Snecko","floor":30,"turns":5},{"damage":33,"enemies":"Book of Stabbing","floor":31,"turns":7},{"damage":46,"enemies":"Champ","floor":33,"turns":11},{"damage":9,"enemies":"Flame Bruiser 1 Orb","floor":35,"turns":5},{"damage":17,"enemies":"3 Darklings","floor":37,"turns":3},{"damage":28,"enemies":"Transient","floor":38,"turns":5},{"damage":28,"enemies":"4 Shapes","floor":41,"turns":5},{"damage":26,"floor":45,"turns":8},{"damage":12,"enemies":"3 Darklings","floor":48,"turns":2},{"damage":49,"enemies":"Awakened One","floor":50,"turns":18}],"relics_obtained":[{"floor":8,"key":"Mango"},{"floor":9,"key":"Old Coin"},{"floor":12,"key":"Oddly Smooth Stone"},{"floor":24,"key":"Pear"},{"floor":26,"key":"Potion Belt"},{"floor":31,"key":"Happy Flower"},{"floor":43,"key":"Vajra"},{"floor":45,"key":"Girya"}],"event_choices":[{"event_name":"Golden Wing","player_choice":"Card Removal","floor":2,"damage_taken":0},{"event_name":"Wheel of Change","player_choice":"Damage","floor":5,"damage_taken":0},{"event_name":"Falling","player_choice":"Removed Attack","floor":39,"damage_taken":0},{"event_name":"MindBloom","player_choice":"Fight","floor":45,"damage_taken":0}],"boss_relics":[{"not_picked":["Calling Bell","White Beast Statue"],"picked":"Runic Dome"},{"not_picked":["Lizard Tail","Pandora\u0027s Box"],"picked":"Nuclear Battery"}],"items_purged_floors":[19],"potions_floor_spawned":[1,16,18,24,28,31,35,45,48],"seed_played":"5414138620100953769","ascension_level":12,"potions_obtained":[{"floor":1,"key":"Ancient Potion"},{"floor":16,"key":"LiquidBronze"},{"floor":24,"key":"EssenceOfSteel"},{"floor":28,"key":"PowerPotion"},{"floor":31,"key":"FearPotion"},{"floor":35,"key":"Regen Potion"},{"floor":45,"key":"Weak Potion"},{"floor":48,"key":"EssenceOfSteel"}],"is_trial":false}