{"gold_per_floor":[369,205,130,91,103,136,136,136,136,136,33,33,33,50,50,123,123,133,144,144],"floor_reached":20,"playtime":620,"items_purged":[],"score":315,"play_id":"7e19735e-2831-410e-8896-d22ab79b6504","local_time":"20190312211822","is_ascension_mode":true,"campfire_choices":[{"floor":7,"key":"REST"},{"data":"Bash","floor":13,"key":"SMITH"},{"data":"Rupture","floor":15,"key":"SMITH"}],"neow_cost":"PERCENT_DAMAGE","seed_source_timestamp":814500766966675,"circlet_count":0,"master_deck":["AscendersBane","Strike_R","Strike_R","Strike_R","Strike_R","Defend_R+1","Defend_R","Defend_R","Defend_R","Bash+1","Combust","Fire Breathing+1","Pommel Strike","Spot Weakness","Twin Strike","Rupture+1","Feed","Anger","Armaments+1"],"relics":["Burning Blood","Ancient Tea Set","Boot","Mercury Hourglass","Mark of Pain"],"potions_floor_usage":[5,6,19],"damage_taken":[{"damage":8,"enemies":"2 Louse","floor":1,"turns":4},{"damage":14,"enemies":"Small Slimes","floor":5,"turns":3},{"damage":39,"enemies":"3 Sentries","floor":6,"turns":6},{"damage":1,"enemies":"Cultist","floor":14,"turns":3},{"damage":56,"enemies":"The Guardian","floor":16,"turns":8},{"damage":30,"enemies":"Shell Parasite","floor":18,"turns":4},{"damage":3,"enemies":"Spheric Guardian","floor":19,"turns":3},{"damage":45,"enemies":"Snake Plant","floor":20,"turns":3}],"seed_played":"-4639438850660574175","potions_obtained":[{"floor":1,"key":"SkillPotion"},{"floor":5,"key":"Swift Potion"},{"floor":16,"key":"AttackPotion"},{"floor":19,"key":"Energy Potion"}],"is_trial":false,"path_per_floor":["M","$","?","$","M","E","R","?","T","?","$","?","R","M","R","B",null,"M","M","M"],"character_chosen":"IRONCLAD","items_purchased":["Ancient Tea Set","Fire Breathing","Twin Strike","Ghostly Armor"],"campfire_rested":1,"item_purchase_floors":[2,4,11,11],"current_hp_per_floor":[48,48,48,48,40,7,29,6,6,6,6,75,75,75,75,25,63,39,42,0],"gold":144,"neow_bonus":"TWO_FIFTY_GOLD","is_prod":false,"is_daily":false,"chose_seed":false,"campfire_upgraded":2,"win_rate":0,"timestamp":1552439902,"path_taken":["M","$","?","$","M","E","R","?","T","?","$","?","R","M","R","BOSS","M","?","M"],"build_version":"2019-01-23","purchased_purges":0,"victory":false,"max_hp_per_floor":[75,75,75,75,75,75,75,75,75,75,75,75,75,75,75,75,75,75,75,75],"card_choices":[{"not_picked":["Dual Wield","Twin Strike"],"picked":"Combust","floor":1},{"not_picked":["Havoc","Headbutt"],"picked":"Pommel Strike","floor":5},{"not_picked":["Warcry","Headbutt"],"picked":"Spot Weakness","floor":6},{"not_picked":["Warcry","Twin Strike"],"picked":"Rupture","floor":14},{"not_picked":["Bludgeon","Barricade"],"picked":"Feed","floor":16},{"not_picked":["Twin Strike","Flex"],"picked":"Anger","floor":18},{"not_picked":["Twin Strike","Reaper"],"picked":"Armaments+1","floor":19}],"player_experience":1052041,"relics_obtained":[{"floor":6,"key":"Boot"},{"floor":9,"key":"Mercury Hourglass"}],"event_choices":[{"cards_removed":["Strike_R"],"damage_healed":0,"gold_gain":0,"player_choice":"Card Removal","damage_taken":0,"max_hp_gain":0,"max_hp_loss":0,"event_name":"The Cleric","floor":3,"gold_loss":75},{"damage_healed":0,"gold_gain":0,"player_choice":"Entered Light","damage_taken":23,"max_hp_gain":0,"max_hp_loss":0,"event_name":"Shining Light","floor":8,"gold_loss":0,"cards_upgraded":["Defend_R","Fire Breathing"]},{"damage_healed":0,"gold_gain":0,"player_choice":"Ignored","damage_taken":0,"max_hp_gain":0,"max_hp_loss":0,"event_name":"Golden Wing","floor":10,"gold_loss":0},{"cards_removed":["Ghostly Armor"],"damage_healed":69,"gold_gain":0,"player_choice":"Offered Uncommon","damage_taken":0,"max_hp_gain":0,"max_hp_loss":0,"event_name":"Bonfire Elementals","floor":12,"gold_loss":0}],"is_beta":false,"boss_relics":[{"not_picked":["Sozu","Black Star"],"picked":"Mark of Pain"}],"items_purged_floors":[],"is_endless":false,"potions_floor_spawned":[1,5,16,19],"killed_by":"Snake Plant","ascension_level":17}