{"gold_per_floor":[114,134,134,154,172,203,203,231,231,231,250,45,61,76,76,76],"floor_reached":16,"playtime":713,"items_purged":[],"score":228,"play_id":"96d22ed5-69db-410f-8e48-61001f417d32","local_time":"20190503103101","is_ascension_mode":true,"campfire_choices":[{"data":"Rip and Tear","floor":7,"key":"SMITH"},{"data":"Zap","floor":10,"key":"SMITH"},{"data":"Barrage","floor":15,"key":"SMITH"}],"neow_cost":"NONE","seed_source_timestamp":923344837440447,"circlet_count":0,"master_deck":["AscendersBane","Strike_B","Strike_B","Strike_B","Strike_B","Defend_B","Defend_B","Defend_B","Defend_B","Zap+1","Dualcast","Coolheaded","Auto Shields","Rip and Tear+1","White Noise","Conserve Battery","Undo","Ball Lightning","Defragment","Ball Lightning","Barrage+1"],"special_seed":0,"relics":["Coffee Dripper","Peace Pipe","Bronze Scales","Ancient Tea Set","Vajra"],"potions_floor_usage":[6,8,16,16],"damage_taken":[{"damage":7.0,"enemies":"Jaw Worm","floor":1.0,"turns":4.0},{"damage":1.0,"enemies":"Cultist","floor":2.0,"turns":4.0},{"damage":8,"enemies":"Small Slimes","floor":4,"turns":3},{"damage":8,"enemies":"Exordium Wildlife","floor":5,"turns":3},{"damage":15,"enemies":"3 Sentries","floor":6,"turns":10},{"damage":14,"enemies":"Lagavulin","floor":8,"turns":6},{"damage":0,"enemies":"2 Fungi Beasts","floor":11,"turns":4},{"damage":0,"enemies":"Looter","floor":13,"turns":3},{"damage":0,"enemies":"Blue Slaver","floor":14,"turns":3},{"damage":5,"enemies":"Slime Boss","floor":16,"turns":5}],"seed_played":"-8503252821143688051","potions_obtained":[{"floor":5,"key":"Block Potion"},{"floor":6,"key":"Swift Potion"},{"floor":8,"key":"EssenceOfSteel"},{"floor":11,"key":"Fire Potion"}],"is_trial":false,"path_per_floor":["M","M","?","M","M","E","R","E","T","R","M","$","M","M","R","B"],"character_chosen":"DEFECT","items_purchased":["Vajra","Defragment"],"campfire_rested":0,"item_purchase_floors":[12,12],"current_hp_per_floor":[57,56,46,38,30,15,15,1,1,1,1,1,1,1,1,0],"gold":76,"neow_bonus":"BOSS_RELIC","is_prod":false,"is_daily":false,"chose_seed":false,"campfire_upgraded":3,"win_rate":0,"timestamp":1556893861,"path_taken":["M","M","?","M","M","E","R","E","T","R","M","$","?","M","R","BOSS"],"build_version":"2019-01-23","purchased_purges":0,"victory":false,"max_hp_per_floor":[71,71,71,71,71,71,71,71,71,71,71,71,71,71,71,71],"card_choices":[{"not_picked":["Steam","Storm"],"picked":"Coolheaded","floor":1.0},{"not_picked":["Turbo","Rebound"],"picked":"Auto Shields","floor":2.0},{"not_picked":["Barrage","Reinforced Body"],"picked":"Rip and Tear","floor":4},{"not_picked":["Heatsinks","Hello World"],"picked":"White Noise","floor":5},{"not_picked":["Steam Power","Beam Cell"],"picked":"Conserve Battery","floor":6},{"not_picked":["Sweeping Beam","Fission"],"picked":"Undo","floor":8},{"not_picked":["Sweeping Beam","Rip and Tear"],"picked":"Ball Lightning","floor":11},{"not_picked":["FTL","Force Field"],"picked":"Ball Lightning","floor":13},{"not_picked":["Chill","BootSequence"],"picked":"Barrage","floor":14}],"player_experience":2297401,"relics_obtained":[{"floor":6,"key":"Peace Pipe"},{"floor":8,"key":"Bronze Scales"},{"floor":9,"key":"Ancient Tea Set"}],"event_choices":[{"damage_healed":0.0,"max_hp_gain":0.0,"max_hp_loss":0.0,"gold_gain":0.0,"event_name":"Wheel of Change","player_choice":"Damaged","floor":3.0,"gold_loss":0.0,"damage_taken":10.0}],"is_beta":false,"boss_relics":[],"items_purged_floors":[],"is_endless":false,"potions_floor_spawned":[5,6,8,11,13],"killed_by":"Slime Boss","ascension_level":20}