{"path_per_floor":["M","M","M","T","?","E","R","E","T","T","M","$","M","M","R","B",null,"M","?","$","M","$","R","E","M","T","?","R","M","M","M","R"],"character_chosen":"IRONCLAD","items_purchased":["Paper Frog"],"gold_per_floor":[216,230,242,293,293,324,324,350,377,377,395,61,71,87,87,163,163,176,101,1,17,17,17,42,61,61,61,61,77,90,109,109,109],"floor_reached":33,"campfire_rested":1,"playtime":1677,"current_hp_per_floor":[68,67,73,73,73,50,50,39,39,39,42,42,41,54,54,34,65,45,45,45,50,50,50,27,25,25,25,65,51,54,56,56,0],"items_purged":["Strike_R","Clash"],"gold":109,"score":513,"play_id":"b5fed392-b4b9-485e-bb32-706085af1888","local_time":"20180418224429","is_prod":false,"is_daily":false,"chose_seed":false,"is_ascension_mode":true,"campfire_upgraded":4,"timestamp":1524105869,"path_taken":["M","M","M","?","?","E","R","E","T","?","M","$","M","?","R","BOSS","M","?","?","M","$","R","E","M","T","?","R","M","M","M","R","BOSS"],"build_version":"2018-04-12","seed_source_timestamp":290668757662539,"purchased_purges":2,"victory":false,"master_deck":["Bash+1","AscendersBane","Clothesline+1","Iron Wave","Shrug It Off","Reckless Charge","Battle Trance","Feel No Pain+1","Corruption+1","Reckless Charge","Feed","Flex","Bloodletting","Rupture","Clash","Shockwave+1","Anger","Reckless Charge"],"max_hp_per_floor":[75,75,75,75,75,75,75,75,75,75,75,75,75,75,75,75,75,80,80,80,82,82,82,84,86,86,86,86,91,96,96,96,96],"relics":["Burning Blood","Singing Bowl","Du-Vu Doll","Ancient Tea Set","Regal Pillow","Thread and Needle","Paper Frog","Pandora\u0027s Box","Bottled Lightning","Juzu Bracelet"],"card_choices":[{"not_picked":["Evolve","Thunderclap"],"picked":"Clothesline","floor":1},{"not_picked":["Flex","Pummel"],"picked":"Iron Wave","floor":2},{"not_picked":["Heavy Blade","Flex"],"picked":"Shrug It Off","floor":3},{"not_picked":["Sword Boomerang","True Grit"],"picked":"Reckless Charge","floor":6},{"not_picked":["Flex","Fire Breathing"],"picked":"Battle Trance","floor":8},{"not_picked":["Rage","Headbutt"],"picked":"Feel No Pain","floor":11},{"not_picked":["Havoc","Wild Strike"],"picked":"Corruption","floor":13},{"not_picked":["Flex","Intimidate"],"picked":"Reckless Charge","floor":14},{"not_picked":["Reaper","Brutality"],"picked":"Feed","floor":16},{"not_picked":["Cleave","Pummel"],"picked":"Reckless Charge","floor":31}],"player_experience":896596,"potions_floor_usage":[6,13,14,14,24,31],"damage_taken":[{"damage":6,"enemies":"Cultist","floor":1,"turns":4},{"damage":7,"enemies":"Jaw Worm","floor":2,"turns":4},{"damage":0,"enemies":"2 Louse","floor":3,"turns":2},{"damage":29,"enemies":"Lagavulin","floor":6,"turns":8},{"damage":17,"enemies":"3 Sentries","floor":8,"turns":8},{"damage":3,"enemies":"Blue Slaver","floor":11,"turns":2},{"damage":7,"enemies":"Exordium Thugs","floor":13,"turns":5},{"damage":5,"enemies":"Lots of Slimes","floor":14,"turns":5},{"damage":26,"enemies":"Slime Boss","floor":16,"turns":15},{"damage":31,"enemies":"2 Thieves","floor":18,"turns":4},{"damage":3,"enemies":"Spheric Guardian","floor":21,"turns":4},{"damage":31,"enemies":"Gremlin Leader","floor":24,"turns":5},{"damage":10,"enemies":"Snake Plant","floor":25,"turns":4},{"damage":25,"enemies":"Slaver and Parasite","floor":29,"turns":5},{"damage":8,"enemies":"Snecko","floor":30,"turns":3},{"damage":4,"enemies":"Centurion and Healer","floor":31,"turns":6},{"damage":70,"enemies":"Collector","floor":33,"turns":9}],"event_choices":[{"event_name":"Living Wall","player_choice":"Grow","floor":5,"damage_taken":0},{"event_name":"Beggar","player_choice":"Gave Gold","floor":19,"damage_taken":0},{"event_name":"N\u0027loth","player_choice":"Ignored","floor":27,"damage_taken":0}],"boss_relics":[{"not_picked":["Lizard Tail","Eternal Feather"],"picked":"Pandora\u0027s Box"}],"potions_floor_spawned":[2,3,8,13,18,25],"seed_played":"7818820106459616588","killed_by":"Collector","ascension_level":15,"is_trial":false}