{"path_per_floor":["M","?","?","M","$","R","E","?","T","R","M","M","R","M","R","B",null,"M","$","M","?","M","R","M","E","T","?","R","M","R","M","R","B",null,"M","?","?","$","?","R","E","R","T","R","?","M","T","M","R","B"],"character_chosen":"IRONCLAD","items_purchased":["Strawberry","Ginger","Wild Strike"],"gold_per_floor":[109,109,109,122,47,47,78,78,103,103,127,150,150,175,175,306,306,321,76,92,92,113,113,138,171,171,171,171,186,186,200,200,331,331,352,352,352,22,355,355,387,387,387,387,387,403,403,420,420,420],"floor_reached":51,"campfire_rested":1,"playtime":1045,"current_hp_per_floor":[72,77,65,63,63,63,41,41,41,41,50,59,59,59,59,44,71,71,78,78,62,50,50,41,43,43,43,43,52,52,49,49,23,78,78,78,78,78,78,78,69,69,69,69,69,75,75,65,78,43],"items_purged":["Defend_R","Defend_R"],"gold":420,"score":693,"play_id":"494aa100-e1bc-453f-8da3-8d7a2dd063d8","local_time":"20180318160829","is_prod":false,"is_daily":false,"is_ascension_mode":false,"campfire_upgraded":8,"timestamp":1521403709,"path_taken":["M","?","?","M","$","R","E","?","T","R","M","M","R","M","R","BOSS","M","$","M","?","M","R","M","E","T","?","R","?","R","M","R","BOSS","M","?","?","$","?","R","E","R","T","R","?","?","?","?","R","BOSS"],"build_version":"2018-03-15v3","purchased_purges":2,"victory":true,"master_deck":["Strike_R","Strike_R","Strike_R","Strike_R","Strike_R","Bash+1","Perfected Strike+1","Flex+1","Pommel Strike+1","Twin Strike+1","Battle Trance+1","Perfected Strike+1","Wild Strike+1","Pommel Strike+1","Double Tap+1","Inflame+1","Wild Strike+1","Wild Strike+1","Regret","Twin Strike+1","Clumsy"],"max_hp_per_floor":[72,77,77,77,77,77,77,71,71,71,71,71,71,71,71,71,71,71,78,78,78,78,78,78,78,78,78,78,78,78,78,78,78,78,78,78,78,78,78,78,78,78,78,78,78,78,78,78,78,78],"relics":["Burning Blood","Magic Flower","Oddly Smooth Stone","Bronze Scales","Runic Dome","Strawberry","Nilry\u0027s Codex","Girya","Centennial Puzzle","Cursed Key","Ginger","Orichalcum","Torii","Gambling Chip"],"card_choices":[{"not_picked":["Battle Trance","Twin Strike"],"picked":"Perfected Strike"},{"not_picked":["Entrench","Iron Wave"],"picked":"Flex"},{"not_picked":["Anger","Flex"],"picked":"Pommel Strike"},{"not_picked":["Flex","Uppercut"],"picked":"Twin Strike"},{"not_picked":["Iron Wave","Headbutt"],"picked":"Battle Trance"},{"not_picked":["Twin Strike","Headbutt"],"picked":"Perfected Strike"},{"not_picked":["Headbutt","Ghostly Armor"],"picked":"Wild Strike"},{"not_picked":["Fire Breathing","Burning Pact"],"picked":"Pommel Strike"},{"not_picked":["Heavy Blade","Anger"],"picked":"Double Tap"},{"not_picked":["Wild Strike","Havoc"],"picked":"Inflame"},{"not_picked":["Double Tap","Carnage"],"picked":"Wild Strike"},{"not_picked":["Body Slam","Sentinel"],"picked":"Twin Strike"}],"player_experience":559452,"potions_floor_usage":[12,16,16,25,25,33,41,50,50],"damage_taken":[{"damage":6,"enemies":"Cultist","floor":1,"turns":3},{"damage":11,"enemies":"Jaw Worm","floor":4,"turns":2},{"damage":31,"enemies":"Lagavulin","floor":7,"turns":4},{"damage":0,"enemies":"2 Louse","floor":11,"turns":2},{"damage":0,"enemies":"Blue Slaver","floor":12,"turns":1},{"damage":9,"enemies":"2 Fungi Beasts","floor":14,"turns":2},{"damage":49,"enemies":"The Guardian","floor":16,"turns":6},{"damage":0,"enemies":"Spheric Guardian","floor":18,"turns":2},{"damage":0,"enemies":"Chosen","floor":20,"turns":2},{"damage":21,"enemies":"Snake Plant","floor":22,"turns":2},{"damage":18,"enemies":"Cultist and Chosen","floor":24,"turns":3},{"damage":22,"enemies":"Gremlin Leader","floor":25,"turns":4},{"damage":0,"enemies":"Snecko","floor":29,"turns":2},{"damage":12,"enemies":"Centurion and Healer","floor":31,"turns":2},{"damage":35,"enemies":"Collector","floor":33,"turns":5},{"damage":0,"enemies":"Orb Walker","floor":35,"turns":1},{"damage":18,"enemies":"Nemesis","floor":41,"turns":3},{"damage":3,"enemies":"3 Shapes","floor":46,"turns":2},{"damage":19,"enemies":"Maw","floor":48,"turns":3},{"damage":44,"enemies":"Time Eater","floor":50,"turns":6}],"event_choices":[{"event_name":"Big Fish","player_choice":"Donut","floor":2,"damage_taken":0},{"event_name":"Scrap Ooze","player_choice":"success","floor":3,"damage_taken":12},{"event_name":"Golden Idol","player_choice":"Lose Max HP","floor":8,"damage_taken":0},{"event_name":"Cursed Tome","player_choice":"Obtained Book","floor":21,"damage_taken":0},{"event_name":"Vampires","player_choice":"Ignored","floor":27,"damage_taken":0},{"event_name":"Upgrade Shrine","player_choice":"Upgraded","floor":36,"damage_taken":0},{"event_name":"Tomb of Lord Red Mask","player_choice":"Ignored","floor":37,"damage_taken":0},{"event_name":"The Moai Head","player_choice":"Gave Idol","floor":39,"damage_taken":0},{"event_name":"Mysterious Sphere","player_choice":"Ignore","floor":45,"damage_taken":0}],"boss_relics":[{"not_picked":["Astrolabe","Ectoplasm"],"picked":"Runic Dome"},{"not_picked":["Orrery","Snecko Eye"],"picked":"Cursed Key"}],"potions_floor_spawned":[1,7,14,16,24,25,33,35,41],"seed_played":"-2933306802908362099","ascension_level":0,"is_trial":false}