{"gold_per_floor":[361,361,410,424,18,18,49,49,74,74,93,121,136,153,153,227,227,242,342,342,617,637,637,142,153,153,169,169,194,267,280,280,356,356,373,473,473,473,483,483,512,512,512,512,527,559,570,298,298,298,298],"floor_reached":52,"playtime":2574,"items_purged":["Pain","Regret","Strike_G"],"score":2101,"play_id":"add29fad-4298-44ee-b87d-5eb7879290f2","local_time":"20190504131540","is_ascension_mode":true,"campfire_choices":[{"data":"Noxious Fumes","floor":6,"key":"SMITH"},{"data":"Leg Sweep","floor":8,"key":"SMITH"},{"floor":10,"key":"REST"},{"data":"Catalyst","floor":15,"key":"SMITH"},{"floor":23,"key":"REST"},{"floor":28,"key":"DIG"},{"floor":32,"key":"DIG"},{"floor":40,"key":"DIG"},{"data":"Footwork","floor":42,"key":"SMITH"},{"floor":44,"key":"DIG"},{"floor":49,"key":"DIG"}],"neow_cost":"CURSE","seed_source_timestamp":275769074900322,"circlet_count":0,"master_deck":["AscendersBane","Defend_G+1","Defend_G","Defend_G","Defend_G","Defend_G","Strike_G","Strike_G","Strike_G","Strike_G+1","Survivor","Neutralize+1","Poisoned Stab","Adrenaline","Noxious Fumes+1","Backflip","Leg Sweep+1","Masterful Stab","Catalyst+1","Die Die Die","Infinite Blades","Noxious Fumes","Leg Sweep","Footwork+1","Malaise+1","Backflip","Dodge and Roll+1","Heel Hook+1","Cloak And Dagger","Corpse Explosion","Backflip","Dark Shackles","Footwork+1","Blur"],"relics":["Ring of the Snake","Pen Nib","ClockworkSouvenir","Ginger","Art of War","Dream Catcher","Philosopher\u0027s Stone","Ice Cream","Gremlin Horn","Matryoshka","Anchor","Shovel","War Paint","Girya","Kunai","Pantograph","Boot","Snecko Eye","Pocketwatch","Bronze Scales","The Courier","Happy Flower","Whetstone","Toy Ornithopter","Mummified Hand"],"potions_floor_usage":[19,19],"damage_taken":[{"damage":4,"enemies":"Cultist","floor":1,"turns":4},{"damage":14,"enemies":"Jaw Worm","floor":4,"turns":5},{"damage":31,"enemies":"Gremlin Nob","floor":7,"turns":4},{"damage":0,"enemies":"Small Slimes","floor":11,"turns":4},{"damage":20,"enemies":"Lagavulin","floor":12,"turns":8},{"damage":0,"enemies":"2 Fungi Beasts","floor":13,"turns":3},{"damage":0,"enemies":"Red Slaver","floor":14,"turns":7},{"damage":1,"enemies":"Hexaghost","floor":16,"turns":9},{"damage":14,"enemies":"Spheric Guardian","floor":18,"turns":5},{"damage":13,"enemies":"Colosseum Slavers","floor":19,"turns":5},{"damage":3,"enemies":"Colosseum Nobs","floor":19,"turns":4},{"damage":7,"enemies":"Chosen","floor":22,"turns":5},{"damage":0,"enemies":"Centurion and Healer","floor":25,"turns":10},{"damage":0,"enemies":"Snecko","floor":27,"turns":6},{"damage":23,"enemies":"Slavers","floor":29,"turns":6},{"damage":0,"enemies":"Cultist and Chosen","floor":31,"turns":5},{"damage":11,"enemies":"Automaton","floor":33,"turns":11},{"damage":0,"enemies":"3 Shapes","floor":35,"turns":5},{"damage":0,"enemies":"Mind Bloom Boss Battle","floor":36,"turns":9},{"damage":3,"enemies":"Orb Walker","floor":39,"turns":5},{"damage":11,"enemies":"Giant Head","floor":41,"turns":9},{"damage":16,"enemies":"Sphere and 2 Shapes","floor":45,"turns":6},{"damage":0,"enemies":"Nemesis","floor":46,"turns":10},{"damage":0,"enemies":"Writhing Mass","floor":47,"turns":7},{"damage":0,"enemies":"Awakened One","floor":50,"turns":18},{"damage":32,"enemies":"Donu and Deca","floor":51,"turns":9}],"seed_played":"2322284574034103672","potions_obtained":[{"floor":7,"key":"Strength Potion"},{"floor":11,"key":"EssenceOfSteel"},{"floor":12,"key":"PowerPotion"},{"floor":22,"key":"SpeedPotion"},{"floor":31,"key":"Fire Potion"}],"is_trial":false,"path_per_floor":["M","?","T","M","$","R","E","R","T","R","M","E","M","M","R","B",null,"M","?","?","?","M","R","$","M","T","M","R","E","T","M","R","B",null,"M","?","?","?","M","R","E","R","T","R","M","E","M","$","R","B","B",null],"character_chosen":"THE_SILENT","items_purchased":["ClockworkSouvenir","Noxious Fumes","Backflip","Malaise","Backflip","Matryoshka","Toy Ornithopter"],"campfire_rested":2,"item_purchase_floors":[5,5,5,24,24,24,48],"current_hp_per_floor":[55,60,60,46,46,46,15,15,15,36,36,16,16,16,16,15,57,43,27,27,27,20,41,41,41,41,41,41,18,18,18,18,32,61,61,71,71,61,58,58,47,47,47,47,31,31,31,31,31,56,39],"gold":298,"neow_bonus":"TWO_FIFTY_GOLD","is_prod":false,"is_daily":false,"chose_seed":false,"campfire_upgraded":4,"win_rate":0,"timestamp":1557000940,"path_taken":["M","?","?","M","$","R","E","R","T","R","M","E","M","?","R","BOSS","M","?","?","?","?","R","$","M","T","M","R","E","?","M","R","BOSS","M","?","?","?","M","R","E","R","T","R","M","E","M","$","R","BOSS","BOSS"],"build_version":"2019-04-23","purchased_purges":3,"victory":true,"max_hp_per_floor":[66,71,71,71,71,71,71,71,71,71,71,71,71,71,71,71,71,71,71,71,71,71,71,71,71,71,71,71,71,71,71,71,71,71,71,71,71,71,71,71,71,71,71,71,71,71,71,71,71,71,71],"card_choices":[{"not_picked":["Acrobatics","Blade Dance"],"picked":"Poisoned Stab","floor":1},{"not_picked":["Terror","Masterful Stab"],"picked":"Adrenaline","floor":4},{"not_picked":["Riddle With Holes","Reflex"],"picked":"Leg Sweep","floor":7},{"not_picked":["Slice","Dodge and Roll"],"picked":"Masterful Stab","floor":11},{"not_picked":["Blade Dance","Bane","Accuracy"],"picked":"SKIP","floor":12},{"not_picked":["Blur","Underhanded Strike"],"picked":"Catalyst","floor":13},{"not_picked":["Quick Slash","Flechettes","Sucker Punch"],"picked":"SKIP","floor":14},{"not_picked":["Burst","Doppelganger"],"picked":"Die Die Die","floor":16},{"not_picked":["Choke","Sucker Punch"],"picked":"Infinite Blades","floor":18},{"not_picked":["Sucker Punch","Dagger Spray"],"picked":"Noxious Fumes","floor":19},{"not_picked":["Acrobatics","Bane"],"picked":"Footwork+1","floor":22},{"not_picked":["Poisoned Stab","Acrobatics","Quick Slash"],"picked":"SKIP","floor":25},{"not_picked":["Cloak And Dagger","Predator"],"picked":"Dodge and Roll+1","floor":27},{"not_picked":["Quick Slash","Leg Sweep"],"picked":"Heel Hook+1","floor":29},{"not_picked":["Acrobatics","Deflect"],"picked":"Cloak And Dagger","floor":31},{"not_picked":["Night Terror","Glass Knife"],"picked":"Corpse Explosion","floor":33},{"not_picked":["Slice","Accuracy+1","Quick Slash+1"],"picked":"SKIP","floor":35},{"not_picked":["Deadly Poison","Outmaneuver"],"picked":"Backflip","floor":36},{"not_picked":["Flash of Steel","Discovery"],"picked":"Dark Shackles","floor":38},{"not_picked":["Underhanded Strike","Reflex","Prepared+1"],"picked":"SKIP","floor":39},{"not_picked":["Slice","Dagger Throw"],"picked":"Footwork","floor":41},{"not_picked":["Bane","Deflect","Noxious Fumes"],"picked":"SKIP","floor":45},{"not_picked":["Bane","Deflect","Noxious Fumes"],"picked":"SKIP","floor":45},{"not_picked":["Acrobatics","Choke+1","Concentrate"],"picked":"SKIP","floor":46},{"not_picked":["Sucker Punch","Masterful Stab"],"picked":"Blur","floor":47}],"player_experience":1211977,"relics_obtained":[{"floor":3,"key":"Pen Nib"},{"floor":7,"key":"Ginger"},{"floor":9,"key":"Art of War"},{"floor":12,"key":"Dream Catcher"},{"floor":19,"key":"Ice Cream"},{"floor":19,"key":"Gremlin Horn"},{"floor":26,"key":"Anchor"},{"floor":26,"key":"Shovel"},{"floor":28,"key":"War Paint"},{"floor":29,"key":"Girya"},{"floor":30,"key":"Kunai"},{"floor":30,"key":"Pantograph"},{"floor":32,"key":"Boot"},{"floor":36,"key":"Pocketwatch"},{"floor":40,"key":"Bronze Scales"},{"floor":41,"key":"The Courier"},{"floor":44,"key":"Happy Flower"},{"floor":46,"key":"Whetstone"},{"floor":49,"key":"Mummified Hand"}],"event_choices":[{"damage_healed":0,"gold_gain":0,"player_choice":"Donut","damage_taken":0,"max_hp_gain":5,"max_hp_loss":0,"event_name":"Big Fish","floor":2,"gold_loss":0},{"damage_healed":0,"gold_gain":0,"player_choice":"Fight","damage_taken":0,"max_hp_gain":0,"max_hp_loss":0,"event_name":"Colosseum","floor":19,"gold_loss":0},{"damage_healed":0,"gold_gain":0,"player_choice":"Fought Nobs","damage_taken":0,"max_hp_gain":0,"max_hp_loss":0,"event_name":"Colosseum","floor":19,"gold_loss":0},{"damage_healed":0,"gold_gain":0,"player_choice":"Read","damage_taken":0,"max_hp_gain":0,"max_hp_loss":0,"event_name":"The Library","floor":20,"gold_loss":0,"cards_obtained":["Leg Sweep"]},{"damage_healed":0,"gold_gain":275,"player_choice":"Desecrate","damage_taken":0,"max_hp_gain":0,"max_hp_loss":0,"event_name":"Golden Shrine","floor":21,"gold_loss":0,"cards_obtained":["Regret"]},{"damage_healed":0,"gold_gain":0,"player_choice":"Fight","damage_taken":0,"max_hp_gain":0,"max_hp_loss":0,"event_name":"MindBloom","floor":36,"gold_loss":0},{"damage_healed":0,"gold_gain":0,"player_choice":"Ignored","damage_taken":0,"max_hp_gain":0,"max_hp_loss":0,"event_name":"Tomb of Lord Red Mask","floor":37,"gold_loss":0},{"damage_healed":0,"gold_gain":0,"player_choice":"Memory 3","damage_taken":10,"max_hp_gain":0,"max_hp_loss":0,"event_name":"SensoryStone","floor":38,"gold_loss":0}],"is_beta":true,"boss_relics":[{"not_picked":["Ring of the Serpent","Calling Bell"],"picked":"Philosopher\u0027s Stone"},{"not_picked":["WristBlade","Tiny House"],"picked":"Snecko Eye"}],"items_purged_floors":[5,24,48],"is_endless":false,"potions_floor_spawned":[7,11,12,16,19,22,31,33,36,39,47],"ascension_level":20}