{"path_per_floor":["M","M","$","M","M","R","M","?","T","R","E","R","?","M","R","B",null,"M","M","?","M","?","R","E","?","T","R","?","?","R","E","R","B",null,"M","$","M","?","M","R"],"character_chosen":"DEFECT","items_purchased":["Capacitor","FTL"],"gold_per_floor":[109,119,20,30,50,50,69,69,69,69,96,96,46,61,61,158,158,168,186,186,200,200,200,229,144,144,144,144,144,144,178,178,277,277,296,296,306,306,320,320,320],"floor_reached":41,"campfire_rested":1,"playtime":1557,"current_hp_per_floor":[75,75,75,75,75,75,51,56,56,56,56,56,56,34,34,28,80,75,50,50,37,37,37,26,26,26,26,21,21,21,16,44,40,45,45,45,34,34,32,32,0],"items_purged":[],"gold":320,"score":524,"play_id":"bf4fd834-76ed-43e0-861e-8b0b59cb6adc","local_time":"20180428110939","is_prod":false,"is_daily":false,"chose_seed":false,"is_ascension_mode":true,"campfire_upgraded":8,"timestamp":1524938979,"path_taken":["M","M","$","M","M","R","M","?","T","R","E","R","?","M","R","BOSS","M","M","?","M","?","R","E","?","T","R","?","?","R","E","R","BOSS","M","$","M","?","M","R","M"],"build_version":"2018-04-27v3","seed_source_timestamp":0,"purchased_purges":0,"victory":false,"master_deck":["Strike_B","Defend_B","Defend_B","Defend_B","Defend_B","Zap+1","Buffer","Static Discharge+1","Capacitor","Scrape","Chaos+1","Defragment+1","Storm","Leap","Thunder Strike","Capacitor+1","Sweeping Beam","Ghostly+1","Ghostly+1","Ghostly","Ghostly+1","Ghostly+1","Seek","Loop","Redo","Chill+1","Fission+1","Recycle+1","Impulse","Static Discharge+1","Reprogram"],"max_hp_per_floor":[75,75,75,75,75,75,75,80,80,80,80,80,80,80,80,80,80,80,80,80,80,40,40,40,40,40,40,45,45,45,45,45,45,45,45,45,45,45,45,45,45],"relics":["Cracked Core","NeowsBlessing","Omamori","Juzu Bracelet","Cursed Key","Letter Opener","Lantern","Regal Pillow","Astrolabe"],"card_choices":[{"not_picked":["Stack","Cold Snap"],"picked":"Buffer","floor":1.0},{"not_picked":["Hologram","Turbo"],"picked":"Static Discharge","floor":2.0},{"not_picked":["Gash","Aggregate"],"picked":"Scrape","floor":4},{"not_picked":["Rip and Tear","Genetic Algorithm"],"picked":"Chaos","floor":5},{"not_picked":["Loop","Turbo"],"picked":"Defragment","floor":7},{"not_picked":["All For One","Recycle"],"picked":"Storm","floor":11},{"not_picked":["Streamline","Rip and Tear"],"picked":"Leap","floor":14},{"not_picked":["Redo","Machine Learning"],"picked":"Thunder Strike","floor":16},{"not_picked":["Stack","Turbo"],"picked":"Capacitor","floor":19},{"not_picked":["Capacitor","Doom and Gloom"],"picked":"Sweeping Beam","floor":21},{"not_picked":["Melter","Rebound"],"picked":"Seek","floor":24},{"not_picked":["Chill","Steam Power"],"picked":"Loop","floor":31},{"not_picked":["Meteor Strike","Rainbow"],"picked":"Redo","floor":33},{"not_picked":["Tempest","Stack"],"picked":"Impulse","floor":35},{"not_picked":["Rip and Tear","Hologram"],"picked":"Static Discharge","floor":37},{"not_picked":["Hologram","Turbo"],"picked":"Reprogram","floor":39}],"player_experience":533667,"potions_floor_usage":[11,18,24,37],"damage_taken":[{"damage":0.0,"enemies":"Jaw Worm","floor":1.0,"turns":1.0},{"damage":0.0,"enemies":"Small Slimes","floor":2.0,"turns":1.0},{"damage":0.0,"enemies":"2 Louse","floor":4.0,"turns":1.0},{"damage":0,"enemies":"Blue Slaver","floor":5,"turns":4},{"damage":24,"enemies":"Exordium Wildlife","floor":7,"turns":4},{"damage":0,"enemies":"Gremlin Nob","floor":11,"turns":3},{"damage":22,"enemies":"Lots of Slimes","floor":14,"turns":2},{"damage":6,"enemies":"The Guardian","floor":16,"turns":8},{"damage":5,"enemies":"3 Byrds","floor":18,"turns":1},{"damage":25,"enemies":"2 Thieves","floor":19,"turns":4},{"damage":13,"enemies":"Cultist and Chosen","floor":21,"turns":5},{"damage":11,"enemies":"Book of Stabbing","floor":24,"turns":5},{"damage":5,"enemies":"Slavers","floor":31,"turns":5},{"damage":4,"enemies":"Automaton","floor":33,"turns":9},{"damage":0,"enemies":"3 Darklings","floor":35,"turns":6},{"damage":11,"enemies":"Flame Bruiser 1 Orb","floor":37,"turns":6},{"damage":2,"enemies":"4 Shapes","floor":39,"turns":9},{"damage":32,"enemies":"Spire Growth","floor":41,"turns":5}],"event_choices":[{"event_name":"Big Fish","player_choice":"Donut","floor":8,"damage_taken":0},{"event_name":"The Cleric","player_choice":"Card Removal","floor":13,"damage_taken":0},{"event_name":"The Mausoleum","player_choice":"No","floor":20,"damage_taken":0},{"event_name":"Ghosts","player_choice":"Became a Ghost","floor":22,"damage_taken":0},{"event_name":"Addict","player_choice":"Obtained Relic","floor":25,"damage_taken":0},{"event_name":"Forgotten Altar","player_choice":"Shed Blood","floor":28,"damage_taken":0},{"event_name":"Drug Dealer","player_choice":"Ignored","floor":29,"damage_taken":0}],"boss_relics":[{"not_picked":["Orrery","Inserter"],"picked":"Cursed Key"},{"not_picked":["Lizard Tail","Eternal Feather"],"picked":"Astrolabe"}],"potions_floor_spawned":[1,5,14,16,21,37],"seed_played":"-7469315264382004643","killed_by":"Spire Growth","ascension_level":2,"is_trial":false}