{"gold_per_floor":[110,110,110,39,51,77,77,110,187,205,230,248,259,269,269,342,342,356,375,390,105,105,105,138,16,16,16,49,49,83,95,95,167,167,177,194,194,209,228,254,254,269,269,279,279,1,36,46,46,46,46,46,19,47,47],"floor_reached":56,"playtime":2569,"items_purged":["Strike_B","Streamline"],"score":2425,"play_id":"e6cf1609-8279-49af-a1ea-bfe4eeece753","local_time":"20190321194707","is_ascension_mode":true,"campfire_choices":[{"data":"Blizzard","floor":7.0,"key":"SMITH"},{"data":"Biased Cognition","floor":15.0,"key":"SMITH"},{"floor":23.0,"key":"REST"},{"data":"Biased Cognition","floor":29.0,"key":"SMITH"},{"data":"Coolheaded","floor":32.0,"key":"SMITH"},{"floor":41,"key":"RECALL"},{"data":"Zap","floor":49,"key":"SMITH"},{"data":"Defend_B","floor":52,"key":"SMITH"}],"neow_cost":"NONE","seed_source_timestamp":0,"circlet_count":0,"master_deck":["AscendersBane","Strike_B","Strike_B","Strike_B","Defend_B+1","Defend_B+1","Defend_B","Defend_B","Zap+1","Dualcast+1","Cold Snap","Coolheaded+1","Blizzard+1","Redo+1","Biased Cognition+1","Coolheaded+1","Skim+1","Cold Snap","Biased Cognition+1","Hologram+1","Panacea+1","Undo+1","Hologram+1","Coolheaded+1","Seek+1","Hologram+1","Panacea+1","Blizzard"],"special_seed":0,"relics":["FrozenCore","NeowsBlessing","Pen Nib","Toxic Egg 2","The Courier","Boot","Runic Capacitor","PreservedInsect","Bag of Preparation","DataDisk","Anchor","Bronze Scales","Sozu","Calipers","Cables","Ginger","Strawberry"],"potions_floor_usage":[55],"damage_taken":[{"damage":0.0,"enemies":"Jaw Worm","floor":1.0,"turns":1.0},{"damage":0.0,"enemies":"Cultist","floor":5.0,"turns":1.0},{"damage":0.0,"enemies":"Gremlin Nob","floor":6.0,"turns":1.0},{"damage":26.0,"enemies":"3 Sentries","floor":8.0,"turns":10.0},{"damage":0.0,"enemies":"Small Slimes","floor":10.0,"turns":3.0},{"damage":9.0,"enemies":"Gremlin Nob","floor":11.0,"turns":5.0},{"damage":0.0,"enemies":"Blue Slaver","floor":12.0,"turns":3.0},{"damage":0.0,"enemies":"3 Louse","floor":13.0,"turns":3.0},{"damage":8.0,"enemies":"Gremlin Gang","floor":14.0,"turns":5.0},{"damage":20.0,"enemies":"The Guardian","floor":16.0,"turns":12.0},{"damage":3.0,"enemies":"3 Byrds","floor":18.0,"turns":6.0},{"damage":0.0,"enemies":"Chosen","floor":19.0,"turns":5.0},{"damage":10.0,"enemies":"Shelled Parasite and Fungi","floor":20.0,"turns":8.0},{"damage":0.0,"enemies":"Book of Stabbing","floor":24.0,"turns":8.0},{"damage":0.0,"enemies":"Gremlin Leader","floor":28.0,"turns":6.0},{"damage":0.0,"enemies":"Book of Stabbing","floor":30.0,"turns":5.0},{"damage":0.0,"enemies":"Snake Plant","floor":31.0,"turns":4.0},{"damage":6.0,"enemies":"Collector","floor":33.0,"turns":10.0},{"damage":0.0,"enemies":"3 Darklings","floor":35.0,"turns":4.0},{"damage":0.0,"enemies":"3 Shapes","floor":36.0,"turns":4.0},{"damage":0.0,"enemies":"Sphere and 2 Shapes","floor":38.0,"turns":5.0},{"damage":0.0,"enemies":"Maw","floor":39.0,"turns":8.0},{"damage":0,"enemies":"Giant Head","floor":40,"turns":10},{"damage":0,"enemies":"Transient","floor":42,"turns":5},{"damage":0,"enemies":"Spire Growth","floor":44,"turns":6},{"damage":0,"enemies":"Reptomancer","floor":47,"turns":6},{"damage":0,"enemies":"Writhing Mass","floor":48,"turns":11},{"damage":0,"enemies":"Time Eater","floor":50,"turns":12},{"damage":0,"enemies":"Shield and Spear","floor":54,"turns":6},{"damage":29,"enemies":"The Heart","floor":55,"turns":11}],"seed_played":"9185456034627884477","potions_obtained":[{"floor":1.0,"key":"Dexterity Potion"},{"floor":10.0,"key":"Block Potion"},{"floor":19.0,"key":"Strength Potion"},{"floor":20.0,"key":"Fire Potion"},{"floor":31.0,"key":"Swift Potion"},{"floor":33.0,"key":"EssenceOfSteel"}],"is_trial":false,"path_per_floor":["M","?","?","$","M","E","R","E","T","M","E","M","M","M","R","B",null,"M","M","M","$","$","R","E","$","T","$","E","R","E","M","R","B",null,"M","M","?","M","M","E","R","M","T","M","?","$","E","M","R","B",null,"R","$","E","B",null],"character_chosen":"DEFECT","items_purchased":["Cold Snap","Coolheaded","Runic Capacitor","Panacea+1","Bag of Preparation","Cables","Blizzard"],"campfire_rested":1,"item_purchase_floors":[4,4,21,21,25,46,53],"current_hp_per_floor":[64,43,71,71,71,71,71,45,45,45,36,36,36,28,28,8,55,52,52,42,42,42,63,63,63,63,63,63,63,63,63,63,57,68,68,68,68,68,68,68,68,68,68,68,67,67,67,67,67,67,67,67,67,74,45],"gold":47,"neow_bonus":"THREE_ENEMY_KILL","is_prod":false,"is_daily":false,"chose_seed":false,"campfire_upgraded":6,"win_rate":0,"timestamp":1553212027,"path_taken":["M","?","?","$","M","E","R","E","T","M","E","M","M","?","R","BOSS","M","?","M","?","$","R","E","$","T","$","E","R","E","M","R","BOSS","M","M","?","M","M","E","R","M","T","M","?","?","E","M","R","BOSS","R","$","E","BOSS"],"build_version":"2019-03-15","purchased_purges":2,"victory":true,"max_hp_per_floor":[71,71,71,71,71,71,71,71,71,71,71,71,71,71,71,71,71,71,71,71,71,71,71,71,71,71,71,71,71,71,71,71,71,71,71,71,71,71,71,71,71,71,71,71,67,67,67,67,67,67,67,67,67,74,74],"card_choices":[{"not_picked":["Consume","Heatsinks"],"picked":"Streamline","floor":1.0},{"not_picked":["Coolheaded","Storm"],"picked":"Blizzard","floor":5.0},{"not_picked":["Turbo","Streamline","Darkness"],"picked":"SKIP","floor":6.0},{"not_picked":["Static Discharge","Rip and Tear"],"picked":"Redo","floor":8.0},{"not_picked":["Redo+1","Stack+1"],"picked":"Biased Cognition","floor":10.0},{"not_picked":["Lockon","Turbo+1"],"picked":"Coolheaded+1","floor":11.0},{"not_picked":["Storm","Go for the Eyes","Redo+1"],"picked":"SKIP","floor":12.0},{"not_picked":["Go for the Eyes","Lockon"],"picked":"Skim+1","floor":13.0},{"not_picked":["Sweeping Beam","Darkness+1"],"picked":"Cold Snap","floor":14.0},{"not_picked":["Multi-Cast+1","Thunder Strike"],"picked":"Biased Cognition","floor":16.0},{"not_picked":["BootSequence+1","Auto Shields+1"],"picked":"Hologram+1","floor":18.0},{"not_picked":["Beam Cell","Streamline","Sweeping Beam"],"picked":"SKIP","floor":19.0},{"not_picked":["Go for the Eyes","Rebound","Consume+1"],"picked":"SKIP","floor":20.0},{"not_picked":["Compile Driver","Force Field+1","Sunder+1"],"picked":"SKIP","floor":24.0},{"not_picked":["Skim+1","Reprogram+1"],"picked":"Undo+1","floor":28.0},{"not_picked":["Loop","Streamline+1"],"picked":"Hologram+1","floor":30.0},{"not_picked":["Cold Snap","Rainbow+1"],"picked":"Coolheaded+1","floor":31.0},{"not_picked":["Buffer","Reboot+1"],"picked":"Seek+1","floor":33.0},{"not_picked":["Rebound","Go for the Eyes+1"],"picked":"Hologram+1","floor":35.0},{"not_picked":["White Noise+1","Melter","Turbo+1"],"picked":"SKIP","floor":36.0},{"not_picked":["Thinking Ahead+1","Purity+1"],"picked":"Panacea+1","floor":37.0},{"not_picked":["Gash","Go for the Eyes","Leap+1"],"picked":"SKIP","floor":38.0},{"not_picked":["Barrage","Storm","Stack+1"],"picked":"SKIP","floor":39.0},{"not_picked":["Cold Snap+1","Streamline","Ball Lightning"],"picked":"SKIP","floor":40},{"not_picked":["Go for the Eyes","Beam Cell","Chaos+1"],"picked":"SKIP","floor":42},{"not_picked":["Coolheaded+1","Barrage","Leap+1"],"picked":"SKIP","floor":44},{"not_picked":["Streamline","Hyperbeam","Gash"],"picked":"SKIP","floor":47},{"not_picked":["Chaos+1","Doom and Gloom+1","Beam Cell"],"picked":"SKIP","floor":48},{"not_picked":["Storm","Leap+1","Lockon"],"picked":"SKIP","floor":54}],"player_experience":2250586,"relics_obtained":[{"floor":6.0,"key":"Pen Nib"},{"floor":8.0,"key":"Toxic Egg 2"},{"floor":9.0,"key":"The Courier"},{"floor":11.0,"key":"Boot"},{"floor":24.0,"key":"PreservedInsect"},{"floor":26.0,"key":"DataDisk"},{"floor":28.0,"key":"Anchor"},{"floor":30.0,"key":"Bronze Scales"},{"floor":40,"key":"Calipers"},{"floor":47,"key":"Ginger"},{"floor":54,"key":"Strawberry"}],"event_choices":[{"damage_healed":0.0,"max_hp_gain":0.0,"max_hp_loss":0.0,"gold_gain":0.0,"event_name":"Shining Light","player_choice":"Entered Light","floor":2.0,"gold_loss":0.0,"damage_taken":21.0,"cards_upgraded":["Dualcast","Defend_B"]},{"damage_healed":28.0,"max_hp_gain":0.0,"max_hp_loss":0.0,"gold_gain":0.0,"event_name":"Wheel of Change","player_choice":"Full Heal","floor":3.0,"gold_loss":0.0,"damage_taken":0.0},{"damage_healed":0.0,"max_hp_gain":0.0,"max_hp_loss":0.0,"gold_gain":0.0,"event_name":"SensoryStone","player_choice":"Memory 1","floor":37.0,"gold_loss":0.0,"damage_taken":0.0},{"damage_healed":0,"gold_gain":0,"player_choice":"Max HP","damage_taken":0,"max_hp_gain":0,"max_hp_loss":4,"event_name":"Winding Halls","floor":45,"gold_loss":0}],"is_beta":true,"boss_relics":[{"not_picked":["Fusion Hammer","Ectoplasm"],"picked":"FrozenCore"},{"not_picked":["Pandora\u0027s Box","White Beast Statue"],"picked":"Sozu"}],"items_purged_floors":[21,46],"is_endless":false,"potions_floor_spawned":[1,10,11,13,19,20,31,33,36,47,54],"ascension_level":15}