{"gold_per_floor":[113,10,10,10,27,27,59,59,59,71,71,85,85,116,116,195,195,207,207,226,239,259,259],"floor_reached":23,"playtime":960,"items_purged":["Strike_B"],"score":402,"play_id":"1ea7ce9e-4fb9-480f-ada7-6684a26df982","local_time":"20190105200124","is_ascension_mode":true,"campfire_choices":[{"data":"Zap","floor":6,"key":"SMITH"},{"floor":8,"key":"DIG"},{"floor":15,"key":"REST"}],"neow_cost":"NONE","seed_source_timestamp":333176671507592,"circlet_count":0,"master_deck":["AscendersBane","Strike_B","Strike_B","Defend_B","Defend_B","Defend_B","Defend_B","Zap+1","Dualcast","Conserve Battery","Ball Lightning","Coolheaded","Echo Form","Defragment","Hologram","Echo Form","Hologram","Glacier+1","Conserve Battery","Echo Form"],"relics":["Cracked Core","Bag of Preparation","Calipers","Shovel","Vajra","Shuriken","Centennial Puzzle","Runic Dome"],"potions_floor_usage":[14,21,23,23],"damage_taken":[{"damage":7,"enemies":"Small Slimes","floor":1,"turns":3},{"damage":0,"enemies":"2 Louse","floor":5,"turns":3},{"damage":18,"enemies":"Lagavulin","floor":7,"turns":8},{"damage":0,"enemies":"Jaw Worm","floor":10,"turns":4},{"damage":6,"enemies":"Looter","floor":12,"turns":3},{"damage":20,"enemies":"Gremlin Nob","floor":14,"turns":4},{"damage":15,"enemies":"Hexaghost","floor":16,"turns":11},{"damage":0,"enemies":"Spheric Guardian","floor":18,"turns":5},{"damage":19,"enemies":"Shell Parasite","floor":20,"turns":7},{"damage":0,"enemies":"Centurion and Healer","floor":21,"turns":9},{"damage":25,"enemies":"Sentry and Sphere","floor":22,"turns":8},{"damage":12,"enemies":"Gremlin Leader","floor":23,"turns":1}],"seed_played":"-4607465797276160824","potions_obtained":[{"floor":7,"key":"FocusPotion"},{"floor":12,"key":"AttackPotion"},{"floor":14,"key":"SkillPotion"},{"floor":21,"key":"SpeedPotion"},{"floor":22,"key":"Dexterity Potion"}],"is_trial":false,"path_per_floor":["M","$","?","?","M","R","E","R","T","M","?","M","?","E","R","B",null,"M","$","M","M","M","E"],"character_chosen":"DEFECT","items_purchased":["Ball Lightning"],"campfire_rested":1,"item_purchase_floors":[2],"current_hp_per_floor":[57,57,57,52,52,52,34,34,34,34,34,28,21,1,22,7,55,55,55,36,36,11,0],"gold":259,"neow_bonus":"RANDOM_COMMON_RELIC","is_prod":false,"is_daily":false,"chose_seed":false,"campfire_upgraded":1,"win_rate":0,"timestamp":1546743684,"path_taken":["M","$","?","?","M","R","E","R","T","M","?","M","?","E","R","BOSS","M","$","M","M","M","E"],"build_version":"2019-01-03v4","purchased_purges":1,"victory":false,"max_hp_per_floor":[71,71,71,71,71,71,71,71,71,71,71,71,71,71,71,71,71,71,71,71,71,71,71],"card_choices":[{"not_picked":["Stack","Leap"],"picked":"Conserve Battery","floor":1},{"not_picked":["Doom and Gloom","Darkness"],"picked":"Coolheaded","floor":5},{"not_picked":["Lockon","FTL"],"picked":"Echo Form","floor":7},{"not_picked":["Redo","Double Energy"],"picked":"Defragment","floor":10},{"not_picked":["Steam","Storm"],"picked":"Hologram","floor":12},{"not_picked":["Static Discharge","Redo","Auto Shields"],"picked":"SKIP","floor":14},{"not_picked":["Amplify","All For One"],"picked":"Echo Form","floor":16},{"not_picked":["Beam Cell","Storm+1"],"picked":"Hologram","floor":18},{"not_picked":["Conserve Battery","Auto Shields"],"picked":"Glacier+1","floor":20},{"not_picked":["Turbo","Streamline+1"],"picked":"Conserve Battery","floor":21},{"not_picked":["Lockon","Beam Cell"],"picked":"Echo Form","floor":22}],"player_experience":1026864,"relics_obtained":[{"floor":7,"key":"Shovel"},{"floor":8,"key":"Vajra"},{"floor":9,"key":"Shuriken"},{"floor":14,"key":"Centennial Puzzle"}],"event_choices":[{"damage_healed":0,"gold_gain":0,"player_choice":"Leave","damage_taken":0,"max_hp_gain":0,"max_hp_loss":0,"event_name":"The Cleric","floor":3,"gold_loss":0},{"damage_healed":0,"gold_gain":0,"player_choice":"Success","damage_taken":5,"relics_obtained":["Calipers"],"max_hp_gain":0,"max_hp_loss":0,"event_name":"Scrap Ooze","floor":4,"gold_loss":0},{"damage_healed":0,"gold_gain":0,"player_choice":"Ignored","damage_taken":0,"max_hp_gain":0,"max_hp_loss":0,"event_name":"Shining Light","floor":11,"gold_loss":0},{"cards_removed":["Strike_B"],"damage_healed":0,"gold_gain":0,"player_choice":"Card Removal","damage_taken":7,"max_hp_gain":0,"max_hp_loss":0,"event_name":"Golden Wing","floor":13,"gold_loss":0}],"is_beta":true,"boss_relics":[{"not_picked":["Lizard Tail","Inserter"],"picked":"Runic Dome"}],"items_purged_floors":[2],"is_endless":false,"potions_floor_spawned":[7,12,14,16,21,22],"killed_by":"Gremlin Leader","ascension_level":20}