{"gold_per_floor":[117,136,136,146,146,181,181,210,210,226,226],"floor_reached":11,"playtime":419,"items_purged":[],"score":166,"play_id":"6121804b-bb5c-4c46-b761-7f0df5b3a77e","local_time":"20190324011748","is_ascension_mode":true,"campfire_choices":[{"floor":7,"key":"REST"}],"neow_cost":"PERCENT_DAMAGE","seed_source_timestamp":603975795923472,"circlet_count":0,"master_deck":["AscendersBane","Strike_B","Strike_B","Strike_B","Strike_B","Defend_B","Defend_B","Defend_B","Defend_B","Zap","Dualcast","Reinforced Body","Double Energy","Go for the Eyes","Multi-Cast","Conserve Battery","Coolheaded"],"relics":["Cracked Core","NlothsMask","Thread and Needle","Peace Pipe"],"potions_floor_usage":[6],"damage_taken":[{"damage":0,"enemies":"2 Louse","floor":1,"turns":2},{"damage":2,"enemies":"Jaw Worm","floor":2,"turns":4},{"damage":0,"enemies":"Cultist","floor":4,"turns":4},{"damage":41,"enemies":"Lagavulin","floor":6,"turns":7},{"damage":44,"enemies":"Gremlin Nob","floor":8,"turns":6},{"damage":2,"enemies":"2 Fungi Beasts","floor":10,"turns":3},{"damage":6,"enemies":"3 Sentries","floor":11,"turns":2}],"seed_played":"1320687615336321705","potions_obtained":[{"floor":4,"key":"SteroidPotion"}],"is_trial":false,"path_per_floor":["M","M","?","M","?","E","R","E","T","M","E"],"character_chosen":"DEFECT","items_purchased":[],"campfire_rested":1,"item_purchase_floors":[],"current_hp_per_floor":[60,58,63,63,63,22,49,5,5,3,0],"gold":226,"neow_bonus":"TWENTY_PERCENT_HP_BONUS","is_prod":false,"is_daily":false,"chose_seed":false,"campfire_upgraded":0,"win_rate":0,"timestamp":1553404668,"path_taken":["M","M","?","M","?","E","R","E","T","?","E"],"build_version":"2019-01-23","purchased_purges":0,"victory":false,"max_hp_per_floor":[85,85,90,90,90,90,90,90,90,90,90],"card_choices":[{"not_picked":["Turbo","Aggregate"],"picked":"Reinforced Body","floor":1},{"not_picked":["Steam","Heatsinks"],"picked":"Double Energy","floor":2},{"not_picked":["Beam Cell","Steam Power"],"picked":"Go for the Eyes","floor":4},{"not_picked":["Conserve Battery","Gash"],"picked":"Multi-Cast","floor":6},{"not_picked":["Reinforced Body","Genetic Algorithm"],"picked":"Conserve Battery","floor":8},{"not_picked":["Redo","Hologram"],"picked":"Coolheaded","floor":10}],"player_experience":1382530,"relics_obtained":[{"floor":6,"key":"Thread and Needle"},{"floor":8,"key":"Peace Pipe"}],"event_choices":[{"damage_healed":0,"gold_gain":0,"player_choice":"Donut","damage_taken":0,"max_hp_gain":5,"max_hp_loss":0,"event_name":"Big Fish","floor":3,"gold_loss":0},{"damage_healed":0,"gold_gain":0,"player_choice":"Trade","damage_taken":0,"relics_obtained":["NlothsMask"],"max_hp_gain":0,"max_hp_loss":0,"event_name":"FaceTrader","floor":5,"gold_loss":0}],"is_beta":false,"boss_relics":[],"items_purged_floors":[],"is_endless":false,"potions_floor_spawned":[4],"killed_by":"3 Sentries","ascension_level":14}