{"gold_per_floor":[212,232,247,322,322,322,361,361,387,3,3,22,37,56,56,149,149,170,295,310,310,310,310,350,350,350,391,404,423,423,14,14,104,104,128,128,461,487,248,265,265,293,319,41,59,159,159,169,169,169,169,169,169,33,64,64],"floor_reached":57,"playtime":4527,"items_purged":["Injury"],"score":2736,"play_id":"04fcde22-fbaa-4044-b842-e48d9985dcd3","local_time":"20190411030405","is_ascension_mode":true,"campfire_choices":[{"floor":6,"key":"REST"},{"floor":8,"key":"REST"},{"data":"Loop","floor":15,"key":"SMITH"},{"floor":23,"key":"REST"},{"floor":25,"key":"REST"},{"floor":32,"key":"REST"},{"floor":41,"key":"DIG"},{"floor":47,"key":"RECALL"},{"floor":49,"key":"REST"},{"floor":53,"key":"DIG"}],"neow_cost":"NONE","seed_source_timestamp":35935893677235,"circlet_count":0,"master_deck":["AscendersBane","Strike_B+1","Strike_B+1","Strike_B+1","Defend_B+1","Defend_B+1","Defend_B+1","Defend_B+1","Zap","Dualcast","Loop+1","Sweeping Beam","Double Energy","Leap","Undo","Coolheaded","Electrodynamics","Hologram","Lockon+1","Sunder+1","Seek","Machine Learning","Defragment+1","Cold Snap+1","Echo Form","Ball Lightning+1","Sweeping Beam+1","Chill+1","FTL+1","Coolheaded","Go for the Eyes+1","Chill"],"relics":["Cracked Core","DataDisk","Regal Pillow","Bronze Scales","Bag of Marbles","Lantern","Fusion Hammer","Molten Egg 2","Nloth\u0027s Gift","Shovel","Bag of Preparation","Gremlin Horn","Nilry\u0027s Codex","Incense Burner","Inserter","Runic Capacitor","Happy Flower","Orichalcum","Potion Belt","Bottled Tornado","Nunchaku","Sundial","Oddly Smooth Stone"],"potions_floor_usage":[7,13,16,18,19,42,42,46,50,51,55,56,56],"damage_taken":[{"damage":1,"enemies":"Cultist","floor":1,"turns":3},{"damage":6,"enemies":"2 Louse","floor":2,"turns":2},{"damage":11,"enemies":"Jaw Worm","floor":3,"turns":6},{"damage":37,"enemies":"Lagavulin","floor":7,"turns":7},{"damage":2,"enemies":"Large Slime","floor":12,"turns":5},{"damage":18,"enemies":"Exordium Wildlife","floor":13,"turns":3},{"damage":0,"enemies":"2 Fungi Beasts","floor":14,"turns":3},{"damage":6,"enemies":"Slime Boss","floor":16,"turns":8},{"damage":0,"enemies":"3 Byrds","floor":18,"turns":2},{"damage":17,"enemies":"Colosseum Slavers","floor":19,"turns":3},{"damage":6,"enemies":"Colosseum Nobs","floor":19,"turns":3},{"damage":10,"enemies":"Shell Parasite","floor":20,"turns":4},{"damage":41,"enemies":"Book of Stabbing","floor":24,"turns":6},{"damage":4,"enemies":"Slavers","floor":27,"turns":3},{"damage":5,"enemies":"Centurion and Healer","floor":28,"turns":3},{"damage":3,"enemies":"Snake Plant","floor":29,"turns":4},{"damage":0,"enemies":"Automaton","floor":33,"turns":14},{"damage":0,"enemies":"3 Darklings","floor":35,"turns":2},{"damage":0,"enemies":"Orb Walker","floor":40,"turns":3},{"damage":7,"enemies":"Nemesis","floor":42,"turns":7},{"damage":0,"enemies":"4 Shapes","floor":45,"turns":5},{"damage":9,"enemies":"Mind Bloom Boss Battle","floor":46,"turns":5},{"damage":7,"enemies":"Writhing Mass","floor":48,"turns":5},{"damage":24,"enemies":"Time Eater","floor":50,"turns":10},{"damage":13,"enemies":"Awakened One","floor":51,"turns":19},{"damage":10,"enemies":"Shield and Spear","floor":55,"turns":9},{"damage":53,"enemies":"The Heart","floor":56,"turns":11}],"seed_played":"-1372249103420305289","potions_obtained":[{"floor":2,"key":"Energy Potion"},{"floor":3,"key":"SneckoOil"},{"floor":12,"key":"Dexterity Potion"},{"floor":14,"key":"AttackPotion"},{"floor":16,"key":"SkillPotion"},{"floor":27,"key":"EssenceOfSteel"},{"floor":28,"key":"EssenceOfSteel"},{"floor":45,"key":"FocusPotion"},{"floor":46,"key":"Fruit Juice"},{"floor":48,"key":"Explosive Potion"},{"floor":55,"key":"FocusPotion"}],"is_trial":false,"path_per_floor":["M","M","M","?","?","R","E","R","T","$","?","M","M","M","R","B",null,"M","?","M","?","?","R","E","R","T","E","M","M","?","$","R","B",null,"M","?","?","T","$","M","R","E","T","$","M","?","R","M","R","B","B",null,"R","$","E","B",null],"character_chosen":"DEFECT","items_purchased":["Bronze Scales","Bag of Marbles","Leap","Incense Burner","Runic Capacitor","Sweeping Beam+1","Bottled Tornado","FocusPotion","Weak Potion"],"campfire_rested":6,"item_purchase_floors":[10,10,10,31,39,39,44,54,54],"current_hp_per_floor":[63,57,46,35,35,56,19,40,40,40,35,33,15,15,15,9,56,56,33,23,23,23,59,18,54,54,50,45,42,21,21,57,57,68,68,68,68,68,68,68,68,61,61,61,61,57,57,50,76,52,39,67,67,67,57,4],"gold":64,"neow_bonus":"HUNDRED_GOLD","is_prod":false,"is_daily":false,"chose_seed":false,"campfire_upgraded":1,"win_rate":0,"timestamp":1554966245,"path_taken":["M","?","M","?","?","R","E","R","T","$","?","M","M","?","R","BOSS","M","?","M","?","?","R","E","R","T","E","M","?","?","$","R","BOSS","M","?","?","?","?","M","R","E","T","$","M","?","R","M","R","BOSS","BOSS","R","$","E","BOSS"],"build_version":"2019-01-23","purchased_purges":1,"victory":true,"max_hp_per_floor":[71,71,71,71,71,71,71,71,71,71,71,71,71,71,71,71,71,71,71,71,71,71,71,71,71,71,71,71,71,71,71,71,71,71,71,71,71,71,71,71,71,71,71,71,71,76,76,76,76,76,76,76,76,76,76,76],"card_choices":[{"not_picked":["Coolheaded","Fusion"],"picked":"Loop","floor":1},{"not_picked":["Scrape","Redo"],"picked":"Sweeping Beam","floor":2},{"not_picked":["Fusion","Hello World"],"picked":"Double Energy","floor":3},{"not_picked":["Turbo","Recycle","Beam Cell"],"picked":"SKIP","floor":7},{"not_picked":["Fission","Blizzard"],"picked":"Undo","floor":12},{"not_picked":["Steam","Leap","Compile Driver"],"picked":"SKIP","floor":13},{"not_picked":["Beam Cell","Hologram"],"picked":"Coolheaded","floor":14},{"not_picked":["Buffer","Thunder Strike"],"picked":"Electrodynamics","floor":16},{"not_picked":["Streamline","Gash"],"picked":"Hologram","floor":18},{"not_picked":["Redo","Coolheaded"],"picked":"Lockon","floor":19},{"not_picked":["Cold Snap+1","Loop"],"picked":"Sunder+1","floor":20},{"not_picked":["Coolheaded","Conserve Battery"],"picked":"Seek","floor":24},{"not_picked":["Rainbow","Chill"],"picked":"Machine Learning","floor":27},{"not_picked":["Double Energy","Beam Cell+1"],"picked":"Defragment+1","floor":28},{"not_picked":["Steam","Redo"],"picked":"Cold Snap+1","floor":29},{"not_picked":["Electrodynamics","Creative AI"],"picked":"Echo Form","floor":33},{"not_picked":["Beam Cell+1","Hologram"],"picked":"Ball Lightning+1","floor":35},{"not_picked":["Turbo+1","Compile Driver+1"],"picked":"Chill+1","floor":40},{"not_picked":["Compile Driver+1","Gash+1","Multi-Cast"],"picked":"SKIP","floor":42},{"not_picked":["Compile Driver+1","Conserve Battery+1"],"picked":"FTL+1","floor":45},{"not_picked":["BootSequence","Steam"],"picked":"Coolheaded","floor":46},{"not_picked":["Steam+1","Hologram"],"picked":"Go for the Eyes+1","floor":48},{"not_picked":["Streamline+1","Self Repair"],"picked":"Chill","floor":55}],"player_experience":1789585,"relics_obtained":[{"floor":7,"key":"DataDisk"},{"floor":9,"key":"Regal Pillow"},{"floor":19,"key":"Girya"},{"floor":19,"key":"Molten Egg 2"},{"floor":24,"key":"Shovel"},{"floor":26,"key":"Bag of Preparation"},{"floor":27,"key":"Gremlin Horn"},{"floor":30,"key":"Nilry\u0027s Codex"},{"floor":41,"key":"Happy Flower"},{"floor":42,"key":"Orichalcum"},{"floor":43,"key":"Potion Belt"},{"floor":46,"key":"Nunchaku"},{"floor":53,"key":"Sundial"},{"floor":55,"key":"Oddly Smooth Stone"}],"event_choices":[{"damage_healed":0,"gold_gain":75,"player_choice":"Gather Gold","damage_taken":11,"max_hp_gain":0,"max_hp_loss":0,"event_name":"World of Goop","floor":4,"gold_loss":0},{"damage_healed":0,"gold_gain":0,"player_choice":"Take Wound","damage_taken":0,"relics_obtained":["Golden Idol"],"max_hp_gain":0,"max_hp_loss":0,"event_name":"Golden Idol","floor":5,"gold_loss":0,"cards_obtained":["Injury"]},{"damage_healed":0,"gold_gain":0,"player_choice":"Success","damage_taken":5,"relics_obtained":["Lantern"],"max_hp_gain":0,"max_hp_loss":0,"event_name":"Scrap Ooze","floor":11,"gold_loss":0},{"damage_healed":0,"gold_gain":0,"player_choice":"Fight","damage_taken":0,"max_hp_gain":0,"max_hp_loss":0,"event_name":"Colosseum","floor":19,"gold_loss":0},{"damage_healed":0,"gold_gain":0,"player_choice":"Fought Nobs","damage_taken":0,"max_hp_gain":0,"max_hp_loss":0,"event_name":"Colosseum","floor":19,"gold_loss":0},{"damage_healed":0,"gold_gain":0,"player_choice":"Simplicity","damage_taken":0,"max_hp_gain":0,"max_hp_loss":0,"event_name":"Back to Basics","floor":21,"gold_loss":0,"cards_upgraded":["Strike_B","Strike_B","Strike_B","Strike_B","Defend_B","Defend_B","Defend_B","Defend_B"]},{"damage_healed":0,"gold_gain":0,"player_choice":"Traded Relic","damage_taken":0,"relics_obtained":["Nloth\u0027s Gift"],"max_hp_gain":0,"max_hp_loss":0,"event_name":"N\u0027loth","floor":22,"relics_lost":["Girya"],"gold_loss":0},{"damage_healed":0,"gold_gain":0,"player_choice":"Obtained Book","damage_taken":21,"max_hp_gain":0,"max_hp_loss":0,"event_name":"Cursed Tome","floor":30,"gold_loss":0},{"cards_removed":["Strike_B"],"damage_healed":0,"gold_gain":0,"player_choice":"Removed Attack","damage_taken":0,"max_hp_gain":0,"max_hp_loss":0,"event_name":"Falling","floor":36,"gold_loss":0},{"damage_healed":0,"gold_gain":333,"player_choice":"Gave Idol","damage_taken":0,"max_hp_gain":0,"max_hp_loss":0,"event_name":"The Moai Head","floor":37,"relics_lost":["Golden Idol"],"gold_loss":0},{"damage_healed":0,"gold_gain":0,"player_choice":"Fight","damage_taken":0,"max_hp_gain":0,"max_hp_loss":0,"event_name":"MindBloom","floor":46,"gold_loss":0}],"is_beta":false,"boss_relics":[{"not_picked":["Coffee Dripper","White Beast Statue"],"picked":"Fusion Hammer"},{"not_picked":["Astrolabe","Pandora\u0027s Box"],"picked":"Inserter"}],"items_purged_floors":[31],"is_endless":false,"potions_floor_spawned":[2,3,12,14,16,27,28,33,45,46,48,55],"ascension_level":20}