{"gold_per_floor":[111,36,36,55,55,55,83,83,108,108,120,120,120,134,134,205,205,221,221,221,240,255,255,255],"floor_reached":24,"playtime":567,"items_purged":[],"score":340,"play_id":"af20e50e-05d5-4963-abe3-2c16150ec2bc","local_time":"20180812105643","is_ascension_mode":true,"campfire_choices":[{"data":"Zap","floor":6.0,"key":"SMITH"},{"data":"Defragment","floor":13,"key":"SMITH"},{"floor":15,"key":"REST"},{"floor":23,"key":"REST"}],"neow_cost":"NONE","seed_source_timestamp":1638088627671,"circlet_count":0,"master_deck":["Strike_B","Strike_B","Strike_B","Strike_B","Defend_B","Defend_B","Defend_B","Defend_B","Zap+1","Dualcast","AscendersBane","Melter","Defragment+1","Cold Snap","Ball Lightning","Leap","Hologram","Thunder Strike","Cold Snap","Conserve Battery"],"special_seed":0,"relics":["Inserter","Art of War","Happy Flower","Cursed Key","Nilry\u0027s Codex"],"potions_floor_usage":[18],"damage_taken":[{"damage":2.0,"enemies":"2 Louse","floor":1.0,"turns":3.0},{"damage":12.0,"enemies":"Jaw Worm","floor":4.0,"turns":3.0},{"damage":23,"enemies":"3 Sentries","floor":7,"turns":8},{"damage":9,"enemies":"Small Slimes","floor":11,"turns":3},{"damage":16,"enemies":"Gremlin Gang","floor":14,"turns":5},{"damage":23,"enemies":"Hexaghost","floor":16,"turns":12},{"damage":23,"enemies":"2 Thieves","floor":18,"turns":4},{"damage":7,"enemies":"Spheric Guardian","floor":21,"turns":3},{"damage":4,"enemies":"Centurion and Healer","floor":22,"turns":8},{"damage":40,"enemies":"Slavers","floor":24,"turns":2}],"seed_played":"5810323786444714209","potions_obtained":[{"floor":1.0,"key":"Swift Potion"},{"floor":11,"key":"Energy Potion"},{"floor":18,"key":"Ancient Potion"}],"is_trial":false,"path_per_floor":["M","$","?","M","?","R","E","$","T","?","M","?","R","M","R","B",null,"M","?","?","M","M","R"],"character_chosen":"DEFECT","items_purchased":["Defragment"],"campfire_rested":2,"item_purchase_floors":[2],"current_hp_per_floor":[62,62,62,50,50,50,27,27,27,27,18,41,41,25,46,23,59,36,15,29,22,18,39,0],"gold":255,"neow_bonus":"BOSS_RELIC","is_prod":false,"is_daily":false,"chose_seed":false,"campfire_upgraded":2,"win_rate":0,"timestamp":1534096603,"path_taken":["M","$","?","?","?","R","E","$","T","?","M","?","R","M","R","BOSS","M","?","?","?","?","R","E"],"build_version":"2018-08-08","purchased_purges":0,"victory":false,"max_hp_per_floor":[71,71,71,71,71,71,71,71,71,71,71,71,71,71,71,71,71,71,71,71,71,71,71,71],"card_choices":[{"not_picked":["Aggregate","Lockon"],"picked":"Melter","floor":1.0},{"not_picked":["Go for the Eyes","Sweeping Beam"],"picked":"Cold Snap","floor":4.0},{"not_picked":["Streamline","Compile Driver"],"picked":"Ball Lightning","floor":7},{"not_picked":["Beam Cell","Redo"],"picked":"Leap","floor":11},{"not_picked":["Genetic Algorithm","Doom and Gloom"],"picked":"Hologram","floor":14},{"not_picked":["Meteor Strike","All For One"],"picked":"Thunder Strike","floor":16},{"not_picked":["Streamline","Compile Driver","Darkness"],"picked":"SKIP","floor":18},{"not_picked":["Go for the Eyes","Stack"],"picked":"Cold Snap","floor":21},{"not_picked":["Coolheaded","Rainbow"],"picked":"Conserve Battery","floor":22}],"player_experience":875465,"relics_obtained":[{"floor":7,"key":"Art of War"},{"floor":9,"key":"Happy Flower"},{"floor":19,"key":"Nilry\u0027s Codex"}],"event_choices":[{"event_name":"The Cleric","player_choice":"Leave","floor":3.0,"damage_taken":0.0},{"event_name":"Liars Game","player_choice":"disagreed","floor":5.0,"damage_taken":0.0},{"event_name":"Shining Light","player_choice":"Ignored","floor":10,"damage_taken":0},{"event_name":"Big Fish","player_choice":"Banana","floor":12,"damage_taken":0},{"event_name":"Cursed Tome","player_choice":"Obtained Book","floor":19,"damage_taken":0},{"event_name":"The Library","player_choice":"Heal","floor":20,"damage_taken":0}],"is_beta":true,"boss_relics":[{"not_picked":["Lizard Tail","Nuclear Battery"],"picked":"Cursed Key"}],"items_purged_floors":[],"is_endless":false,"potions_floor_spawned":[1,11,16,18,22],"killed_by":"Slavers","ascension_level":15}