{"gold_per_floor":[13,28,28,46,58,58,88,102,102,23,23],"floor_reached":11,"playtime":385,"items_purged":[],"score":146,"play_id":"7139af28-64bf-4de3-acf0-7070c7918fc4","local_time":"20190209113450","is_ascension_mode":true,"campfire_choices":[{"data":"Bash","floor":6,"key":"SMITH"}],"neow_cost":"NO_GOLD","seed_source_timestamp":3751405858186,"circlet_count":0,"master_deck":["AscendersBane","Strike_R","Strike_R","Strike_R","Strike_R","Strike_R","Defend_R","Defend_R","Defend_R","Defend_R","Bash+1","Iron Wave","Armaments","Corruption","Ghostly Armor","Pommel Strike","Feel No Pain"],"relics":["Burning Blood","Nunchaku","FaceOfCleric","Bronze Scales","Kunai"],"potions_floor_usage":[5,7,11],"damage_taken":[{"damage":18,"enemies":"Small Slimes","floor":1,"turns":5},{"damage":0,"enemies":"Cultist","floor":2,"turns":3},{"damage":4,"enemies":"Jaw Worm","floor":4,"turns":4},{"damage":1,"enemies":"Looter","floor":5,"turns":4},{"damage":45,"enemies":"3 Sentries","floor":7,"turns":16},{"damage":10,"enemies":"3 Louse","floor":8,"turns":6},{"damage":48,"enemies":"Gremlin Nob","floor":11,"turns":4}],"seed_played":"7780078742471124069","potions_obtained":[{"floor":1,"key":"SkillPotion"},{"floor":5,"key":"Energy Potion"},{"floor":8,"key":"Block Potion"}],"is_trial":false,"path_per_floor":["M","M","?","M","M","R","E","M","T","$","E"],"character_chosen":"IRONCLAD","items_purchased":["Feel No Pain"],"campfire_rested":0,"item_purchase_floors":[10],"current_hp_per_floor":[56,62,62,65,71,71,33,30,30,30,0],"gold":23,"neow_bonus":"ONE_RARE_RELIC","is_prod":false,"is_daily":false,"chose_seed":false,"campfire_upgraded":1,"win_rate":0,"timestamp":1549737290,"path_taken":["M","M","?","M","?","R","E","?","T","$","E"],"build_version":"2019-02-06","purchased_purges":0,"victory":false,"max_hp_per_floor":[75,75,75,76,77,77,78,79,79,79,79],"card_choices":[{"not_picked":["Pummel","Heavy Blade"],"picked":"Iron Wave","floor":1},{"not_picked":["Clash","Iron Wave"],"picked":"Armaments","floor":2},{"not_picked":["Bloodletting","Evolve"],"picked":"Corruption","floor":4},{"not_picked":["Cleave","Headbutt"],"picked":"Ghostly Armor","floor":5},{"not_picked":["Perfected Strike","Entrench","Flex"],"picked":"SKIP","floor":7},{"not_picked":["Fire Breathing","Body Slam"],"picked":"Pommel Strike","floor":8}],"player_experience":1086225,"relics_obtained":[{"floor":7,"key":"Bronze Scales"},{"floor":9,"key":"Kunai"}],"event_choices":[{"damage_healed":0,"gold_gain":0,"player_choice":"Trade","damage_taken":0,"relics_obtained":["FaceOfCleric"],"max_hp_gain":0,"max_hp_loss":0,"event_name":"FaceTrader","floor":3,"gold_loss":0}],"is_beta":true,"boss_relics":[],"items_purged_floors":[],"is_endless":false,"potions_floor_spawned":[1,5,8],"killed_by":"Gremlin Nob","ascension_level":19}