{"gold_per_floor":[310,326,108,119,135,135,135,166,189,207,242,261,261,261,261,261],"floor_reached":16,"playtime":730,"items_purged":[],"score":224,"play_id":"6f738421-86af-4584-92e9-314d0620e92b","local_time":"20190429203004","is_ascension_mode":true,"campfire_choices":[{"data":"Bash","floor":7,"key":"SMITH"},{"data":"Immolate","floor":13,"key":"SMITH"},{"data":"Shockwave","floor":15,"key":"SMITH"}],"neow_cost":"NO_GOLD","seed_source_timestamp":613658900083832,"circlet_count":0,"master_deck":["AscendersBane","Strike_R+1","Strike_R","Strike_R","Strike_R","Defend_R","Defend_R","Defend_R","Defend_R","Bash+1","Anger+1","Shrug It Off","Pommel Strike","Immolate+1","Power Through","Shockwave+1"],"relics":["Burning Blood","Old Coin","Bag of Preparation","Blood Vial","Whetstone","Oddly Smooth Stone","Golden Idol"],"potions_floor_usage":[4,11],"damage_taken":[{"damage":12,"enemies":"2 Louse","floor":1,"turns":3},{"damage":7,"enemies":"Small Slimes","floor":2,"turns":3},{"damage":0,"enemies":"Jaw Worm","floor":4,"turns":3},{"damage":11,"enemies":"Red Slaver","floor":5,"turns":4},{"damage":35,"enemies":"Lagavulin","floor":8,"turns":7},{"damage":0,"enemies":"2 Fungi Beasts","floor":10,"turns":2},{"damage":6,"enemies":"Gremlin Nob","floor":11,"turns":3},{"damage":0,"enemies":"Gremlin Gang","floor":12,"turns":1},{"damage":28,"enemies":"Hexaghost","floor":16,"turns":7}],"seed_played":"-5782317386735280864","potions_obtained":[{"floor":2,"key":"Block Potion"},{"floor":8,"key":"Energy Potion"},{"floor":10,"key":"Fire Potion"}],"is_trial":false,"path_per_floor":["M","M","$","M","M","?","R","E","T","M","E","M","R","?","R","B"],"character_chosen":"IRONCLAD","items_purchased":["Bag of Preparation","Shrug It Off"],"campfire_rested":0,"item_purchase_floors":[3,3],"current_hp_per_floor":[62,61,61,67,62,55,55,26,26,34,36,44,44,18,18,0],"gold":261,"neow_bonus":"ONE_RARE_RELIC","is_prod":false,"is_daily":false,"chose_seed":false,"campfire_upgraded":3,"win_rate":0,"timestamp":1556584204,"path_taken":["M","M","$","M","M","?","R","E","T","M","E","M","R","?","R","BOSS"],"build_version":"2019-01-23","purchased_purges":0,"victory":false,"max_hp_per_floor":[75,75,75,75,75,75,75,75,75,75,75,75,75,75,75,75],"card_choices":[{"not_picked":["Armaments","Cleave"],"picked":"Anger","floor":1},{"not_picked":["Flex","Body Slam","Rupture"],"picked":"SKIP","floor":2},{"not_picked":["Warcry","Sword Boomerang"],"picked":"Pommel Strike","floor":4},{"not_picked":["Iron Wave","Ghostly Armor","Second Wind"],"picked":"SKIP","floor":5},{"not_picked":["Perfected Strike","Iron Wave"],"picked":"Immolate","floor":8},{"not_picked":["Dropkick","Flex","Whirlwind"],"picked":"SKIP","floor":10},{"not_picked":["Hemokinesis","Body Slam","Power Through"],"picked":"SKIP","floor":11},{"not_picked":["Hemokinesis","Body Slam"],"picked":"Power Through","floor":11},{"not_picked":["Intimidate","Pummel"],"picked":"Shockwave","floor":12}],"player_experience":2110207,"relics_obtained":[{"floor":8,"key":"Blood Vial"},{"floor":9,"key":"Whetstone"},{"floor":11,"key":"Oddly Smooth Stone"}],"event_choices":[{"cards_removed":["Strike_R"],"damage_healed":0,"gold_gain":0,"player_choice":"Card Removal","damage_taken":7,"max_hp_gain":0,"max_hp_loss":0,"event_name":"Golden Wing","floor":6,"gold_loss":0},{"damage_healed":0,"gold_gain":0,"player_choice":"Take Damage","damage_taken":26,"relics_obtained":["Golden Idol"],"max_hp_gain":0,"max_hp_loss":0,"event_name":"Golden Idol","floor":14,"gold_loss":0}],"is_beta":false,"boss_relics":[],"items_purged_floors":[],"is_endless":false,"potions_floor_spawned":[2,8,10],"killed_by":"Hexaghost","ascension_level":20}