{"path_per_floor":["M","?","?","M","M","R","E","R","T","R","M","$","?","M","R","B",null,"M","?","M","?","?","R","E","M","T","M","R","M","?","M","R"],"character_chosen":"IRONCLAD","items_purchased":["Frozen Egg 2"],"gold_per_floor":[115,115,215,229,245,245,277,277,330,330,345,14,14,32,32,153,153,178,103,127,127,42,42,82,105,105,126,126,144,144,159,159],"floor_reached":33,"campfire_rested":2,"playtime":1016,"current_hp_per_floor":[73,73,73,70,69,69,40,40,40,40,46,46,46,48,48,43,66,49,49,48,48,48,48,22,16,16,7,29,16,16,22,44],"items_purged":["Defend_R"],"gold":159,"score":387,"play_id":"4f33b7ff-67b2-4192-8525-7dae2c4bf01e","local_time":"20180314220334","is_prod":false,"is_daily":false,"is_ascension_mode":true,"campfire_upgraded":5,"timestamp":1521079414,"path_taken":["M","?","?","?","M","R","E","R","T","R","?","$","?","M","R","BOSS","M","?","M","?","?","R","E","M","T","M","R","?","?","M","R","BOSS"],"build_version":"2018-03-09","purchased_purges":2,"victory":false,"master_deck":["Strike_R","Strike_R","Strike_R","Strike_R","Strike_R","Defend_R","Defend_R","Defend_R","Bash+1","Pommel Strike+1","Thunderclap+1","Clash+1","Clash+1","Clothesline+1","Demon Form+1","Perfected Strike+1","Perfected Strike+1"],"max_hp_per_floor":[80,80,80,80,80,80,80,80,80,80,80,80,74,74,74,74,74,74,74,74,74,74,74,74,74,74,74,74,74,74,74,74],"relics":["Burning Blood","Happy Flower","Dream Catcher","Frozen Egg 2","Golden Idol","Sozu","Prayer Wheel","Bronze Scales","Girya"],"card_choices":[{"not_picked":["Warcry","Flex"],"picked":"Pommel Strike"},{"not_picked":["Pummel","Armaments"],"picked":"Thunderclap"},{"not_picked":["Pommel Strike","Fire Breathing"],"picked":"Clash"},{"not_picked":["Reaper","Dual Wield"],"picked":"Clash"},{"not_picked":["Combust","Twin Strike"],"picked":"Clothesline"},{"not_picked":["Brutality","Limit Break"],"picked":"Demon Form"},{"not_picked":["Disarm","Havoc"],"picked":"Perfected Strike"},{"not_picked":["True Grit","Sentinel"],"picked":"Perfected Strike"}],"player_experience":504158,"potions_floor_usage":[7,16,16],"damage_taken":[{"damage":5,"enemies":"Small Slimes","floor":1,"turns":4},{"damage":9,"enemies":"Jaw Worm","floor":4,"turns":3},{"damage":7,"enemies":"2 Louse","floor":5,"turns":2},{"damage":35,"enemies":"Lagavulin","floor":7,"turns":5},{"damage":0,"enemies":"Looter","floor":11,"turns":1},{"damage":4,"enemies":"Red Slaver","floor":14,"turns":2},{"damage":11,"enemies":"Slime Boss","floor":16,"turns":9},{"damage":23,"enemies":"2 Thieves","floor":18,"turns":3},{"damage":7,"enemies":"3 Byrds","floor":20,"turns":4},{"damage":32,"enemies":"Book of Stabbing","floor":24,"turns":4},{"damage":12,"enemies":"3 Cultists","floor":25,"turns":4},{"damage":15,"enemies":"Slaver and Parasite","floor":27,"turns":2},{"damage":19,"enemies":"Centurion and Healer","floor":29,"turns":3},{"damage":0,"enemies":"Snake Plant","floor":31,"turns":2},{"damage":51,"enemies":"Collector","floor":33,"turns":3}],"event_choices":[{"event_name":"Living Wall","player_choice":"Grow","floor":2,"damage_taken":0},{"event_name":"Wheel of Change","player_choice":"Gold","floor":3,"damage_taken":0},{"event_name":"Golden Idol","player_choice":"Lose Max HP","floor":13,"damage_taken":0},{"event_name":"Beggar","player_choice":"Gave Gold","floor":19,"damage_taken":0},{"event_name":"Match and Keep!","player_choice":"0 cards matched","floor":21,"damage_taken":0},{"event_name":"Addict","player_choice":"Obtained Relic","floor":22,"damage_taken":0},{"event_name":"Cursed Tome","player_choice":"Ignored","floor":30,"damage_taken":0}],"boss_relics":[{"not_picked":["Black Star","Mark of Pain"],"picked":"Sozu"}],"potions_floor_spawned":[4,11,14,20,25,27],"seed_played":"7917302243771865970","killed_by":"Collector","ascension_level":9,"is_trial":false}