{"gold_per_floor":[112,112,124,138,154,179,179,213,237,237,248,248],"floor_reached":12,"playtime":535,"items_purged":[],"score":180,"play_id":"f29bb17d-268d-496f-8271-ac8a67f4a81e","local_time":"20190508181957","is_ascension_mode":true,"campfire_choices":[{"data":"Perfected Strike","floor":7,"key":"SMITH"},{"data":"True Grit","floor":10,"key":"SMITH"}],"neow_cost":"NONE","seed_source_timestamp":1383758980568518,"circlet_count":0,"master_deck":["AscendersBane","Strike_R","Strike_R","Strike_R","Strike_R","Strike_R","Defend_R","Defend_R","Defend_R","Defend_R","Bash+1","True Grit+1","Shrug It Off","Perfected Strike+1","Headbutt","Clothesline","Uppercut","Disarm"],"relics":["Burning Blood","Bronze Scales","Regal Pillow","Blood Vial"],"potions_floor_usage":[6,8],"damage_taken":[{"damage":12,"enemies":"Jaw Worm","floor":1,"turns":3},{"damage":0,"enemies":"Cultist","floor":3,"turns":3},{"damage":3,"enemies":"2 Louse","floor":4,"turns":3},{"damage":3,"enemies":"2 Fungi Beasts","floor":5,"turns":3},{"damage":32,"enemies":"Gremlin Nob","floor":6,"turns":4},{"damage":23,"enemies":"Lagavulin","floor":8,"turns":5},{"damage":31,"enemies":"Gremlin Gang","floor":11,"turns":5},{"damage":14,"enemies":"3 Louse","floor":12,"turns":1}],"seed_played":"7994812713881100342","potions_obtained":[{"floor":1,"key":"SmokeBomb"},{"floor":3,"key":"Poison Potion"},{"floor":5,"key":"PowerPotion"},{"floor":8,"key":"Dexterity Potion"}],"is_trial":false,"path_per_floor":["M","?","M","M","M","E","R","E","T","R","M","M"],"character_chosen":"IRONCLAD","items_purchased":[],"campfire_rested":0,"item_purchase_floors":[],"current_hp_per_floor":[62,62,68,71,74,48,48,31,31,31,8,0],"gold":248,"neow_bonus":"UPGRADE_CARD","is_prod":false,"is_daily":false,"chose_seed":false,"campfire_upgraded":2,"win_rate":0,"timestamp":1557353997,"path_taken":["M","?","M","M","M","E","R","E","T","R","M","M"],"build_version":"2019-01-23","purchased_purges":0,"victory":false,"max_hp_per_floor":[75,75,75,75,75,75,75,75,75,75,75,75],"card_choices":[{"not_picked":["Reckless Charge","Thunderclap"],"picked":"True Grit","floor":1},{"not_picked":["Sentinel","Cleave"],"picked":"Perfected Strike","floor":3},{"not_picked":["Burning Pact","Entrench"],"picked":"Headbutt","floor":4},{"not_picked":["Headbutt","Heavy Blade","Thunderclap"],"picked":"SKIP","floor":5},{"not_picked":["Reckless Charge","Perfected Strike"],"picked":"Clothesline","floor":6},{"not_picked":["Thunderclap","Dark Embrace"],"picked":"Uppercut","floor":8},{"not_picked":["Wild Strike","Thunderclap"],"picked":"Disarm","floor":11}],"player_experience":2479421,"relics_obtained":[{"floor":6,"key":"Bronze Scales"},{"floor":8,"key":"Regal Pillow"},{"floor":9,"key":"Blood Vial"}],"event_choices":[{"damage_healed":0,"gold_gain":0,"player_choice":"1 cards matched","damage_taken":0,"max_hp_gain":0,"max_hp_loss":0,"event_name":"Match and Keep!","floor":2,"gold_loss":0,"cards_obtained":["Shrug It Off"]}],"is_beta":false,"boss_relics":[],"items_purged_floors":[],"is_endless":false,"potions_floor_spawned":[1,3,5,8],"killed_by":"3 Louse","ascension_level":20}