{"path_per_floor":["M","M","?","M","M","R","E","?","T","M","M","?","R","E","R","B",null,"M","?","M","M"],"character_chosen":"THE_SILENT","items_purchased":[],"gold_per_floor":[114,127,127,139,154,154,185,185,240,259,279,279,279,304,304,408,408,419,419,437,449],"floor_reached":22,"campfire_rested":0,"playtime":1673,"current_hp_per_floor":[69,59,45,41,41,47,40,40,40,40,40,40,48,42,50,37,77,43,43,43,19],"items_purged":[],"gold":449,"play_id":"4006938f-af66-496a-8bc5-291c0b7ccac1","is_prod":false,"is_daily":false,"is_ascension_mode":false,"campfire_upgraded":3,"path_taken":["M","M","?","M","?","R","E","?","T","M","M","?","R","E","R","BOSS","M","?","M","M","M"],"build_version":"2018-02-01-PROD3","purchased_purges":0,"victory":false,"master_deck":["Defend_G","Defend_G","Defend_G","Defend_G","Defend_G","Strike_G","Strike_G+1","Strike_G","Strike_G","Strike_G+1","Survivor","Neutralize+1","Poisoned Stab","Bouncing Flask","Footwork+1","Dodge and Roll","Heel Hook+1","Infinite Blades","Backflip","Catalyst+1","Noxious Fumes+1","Venomology","Blur","Noxious Fumes","Backflip","Poisoned Stab"],"max_hp_per_floor":[70,70,70,70,70,70,70,70,70,70,70,70,70,77,77,77,77,77,77,77,77],"relics":["Eternal Feather","Snake Skull","Whetstone","Strawberry","Sozu"],"card_choices":[{"not_picked":["Underhanded Strike","Masterful Stab"],"picked":"Poisoned Stab"},{"not_picked":["Predator","Dagger Spray"],"picked":"Bouncing Flask"},{"not_picked":["Backflip","Predator"],"picked":"Footwork"},{"not_picked":["Underhanded Strike","Well Laid Plans"],"picked":"Dodge and Roll"},{"not_picked":["Dagger Throw","Flechettes"],"picked":"Heel Hook"},{"not_picked":["Footwork","Acrobatics"],"picked":"Infinite Blades"},{"not_picked":["Acrobatics","Flechettes"],"picked":"Backflip"},{"not_picked":["Blade Dance","Envenom"],"picked":"Noxious Fumes"},{"not_picked":["Burst","Wraith Form"],"picked":"Venomology"},{"not_picked":["Endless Agony","Sucker Punch"],"picked":"Blur"},{"not_picked":["Underhanded Strike","Outmaneuver"],"picked":"Backflip"},{"not_picked":["Dagger Throw","Die Die Die"],"picked":"Poisoned Stab"}],"player_experience":61322,"potions_floor_usage":[7,11,16,16],"damage_taken":[{"damage":1,"enemies":"2 Louse","floor":1,"turns":3},{"damage":10,"enemies":"Small Slimes","floor":2,"turns":5},{"damage":4,"enemies":"Blue Slaver","floor":4,"turns":3},{"damage":0,"enemies":"Looter","floor":5,"turns":4},{"damage":7,"enemies":"3 Sentries","floor":7,"turns":10},{"damage":0,"enemies":"Large Slime","floor":10,"turns":6},{"damage":0,"enemies":"Lots of Slimes","floor":11,"turns":1},{"damage":13,"enemies":"Gremlin Nob","floor":14,"turns":4},{"damage":13,"enemies":"Slime Boss","floor":16,"turns":7},{"damage":34,"enemies":"3 Byrds","floor":18,"turns":5},{"damage":0,"enemies":"Spheric Guardian","floor":20,"turns":2},{"damage":24,"enemies":"Snecko","floor":21,"turns":6},{"damage":19,"enemies":"Snake Plant","floor":22,"turns":2}],"event_choices":[{"event_name":"Shining Light","player_choice":"Entered Light","floor":3,"damage_taken":0},{"event_name":"Purifier","player_choice":"Skipped","floor":8,"damage_taken":0},{"event_name":"Match and Keep!","player_choice":"1 cards matched","floor":12,"damage_taken":0},{"event_name":"The Library","player_choice":"Read","floor":19,"damage_taken":0}],"boss_relics":[{"not_picked":["Lizard Tail","Velvet Choker"],"picked":"Sozu"}],"potions_floor_spawned":[2,7,11,14,16,21],"seed_played":"8259655823298301867","killed_by":"Snake Plant","ascension_level":0,"is_trial":false}