{"gold_per_floor":[11,24,44,61,78,78,110,110,110,110,126,126,154,171,171,245,245,265,265,275,77,93,93,125,125,125,125,25,36,49,74,74,153,153,171,151,161,176,190,252,252,299,299,299,118,118,118,134,134,134,134,134,134,38,63,63],"floor_reached":57,"playtime":2464,"items_purged":["Strike_R","Strike_R","Bash"],"score":3193,"play_id":"4d4bb33b-ca7c-4ce2-9bec-6309d26c400d","local_time":"20190512011533","is_ascension_mode":true,"campfire_choices":[{"data":"Body Slam","floor":6.0,"key":"SMITH"},{"data":"Power Through","floor":8.0,"key":"SMITH"},{"data":"Inflame","floor":12.0,"key":"SMITH"},{"data":"Spot Weakness","floor":15.0,"key":"SMITH"},{"data":"True Grit","floor":23.0,"key":"SMITH"},{"floor":25.0,"key":"REST"},{"data":"Barricade","floor":32,"key":"SMITH"},{"data":"Dark Embrace","floor":41,"key":"SMITH"},{"data":"Second Wind","floor":46,"key":"SMITH"},{"floor":49,"key":"RECALL"},{"data":"Feel No Pain","floor":53,"key":"SMITH"}],"neow_cost":"NO_GOLD","seed_source_timestamp":120157721365376,"circlet_count":0,"master_deck":["AscendersBane","Defend_R","Defend_R","Defend_R","Defend_R","Body Slam+1","Power Through+1","Battle Trance","Inflame+1","Dark Embrace+1","Spot Weakness+1","Feed+1","True Grit+1","Feel No Pain+1","Second Wind+1","Feel No Pain","Barricade+1","Ghostly","Ghostly","Ghostly","Sentinel+1","Disarm+1","Bloodletting+1","Evolve","Impatience"],"special_seed":0,"relics":["Burning Blood","FossilizedHelix","Boot","Strawberry","Runic Pyramid","Ginger","Pen Nib","Lantern","Coffee Dripper","Tiny Chest","Magic Flower","Pantograph","Whetstone","Pear"],"potions_floor_usage":[42,56],"damage_taken":[{"damage":1.0,"enemies":"Cultist","floor":1.0,"turns":4.0},{"damage":9.0,"enemies":"Jaw Worm","floor":2.0,"turns":4.0},{"damage":0.0,"enemies":"2 Louse","floor":3.0,"turns":5.0},{"damage":0.0,"enemies":"Looter","floor":4.0,"turns":3.0},{"damage":25.0,"enemies":"Exordium Wildlife","floor":5.0,"turns":5.0},{"damage":0.0,"enemies":"Gremlin Nob","floor":7.0,"turns":3.0},{"damage":16.0,"enemies":"Exordium Thugs","floor":11.0,"turns":4.0},{"damage":15.0,"enemies":"3 Sentries","floor":13.0,"turns":10.0},{"damage":0.0,"enemies":"2 Fungi Beasts","floor":14.0,"turns":4.0},{"damage":35.0,"enemies":"Hexaghost","floor":16.0,"turns":7.0},{"damage":11.0,"enemies":"2 Thieves","floor":18.0,"turns":4.0},{"damage":10.0,"enemies":"Spheric Guardian","floor":20.0,"turns":6.0},{"damage":27.0,"enemies":"Snake Plant","floor":22.0,"turns":5.0},{"damage":46.0,"enemies":"Slavers","floor":24.0,"turns":6.0},{"damage":0.0,"enemies":"Snecko","floor":29.0,"turns":10.0},{"damage":10.0,"enemies":"Sentry and Sphere","floor":30.0,"turns":8.0},{"damage":34,"enemies":"Gremlin Leader","floor":31,"turns":9},{"damage":0,"enemies":"Collector","floor":33,"turns":9},{"damage":0,"enemies":"3 Shapes","floor":35,"turns":6},{"damage":0,"enemies":"Orb Walker","floor":37,"turns":6},{"damage":0,"enemies":"Transient","floor":38,"turns":6},{"damage":0,"enemies":"Maw","floor":39,"turns":5},{"damage":0,"enemies":"Giant Head","floor":40,"turns":8},{"damage":2,"enemies":"2 Orb Walkers","floor":42,"turns":6},{"damage":0,"enemies":"Jaw Worm Horde","floor":48,"turns":4},{"damage":1,"enemies":"Awakened One","floor":50,"turns":6},{"damage":0,"enemies":"Donu and Deca","floor":51,"turns":7},{"damage":30,"enemies":"Shield and Spear","floor":55,"turns":7},{"damage":0,"enemies":"The Heart","floor":56,"turns":10}],"seed_played":"5883043394550512349","potions_obtained":[{"floor":2.0,"key":"Regen Potion"},{"floor":4.0,"key":"AttackPotion"},{"floor":5.0,"key":"PowerPotion"},{"floor":11.0,"key":"Strength Potion"},{"floor":18.0,"key":"SkillPotion"},{"floor":22.0,"key":"LiquidBronze"},{"floor":24.0,"key":"Ancient Potion"},{"floor":33,"key":"Fire Potion"}],"is_trial":false,"path_per_floor":["M","M","M","M","M","R","E","R","T","?","M","R","E","M","R","B",null,"M","?","M","$","M","R","E","R","T","?","$","M","M","E","R","B",null,"M","?","M","M","M","E","R","?","T","?","$","R","T","M","R","B","B",null,"R","$","E","B",null],"character_chosen":"IRONCLAD","items_purchased":["Second Wind","Feel No Pain","Block Potion","Impatience"],"campfire_rested":1,"item_purchase_floors":[21,21,45,54],"current_hp_per_floor":[73,70,75,75,56,56,62,62,62,62,52,52,50,56,56,27,68,66,66,65,65,47,47,10,38,38,38,38,44,43,15,15,24,46,55,55,59,59,62,65,65,68,68,68,68,68,68,72,72,76,80,80,80,80,75,98],"gold":63,"neow_bonus":"ONE_RARE_RELIC","is_prod":false,"is_daily":false,"chose_seed":false,"campfire_upgraded":9,"win_rate":0,"timestamp":1557594933,"path_taken":["M","?","M","M","M","R","E","R","T","?","M","R","E","M","R","BOSS","M","?","M","$","M","R","E","R","T","?","?","M","?","E","R","BOSS","M","?","?","M","M","E","R","?","T","?","$","R","?","M","R","BOSS","BOSS","R","$","E","BOSS"],"build_version":"2019-01-23","purchased_purges":3,"victory":true,"max_hp_per_floor":[75,75,75,75,75,75,75,75,75,75,75,75,82,82,82,82,82,85,85,88,88,91,91,94,94,94,47,47,47,50,50,50,53,53,56,56,59,59,62,65,65,68,68,68,68,68,68,72,72,76,80,80,80,80,94,98],"card_choices":[{"not_picked":["True Grit","Carnage"],"picked":"Body Slam","floor":1.0},{"not_picked":["Whirlwind","Entrench"],"picked":"Power Through","floor":2.0},{"not_picked":["Sword Boomerang","Warcry","Dual Wield"],"picked":"SKIP","floor":3.0},{"not_picked":["Shockwave","Body Slam"],"picked":"Battle Trance","floor":4.0},{"not_picked":["Thunderclap","Cleave","Flex"],"picked":"SKIP","floor":5.0},{"not_picked":["Warcry","Headbutt","Flex"],"picked":"SKIP","floor":7.0},{"not_picked":["Cleave","Body Slam","Heavy Blade"],"picked":"SKIP","floor":11.0},{"not_picked":["Battle Trance","Clothesline"],"picked":"Dark Embrace","floor":13.0},{"not_picked":["Disarm","Warcry"],"picked":"Spot Weakness","floor":14.0},{"not_picked":["Offering","Bludgeon"],"picked":"Feed","floor":16.0},{"not_picked":["Spot Weakness","Armaments"],"picked":"True Grit","floor":18.0},{"not_picked":["True Grit","Blood for Blood"],"picked":"Feel No Pain","floor":20.0},{"not_picked":["Power Through","Shrug It Off"],"picked":"Barricade","floor":22.0},{"not_picked":["Anger","Heavy Blade","Dual Wield"],"picked":"SKIP","floor":24.0},{"not_picked":["Havoc","Sword Boomerang","Inflame"],"picked":"SKIP","floor":29.0},{"not_picked":["Sever Soul","Body Slam","Flame Barrier"],"picked":"SKIP","floor":30.0},{"not_picked":["Rampage","Hemokinesis","Heavy Blade"],"picked":"SKIP","floor":31},{"not_picked":["Reckless Charge","Flex"],"picked":"Sentinel+1","floor":35},{"not_picked":["Sever Soul+1","Cleave"],"picked":"Disarm+1","floor":37},{"not_picked":["Clothesline","Combust","Headbutt"],"picked":"SKIP","floor":38},{"not_picked":["Combust+1","Perfected Strike+1","Headbutt+1"],"picked":"SKIP","floor":39},{"not_picked":["Sword Boomerang","Twin Strike+1"],"picked":"Bloodletting+1","floor":40},{"not_picked":["Immolate","Carnage"],"picked":"Evolve","floor":48},{"not_picked":["Metallicize","Twin Strike","Clash"],"picked":"SKIP","floor":55}],"player_experience":1625243,"relics_obtained":[{"floor":7.0,"key":"Boot"},{"floor":13.0,"key":"Strawberry"},{"floor":24.0,"key":"Ginger"},{"floor":26.0,"key":"Pen Nib"},{"floor":31,"key":"Lantern"},{"floor":40,"key":"Tiny Chest"},{"floor":42,"key":"Magic Flower"},{"floor":43,"key":"Pantograph"},{"floor":47,"key":"Whetstone"},{"floor":55,"key":"Pear"}],"event_choices":[{"damage_healed":0.0,"max_hp_gain":0.0,"max_hp_loss":0.0,"gold_gain":0.0,"cards_transformed":["Strike_R"],"event_name":"Living Wall","player_choice":"Change","floor":10.0,"gold_loss":0.0,"damage_taken":0.0,"cards_obtained":["Inflame"]},{"cards_removed":["Strike_R"],"damage_healed":0.0,"max_hp_gain":0.0,"max_hp_loss":0.0,"gold_gain":0.0,"event_name":"Back to Basics","player_choice":"Elegance","floor":19.0,"gold_loss":0.0,"damage_taken":0.0},{"damage_healed":0.0,"max_hp_gain":0.0,"max_hp_loss":47.0,"gold_gain":0.0,"event_name":"Ghosts","player_choice":"Became a Ghost","floor":27.0,"gold_loss":0.0,"damage_taken":0.0,"cards_obtained":["Ghostly","Ghostly","Ghostly"]},{"damage_healed":0,"gold_gain":0,"player_choice":"Bought 1 Potion","damage_taken":0,"max_hp_gain":0,"max_hp_loss":0,"event_name":"The Woman in Blue","floor":36,"gold_loss":0},{"damage_healed":0,"gold_gain":0,"player_choice":"Fight","damage_taken":0,"max_hp_gain":0,"max_hp_loss":0,"event_name":"Mysterious Sphere","floor":42,"gold_loss":0},{"cards_removed":["Strike_R"],"damage_healed":0,"gold_gain":0,"player_choice":"Removed Attack","damage_taken":0,"max_hp_gain":0,"max_hp_loss":0,"event_name":"Falling","floor":44,"gold_loss":0}],"is_beta":false,"boss_relics":[{"not_picked":["Black Blood","Black Star"],"picked":"Runic Pyramid"},{"not_picked":["Eternal Feather","Calling Bell"],"picked":"Coffee Dripper"}],"items_purged_floors":[21,28,45],"is_endless":false,"potions_floor_spawned":[2,4,5,11,13,18,22,24,33,37,48],"ascension_level":20}