{"path_per_floor":["M","?","M","?","M","E","M","R","T","R","M","R","M","M","R","B",null,"M","?","?","?","M","R"],"character_chosen":"THE_SILENT","items_purchased":[],"gold_per_floor":[116,116,130,130,148,179,190,190,190,190,204,204,217,236,236,308,308,318,318,318,318,329,329,329],"floor_reached":24,"campfire_rested":1,"playtime":889,"current_hp_per_floor":[57,50,46,70,66,40,38,38,38,38,37,37,37,37,37,22,58,53,53,53,37,20,41,0],"items_purged":[],"gold":329,"score":337,"play_id":"d64002c6-8332-4365-b77c-5b445ec7be88","local_time":"20180406122411","is_prod":false,"is_daily":false,"is_ascension_mode":true,"campfire_upgraded":1,"timestamp":1523031851,"path_taken":["M","?","M","?","M","E","M","R","T","R","?","R","M","M","R","BOSS","M","?","?","?","?","R","E"],"build_version":"2018-04-05v2","purchased_purges":0,"victory":false,"master_deck":["Defend_G","Defend_G","Defend_G","Defend_G","Defend_G","Strike_G","Strike_G","Strike_G","Strike_G","Survivor","Neutralize","AscendersBane","All Out Attack","Infinite Blades+1","Terror","Cloak And Dagger","Dagger Spray","Bouncing Flask","After Image","Necronomicurse","Prepared+1"],"max_hp_per_floor":[60,60,60,70,70,70,70,70,70,70,70,70,70,70,70,70,70,70,70,70,70,70,70,70],"relics":["Ring of the Snake","Shovel","Pen Nib","Mercury Hourglass","Ginger","Art of War","Centennial Puzzle","Sozu","Singing Bowl","Necronomicon"],"card_choices":[{"not_picked":["Prepared","Predator"],"picked":"All Out Attack","floor":1},{"not_picked":["Quick Slash","Bane"],"picked":"Glass Knife","floor":3},{"not_picked":["PiercingWail","Leg Sweep"],"picked":"Infinite Blades","floor":5},{"not_picked":["Predator","Setup"],"picked":"Terror","floor":6},{"not_picked":["Acrobatics","Dodge and Roll"],"picked":"Cloak And Dagger","floor":7},{"not_picked":["Bane","Caltrops"],"picked":"Dagger Spray","floor":11},{"not_picked":["Skewer","Backflip"],"picked":"Bouncing Flask","floor":14},{"not_picked":["Tools of the Trade","A Thousand Cuts"],"picked":"After Image","floor":16},{"not_picked":["Deflect","Dagger Spray"],"picked":"Prepared","floor":22}],"player_experience":696660,"potions_floor_usage":[6,13,16,16,18],"damage_taken":[{"damage":2,"enemies":"2 Louse","floor":1,"turns":4},{"damage":4,"enemies":"Small Slimes","floor":3,"turns":4},{"damage":4,"enemies":"Jaw Worm","floor":5,"turns":4},{"damage":26,"enemies":"Gremlin Nob","floor":6,"turns":5},{"damage":2,"enemies":"Red Slaver","floor":7,"turns":5},{"damage":1,"enemies":"Blue Slaver","floor":11,"turns":2},{"damage":0,"enemies":"Large Slime","floor":13,"turns":4},{"damage":0,"enemies":"3 Louse","floor":14,"turns":1},{"damage":15,"enemies":"Hexaghost","floor":16,"turns":9},{"damage":5,"enemies":"Chosen","floor":18,"turns":4},{"damage":17,"enemies":"Shell Parasite","floor":22,"turns":5},{"damage":50,"enemies":"Book of Stabbing","floor":24,"turns":6}],"event_choices":[{"event_name":"Golden Wing","player_choice":"Card Removal","floor":2,"damage_taken":0},{"event_name":"Bonfire Elementals","player_choice":"RARE","floor":4,"damage_taken":0},{"event_name":"Ghosts","player_choice":"Ignored","floor":19,"damage_taken":0},{"event_name":"The Mausoleum","player_choice":"Yes","floor":20,"damage_taken":0},{"event_name":"Cursed Tome","player_choice":"Obtained Book","floor":21,"damage_taken":0}],"boss_relics":[{"not_picked":["White Beast Statue","Black Star"],"picked":"Sozu"}],"potions_floor_spawned":[5,6,11,13,16,22],"seed_played":"3132314622519069192","killed_by":"Book of Stabbing","ascension_level":14,"is_trial":false}