{"gold_per_floor":[18,38,38,50,50,78,78,109,134,144,144,144,169,187,187,258,258,273,273,290,290,290,290,324,324,324,339,62,62,76,108,108,186,186,203,220,220,0,0,18,18,18,68,80,90,106,106,123,123,123],"floor_reached":50,"playtime":3585,"items_purged":["Decay"],"score":879,"play_id":"667565b3-26d5-49ee-9f66-0ca5014ea9dc","local_time":"20190425221214","is_ascension_mode":true,"campfire_choices":[{"data":"Hyperbeam","floor":7,"key":"SMITH"},{"floor":11,"key":"REST"},{"floor":15,"key":"REST"},{"data":"Sunder","floor":23,"key":"SMITH"},{"floor":25,"key":"REST"},{"floor":32,"key":"REST"},{"data":"Hologram","floor":41,"key":"SMITH"},{"floor":47,"key":"REST"},{"floor":49,"key":"REST"}],"neow_cost":"NO_GOLD","seed_source_timestamp":29283671350631,"circlet_count":0,"master_deck":["AscendersBane","Strike_B","Strike_B","Strike_B+1","Strike_B","Defend_B","Defend_B","Defend_B","Zap","Dualcast+1","Hyperbeam+1","Gash","Auto Shields","Rebound","Sunder+1","Melter","Double Energy","Coolheaded","Sunder","Turbo","Core Surge","Stack","Go for the Eyes","Beam Cell+1","Leap","BootSequence","All For One","Hologram+1","Go for the Eyes+1","Leap+1","Stack","Streamline"],"relics":["Cracked Core","Strawberry","Vajra","Bronze Scales","Prayer Wheel","Busted Crown","Calipers","Cables","Orichalcum","Ginger","Eternal Feather","Red Mask","Ancient Tea Set"],"potions_floor_usage":[13,13,16,24,24,33,45,46,50,50],"damage_taken":[{"damage":0,"enemies":"Cultist","floor":1,"turns":2},{"damage":5,"enemies":"Small Slimes","floor":2,"turns":3},{"damage":0,"enemies":"2 Louse","floor":4,"turns":3},{"damage":10,"enemies":"3 Sentries","floor":6,"turns":4},{"damage":25,"enemies":"Lagavulin","floor":8,"turns":5},{"damage":0,"enemies":"Red Slaver","floor":10,"turns":1},{"damage":6,"enemies":"Gremlin Nob","floor":13,"turns":3},{"damage":4,"enemies":"2 Fungi Beasts","floor":14,"turns":2},{"damage":32,"enemies":"The Guardian","floor":16,"turns":10},{"damage":0,"enemies":"Spheric Guardian","floor":18,"turns":3},{"damage":9,"enemies":"3 Byrds","floor":20,"turns":2},{"damage":30,"enemies":"Book of Stabbing","floor":24,"turns":3},{"damage":4,"enemies":"3 Cultists","floor":27,"turns":3},{"damage":19,"enemies":"Shelled Parasite and Fungi","floor":30,"turns":3},{"damage":15,"enemies":"Gremlin Leader","floor":31,"turns":5},{"damage":32,"enemies":"Collector","floor":33,"turns":8},{"damage":6,"enemies":"Orb Walker","floor":35,"turns":4},{"damage":46,"enemies":"3 Darklings","floor":36,"turns":4},{"damage":4,"enemies":"Jaw Worm Horde","floor":40,"turns":3},{"damage":19,"enemies":"Writhing Mass","floor":44,"turns":6},{"damage":44,"enemies":"Spire Growth","floor":45,"turns":5},{"damage":0,"enemies":"3 Darklings","floor":46,"turns":4},{"damage":22,"enemies":"Jaw Worm Horde","floor":48,"turns":4},{"damage":54,"enemies":"Donu and Deca","floor":50,"turns":7}],"seed_played":"-2244009583504951568","potions_obtained":[{"floor":1,"key":"Block Potion"},{"floor":4,"key":"PowerPotion"},{"floor":6,"key":"FearPotion"},{"floor":14,"key":"SteroidPotion"},{"floor":18,"key":"FearPotion"},{"floor":20,"key":"Poison Potion"},{"floor":22,"key":"Explosive Potion"},{"floor":31,"key":"SkillPotion"},{"floor":36,"key":"Weak Potion"},{"floor":44,"key":"EssenceOfSteel"},{"floor":45,"key":"FearPotion"},{"floor":46,"key":"Strength Potion"}],"is_trial":false,"path_per_floor":["M","M","$","M","?","E","R","E","T","M","R","?","E","M","R","B",null,"M","?","M","?","?","R","E","R","T","M","$","?","M","E","R","B",null,"M","M","?","?","?","M","R","?","T","M","M","M","R","M","R","B"],"character_chosen":"DEFECT","items_purchased":["Orichalcum","Leap"],"campfire_rested":6,"item_purchase_floors":[28,28],"current_hp_per_floor":[64,59,59,59,38,35,35,10,10,10,33,22,16,12,35,3,59,59,59,50,66,66,66,36,59,59,55,55,55,36,21,44,12,62,56,10,64,64,64,60,64,64,64,45,1,1,38,16,53,0],"gold":123,"neow_bonus":"THREE_RARE_CARDS","is_prod":false,"is_daily":false,"chose_seed":false,"campfire_upgraded":3,"win_rate":0,"timestamp":1556223134,"path_taken":["M","M","?","M","?","E","R","E","T","M","R","?","E","M","R","BOSS","M","?","M","?","?","R","E","R","T","?","$","?","M","E","R","BOSS","M","M","?","?","?","M","R","?","T","M","M","?","R","M","R","BOSS"],"build_version":"2019-01-23","purchased_purges":1,"victory":false,"max_hp_per_floor":[71,71,71,71,71,78,78,78,78,78,78,78,78,78,78,78,78,78,78,78,78,78,78,78,78,78,78,78,78,78,78,78,78,78,78,78,64,64,64,64,64,64,64,64,64,64,64,64,64,64],"card_choices":[{"not_picked":["Thunder Strike","Echo Form"],"picked":"Hyperbeam","floor":0},{"not_picked":["Reinforced Body","Compile Driver"],"picked":"Gash","floor":1},{"not_picked":["Steam","Tempest"],"picked":"Auto Shields","floor":2},{"not_picked":["Turbo","Cold Snap"],"picked":"Rebound","floor":4},{"not_picked":["Electrodynamics","Compile Driver"],"picked":"Sunder","floor":6},{"not_picked":["Go for the Eyes","Stack"],"picked":"Melter","floor":8},{"not_picked":["Lockon","Static Discharge"],"picked":"Double Energy","floor":10},{"not_picked":["Meteor Strike","Hello World"],"picked":"Coolheaded","floor":13},{"not_picked":["Chaos","Capacitor"],"picked":"Sunder","floor":14},{"not_picked":["Sweeping Beam","Leap"],"picked":"Turbo","floor":14},{"not_picked":["Creative AI","Reboot"],"picked":"Core Surge","floor":16},{"not_picked":[],"picked":"Stack","floor":18},{"not_picked":["Hello World"],"picked":"SKIP","floor":18},{"not_picked":[],"picked":"Go for the Eyes","floor":20},{"not_picked":["Cold Snap"],"picked":"SKIP","floor":20},{"not_picked":["Barrage"],"picked":"SKIP","floor":24},{"not_picked":[],"picked":"Beam Cell+1","floor":27},{"not_picked":["Turbo"],"picked":"SKIP","floor":27},{"not_picked":["Steam Power"],"picked":"SKIP","floor":30},{"not_picked":["Double Energy"],"picked":"SKIP","floor":30},{"not_picked":[],"picked":"BootSequence","floor":31},{"not_picked":[],"picked":"All For One","floor":33},{"not_picked":[],"picked":"Hologram","floor":35},{"not_picked":["Compile Driver+1"],"picked":"SKIP","floor":35},{"not_picked":[],"picked":"Go for the Eyes+1","floor":36},{"not_picked":["Double Energy"],"picked":"SKIP","floor":36},{"not_picked":["Ball Lightning"],"picked":"SKIP","floor":40},{"not_picked":["Rebound"],"picked":"SKIP","floor":40},{"not_picked":[],"picked":"Leap+1","floor":44},{"not_picked":["Auto Shields"],"picked":"SKIP","floor":44},{"not_picked":[],"picked":"Stack","floor":45},{"not_picked":["Scrape"],"picked":"SKIP","floor":45},{"not_picked":[],"picked":"Streamline","floor":46},{"not_picked":["Darkness"],"picked":"SKIP","floor":46},{"not_picked":["Cold Snap"],"picked":"SKIP","floor":48},{"not_picked":["Rebound"],"picked":"SKIP","floor":48}],"player_experience":271417,"relics_obtained":[{"floor":6,"key":"Strawberry"},{"floor":8,"key":"Vajra"},{"floor":9,"key":"Bronze Scales"},{"floor":13,"key":"Prayer Wheel"},{"floor":24,"key":"Calipers"},{"floor":26,"key":"Cables"},{"floor":31,"key":"Ginger"},{"floor":43,"key":"Ancient Tea Set"}],"event_choices":[{"damage_healed":0,"gold_gain":0,"player_choice":"Entered Light","damage_taken":21,"max_hp_gain":0,"max_hp_loss":0,"event_name":"Shining Light","floor":5,"gold_loss":0,"cards_upgraded":["Strike_B","Dualcast"]},{"damage_healed":0,"gold_gain":0,"player_choice":"Damaged","damage_taken":11,"max_hp_gain":0,"max_hp_loss":0,"event_name":"Wheel of Change","floor":12,"gold_loss":0},{"damage_healed":0,"gold_gain":0,"player_choice":"Smashed Altar","damage_taken":0,"max_hp_gain":0,"max_hp_loss":0,"event_name":"Forgotten Altar","floor":19,"gold_loss":0,"cards_obtained":["Decay"]},{"damage_healed":16,"gold_gain":0,"player_choice":"Heal","damage_taken":0,"max_hp_gain":0,"max_hp_loss":0,"event_name":"The Library","floor":21,"gold_loss":0},{"damage_healed":0,"gold_gain":0,"player_choice":"Got Potions","damage_taken":0,"max_hp_gain":0,"max_hp_loss":0,"event_name":"Lab","floor":22,"gold_loss":0},{"damage_healed":64,"gold_gain":0,"player_choice":"Heal","damage_taken":0,"max_hp_gain":0,"max_hp_loss":14,"event_name":"The Moai Head","floor":37,"gold_loss":0},{"damage_healed":0,"gold_gain":0,"player_choice":"Paid","damage_taken":0,"relics_obtained":["Red Mask"],"max_hp_gain":0,"max_hp_loss":0,"event_name":"Tomb of Lord Red Mask","floor":38,"gold_loss":220},{"cards_removed":["Defend_B"],"damage_healed":0,"gold_gain":0,"player_choice":"Removed Skill","damage_taken":0,"max_hp_gain":0,"max_hp_loss":0,"event_name":"Falling","floor":39,"gold_loss":0},{"damage_healed":0,"gold_gain":0,"player_choice":"Memory 1","damage_taken":0,"max_hp_gain":0,"max_hp_loss":0,"event_name":"SensoryStone","floor":42,"gold_loss":0}],"is_beta":false,"boss_relics":[{"not_picked":["Pandora\u0027s Box","Calling Bell"],"picked":"Busted Crown"},{"not_picked":["Orrery","Runic Dome"],"picked":"Eternal Feather"}],"items_purged_floors":[28],"is_endless":false,"potions_floor_spawned":[1,4,6,14,18,20,31,36,44,45,46],"killed_by":"Donu and Deca","ascension_level":15}