{"gold_per_floor":[360,379,8,8,20,20,30,65,65,95,95,124,124,9,9,83,83,93,93,93,103,75,107,120,150,150,150,7,40,40,58,58,135,135,148,148,166,184,196,196,196,196,196,226,244,16,48,48,48,48,48],"floor_reached":51,"playtime":2628,"items_purged":["Strike_R"],"score":1512,"play_id":"1e77e9ec-8462-4e2e-996d-f5886dfcd350","local_time":"20190504222425","is_ascension_mode":true,"campfire_choices":[{"data":"Combust","floor":6,"key":"SMITH"},{"data":"Immolate","floor":11,"key":"SMITH"},{"floor":15,"key":"REST"},{"floor":27,"key":"REST"},{"data":"1","floor":30,"key":"LIFT"},{"floor":32,"key":"REST"},{"data":"2","floor":40,"key":"LIFT"},{"data":"3","floor":42,"key":"LIFT"},{"floor":49,"key":"RECALL"}],"neow_cost":"PERCENT_DAMAGE","seed_source_timestamp":390117992035004,"circlet_count":0,"master_deck":["AscendersBane","Defend_R","Defend_R","Defend_R","Defend_R+1","Bash","Battle Trance","Sword Boomerang","Corruption","Combust+1","Anger","Immolate+1","Shrug It Off+1","Inflame","Limit Break","Whirlwind+1","Headbutt","Spot Weakness+1","Iron Wave+1","Disarm","Uppercut+1","Rage+1","Offering","Power Through+1","Disarm+1","Burning Pact+1","Shrug It Off","Clothesline+1","Decay","Shockwave","Limit Break","Heavy Blade","Shrug It Off"],"relics":["Burning Blood","Incense Burner","Bottled Flame","Pen Nib","Blue Candle","Fusion Hammer","Enchiridion","Paper Frog","Girya","Mango","Bottled Tornado","Astrolabe","Calipers","Whetstone","Omamori"],"potions_floor_usage":[10,10,23,25,31,33,33,50],"damage_taken":[{"damage":5,"enemies":"Small Slimes","floor":1,"turns":4},{"damage":1,"enemies":"Cultist","floor":2,"turns":3},{"damage":2,"enemies":"Jaw Worm","floor":5,"turns":5},{"damage":3,"enemies":"Looter","floor":7,"turns":2},{"damage":14,"enemies":"3 Sentries","floor":8,"turns":4},{"damage":12,"enemies":"Gremlin Nob","floor":10,"turns":3},{"damage":18,"enemies":"3 Sentries","floor":12,"turns":7},{"damage":19,"enemies":"Slime Boss","floor":16,"turns":8},{"damage":22,"enemies":"Spheric Guardian","floor":18,"turns":4},{"damage":1,"enemies":"Chosen","floor":21,"turns":3},{"damage":14,"enemies":"Book of Stabbing","floor":23,"turns":2},{"damage":20,"enemies":"Snecko","floor":24,"turns":3},{"damage":2,"enemies":"Slavers","floor":25,"turns":3},{"damage":31,"enemies":"Book of Stabbing","floor":29,"turns":4},{"damage":14,"enemies":"Shelled Parasite and Fungi","floor":31,"turns":2},{"damage":35,"enemies":"Collector","floor":33,"turns":4},{"damage":11,"enemies":"3 Darklings","floor":35,"turns":5},{"damage":4,"enemies":"3 Shapes","floor":37,"turns":5},{"damage":0,"enemies":"Jaw Worm Horde","floor":38,"turns":1},{"damage":6,"enemies":"4 Shapes","floor":39,"turns":5},{"damage":12,"enemies":"Nemesis","floor":44,"turns":3},{"damage":0,"enemies":"3 Darklings","floor":45,"turns":1},{"damage":35,"enemies":"Reptomancer","floor":47,"turns":4},{"damage":37,"enemies":"Time Eater","floor":50,"turns":7},{"damage":16,"enemies":"Awakened One","floor":51,"turns":1}],"seed_played":"6896212330443480858","potions_obtained":[{"floor":1,"key":"Energy Potion"},{"floor":2,"key":"Swift Potion"},{"floor":8,"key":"Strength Potion"},{"floor":12,"key":"SteroidPotion"},{"floor":18,"key":"Fire Potion"},{"floor":29,"key":"Dexterity Potion"},{"floor":31,"key":"SteroidPotion"},{"floor":39,"key":"SpeedPotion"},{"floor":45,"key":"Dexterity Potion"},{"floor":48,"key":"FearPotion"}],"is_trial":false,"path_per_floor":["M","M","$","?","M","R","M","E","T","E","R","E","?","$","R","B",null,"M","?","?","M","$","E","M","E","T","R","$","E","R","M","R","B",null,"M","?","M","M","M","R","?","R","T","E","M","$","E","?","R","B","B"],"character_chosen":"IRONCLAD","items_purchased":["Incense Burner","AttackPotion","Inflame","Headbutt","Disarm","Block Potion","Limit Break","Heavy Blade"],"campfire_rested":3,"item_purchase_floors":[3,3,14,22,28,28,46,46],"current_hp_per_floor":[51,56,56,56,60,60,63,55,55,49,49,37,14,14,36,23,62,46,25,25,30,30,22,8,12,26,52,52,27,27,19,45,16,71,66,66,68,74,74,74,74,74,74,68,74,74,45,45,45,14,0],"gold":48,"neow_bonus":"TWO_FIFTY_GOLD","is_prod":false,"is_daily":false,"chose_seed":false,"campfire_upgraded":2,"win_rate":0,"timestamp":1557033865,"path_taken":["M","M","$","?","?","R","M","E","T","E","R","E","?","$","R","BOSS","M","?","?","M","$","E","M","E","T","R","$","E","R","M","R","BOSS","M","?","?","M","M","R","?","R","T","E","?","$","E","?","R","BOSS","BOSS"],"build_version":"2019-04-23","purchased_purges":1,"victory":false,"max_hp_per_floor":[75,75,75,75,75,75,75,75,75,75,75,75,75,75,75,75,75,75,75,75,75,75,75,75,75,89,89,89,89,89,89,89,89,89,89,89,89,89,89,89,89,89,89,89,89,89,89,89,89,89,89],"card_choices":[{"not_picked":["Second Wind","Thunderclap"],"picked":"Battle Trance","floor":1},{"not_picked":["Shockwave","Power Through"],"picked":"Sword Boomerang","floor":2},{"not_picked":["Wild Strike","Body Slam"],"picked":"Combust","floor":5},{"not_picked":["Second Wind","Flex"],"picked":"Anger","floor":7},{"not_picked":["Heavy Blade","Body Slam"],"picked":"Immolate","floor":8},{"not_picked":["Metallicize","Seeing Red"],"picked":"Shrug It Off","floor":10},{"not_picked":["Twin Strike","Flex","Hemokinesis"],"picked":"SKIP","floor":12},{"not_picked":["Brutality","Double Tap"],"picked":"Limit Break","floor":16},{"not_picked":["Sword Boomerang","Cleave","Second Wind"],"picked":"SKIP","floor":18},{"not_picked":["Iron Wave+1","Warcry"],"picked":"Whirlwind","floor":21},{"not_picked":["Anger","Immolate"],"picked":"Spot Weakness+1","floor":23},{"not_picked":["Seeing Red+1","Pommel Strike","Headbutt"],"picked":"SKIP","floor":24},{"not_picked":["Cleave","Clothesline"],"picked":"Iron Wave+1","floor":25},{"not_picked":["Barricade","Warcry"],"picked":"Uppercut","floor":29},{"not_picked":["Sword Boomerang","Perfected Strike"],"picked":"Rage+1","floor":31},{"not_picked":["Feed","Brutality"],"picked":"Offering","floor":33},{"not_picked":["Iron Wave","Clash","Wild Strike"],"picked":"SKIP","floor":35},{"not_picked":["Entrench+1","Flex","Twin Strike"],"picked":"SKIP","floor":37},{"not_picked":["Infernal Blade","Pommel Strike"],"picked":"Shrug It Off","floor":38},{"not_picked":["Ghostly Armor","Pummel+1"],"picked":"Clothesline+1","floor":39},{"not_picked":["Power Through+1","Wild Strike+1"],"picked":"Shockwave","floor":44},{"not_picked":["Armaments","Perfected Strike+1","Rage"],"picked":"SKIP","floor":45},{"not_picked":["Armaments","Perfected Strike+1","Rage"],"picked":"SKIP","floor":45},{"not_picked":["Anger","Blood for Blood"],"picked":"Shrug It Off","floor":47}],"player_experience":6155541,"relics_obtained":[{"floor":8,"key":"Bottled Flame"},{"floor":10,"key":"Pen Nib"},{"floor":12,"key":"Blue Candle"},{"floor":19,"key":"Enchiridion"},{"floor":23,"key":"Paper Frog"},{"floor":25,"key":"Girya"},{"floor":26,"key":"Mango"},{"floor":29,"key":"Bottled Tornado"},{"floor":43,"key":"Calipers"},{"floor":44,"key":"Whetstone"},{"floor":47,"key":"Omamori"}],"event_choices":[{"damage_healed":0,"gold_gain":0,"cards_transformed":["Strike_R"],"player_choice":"Transformed","damage_taken":0,"max_hp_gain":0,"max_hp_loss":0,"event_name":"Transmorgrifier","floor":4,"gold_loss":0,"cards_obtained":["Corruption"]},{"damage_healed":0,"gold_gain":0,"player_choice":"Entered Light","damage_taken":23,"max_hp_gain":0,"max_hp_loss":0,"event_name":"Shining Light","floor":13,"gold_loss":0,"cards_upgraded":["Shrug It Off","Defend_R"]},{"damage_healed":0,"gold_gain":0,"player_choice":"Obtained Book","damage_taken":21,"max_hp_gain":0,"max_hp_loss":0,"event_name":"Cursed Tome","floor":19,"gold_loss":0},{"damage_healed":0,"gold_gain":0,"player_choice":"Ignored","damage_taken":0,"max_hp_gain":0,"max_hp_loss":0,"event_name":"Ghosts","floor":20,"gold_loss":0},{"damage_healed":0,"gold_gain":0,"player_choice":"Ignored","damage_taken":0,"max_hp_gain":0,"max_hp_loss":0,"event_name":"SecretPortal","floor":36,"gold_loss":0},{"damage_healed":0,"gold_gain":0,"player_choice":"Cursed","damage_taken":0,"max_hp_gain":0,"max_hp_loss":0,"event_name":"Wheel of Change","floor":41,"gold_loss":0,"cards_obtained":["Decay"]},{"damage_healed":0,"gold_gain":0,"player_choice":"Got Potions","damage_taken":0,"max_hp_gain":0,"max_hp_loss":0,"event_name":"Lab","floor":48,"gold_loss":0}],"is_beta":true,"boss_relics":[{"not_picked":["Orrery","Coffee Dripper"],"picked":"Fusion Hammer"},{"not_picked":["Velvet Choker","Lizard Tail"],"picked":"Astrolabe"}],"items_purged_floors":[14],"is_endless":false,"potions_floor_spawned":[1,2,8,12,18,29,31,39,45,47],"killed_by":"Awakened One","ascension_level":20}