{"path_per_floor":["M","$","M","M","M","R","M","R","T","M","R","M","?","$","R","B",null,"M","?","M","M","$","R","?","M","T","R","?","?","M","$","R","B",null,"M","?","?","?","M","R","M","M","T","M","?","M"],"character_chosen":"IRONCLAD","items_purchased":["Shrug It Off","Metallicize","Regen Potion"],"gold_per_floor":[364,289,299,312,331,331,342,342,366,384,384,396,396,166,166,262,262,282,282,294,305,128,128,128,144,144,144,144,144,163,13,13,116,116,131,231,231,231,243,243,254,269,269,282,282,299,299],"floor_reached":47,"campfire_rested":1,"playtime":2326,"current_hp_per_floor":[80,80,80,80,76,76,77,77,77,62,62,55,60,60,60,9,85,79,79,63,41,41,41,41,9,9,34,62,46,39,39,39,31,90,90,90,90,90,73,73,65,50,50,52,75,65,0],"items_purged":["Doubt","Strike_R","Strike_R","Strike_R"],"gold":299,"score":446,"play_id":"19572ee0-1cfd-45c9-b0d2-b62d9aabde42","local_time":"20180408190949","is_prod":false,"is_daily":false,"is_ascension_mode":false,"campfire_upgraded":7,"timestamp":1523228989,"path_taken":["M","$","M","M","M","R","M","R","T","M","R","M","?","$","R","BOSS","M","?","M","?","$","R","?","M","T","R","?","?","M","?","R","BOSS","M","?","?","?","M","R","M","?","T","M","?","M","E"],"build_version":"2018-04-05v2","purchased_purges":4,"victory":false,"master_deck":["Strike_R","Strike_R","Defend_R","Defend_R","Defend_R","Defend_R","Dropkick+1","Body Slam+1","Shrug It Off+1","Metallicize+1","Barricade+1","Body Slam+1","Armaments+1","Metallicize+1","Shrug It Off","Finesse","Iron Wave+1","Metallicize+1","Writhe"],"max_hp_per_floor":[80,80,80,80,80,80,80,80,80,80,80,80,85,85,85,85,85,85,85,85,85,85,85,85,85,85,85,85,90,90,90,90,90,90,90,90,90,90,90,90,90,90,90,90,90,90,90],"relics":["Burning Blood"],"card_choices":[{"not_picked":["Uppercut","Blood for Blood"],"picked":"Dropkick","floor":7},{"not_picked":["Dual Wield","Sword Boomerang"],"picked":"Body Slam","floor":10},{"not_picked":["Brutality","Fiend Fire"],"picked":"Barricade","floor":16},{"not_picked":["Inflame","Spot Weakness"],"picked":"Body Slam","floor":18},{"not_picked":["Uppercut","Shockwave"],"picked":"Armaments","floor":21},{"not_picked":["True Grit","Dropkick"],"picked":"Metallicize","floor":25},{"not_picked":["Seeing Red","Thunderclap"],"picked":"Shrug It Off","floor":35},{"not_picked":["Thinking Ahead","Flash of Steel"],"picked":"Finesse","floor":37},{"not_picked":["Uppercut","Havoc"],"picked":"Iron Wave","floor":42},{"not_picked":["Thunderclap","Infernal Blade"],"picked":"Metallicize","floor":44}],"player_experience":772256,"potions_floor_usage":[7,7,10,16,21,21,25,42,44,47],"damage_taken":[{"damage":1,"enemies":"Jaw Worm","floor":1,"turns":6},{"damage":0,"enemies":"2 Louse","floor":3,"turns":3},{"damage":0,"enemies":"Small Slimes","floor":4,"turns":4},{"damage":10,"enemies":"Blue Slaver","floor":5,"turns":7},{"damage":5,"enemies":"Red Slaver","floor":7,"turns":5},{"damage":21,"enemies":"Lots of Slimes","floor":10,"turns":4},{"damage":13,"enemies":"Exordium Wildlife","floor":12,"turns":4},{"damage":57,"enemies":"Slime Boss","floor":16,"turns":13},{"damage":12,"enemies":"3 Byrds","floor":18,"turns":8},{"damage":22,"enemies":"Chosen","floor":20,"turns":7},{"damage":43,"enemies":"Slaver and Parasite","floor":21,"turns":11},{"damage":53,"enemies":"Chosen and Byrds","floor":25,"turns":11},{"damage":13,"enemies":"Snake Plant","floor":30,"turns":5},{"damage":14,"enemies":"Champ","floor":33,"turns":10},{"damage":3,"enemies":"3 Shapes","floor":35,"turns":8},{"damage":23,"enemies":"Orb Walker","floor":39,"turns":8},{"damage":14,"enemies":"4 Shapes","floor":41,"turns":8},{"damage":21,"enemies":"Sphere and 2 Shapes","floor":42,"turns":9},{"damage":19,"enemies":"3 Darklings","floor":44,"turns":12},{"damage":16,"enemies":"Maw","floor":46,"turns":7},{"damage":85,"enemies":"2 Orb Walkers","floor":47,"turns":4}],"event_choices":[{"event_name":"Big Fish","player_choice":"Donut","floor":13,"damage_taken":0},{"event_name":"Ghosts","player_choice":"Ignored","floor":19,"damage_taken":0},{"event_name":"Drug Dealer","player_choice":"Ignored","floor":24,"damage_taken":0},{"event_name":"The Library","player_choice":"Heal","floor":28,"damage_taken":0},{"event_name":"Forgotten Altar","player_choice":"Shed Blood","floor":29,"damage_taken":0},{"event_name":"Golden Shrine","player_choice":"Pray","floor":36,"damage_taken":0},{"event_name":"SensoryStone","player_choice":"Memory 1","floor":37,"damage_taken":0},{"event_name":"Winding Halls","player_choice":"Writhe","floor":45,"damage_taken":0}],"boss_relics":[{"not_picked":["Runic Pyramid","White Beast Statue","Philosopher\u0027s Stone"]},{"not_picked":["Cursed Key","Black Star","Snecko Eye"]}],"potions_floor_spawned":[1,4,5,7,18,20,41,42,46],"seed_played":"-8885337899476256630","killed_by":"2 Orb Walkers","ascension_level":0,"is_trial":false}