{"gold_per_floor":[116,129,129,153,163,191,191,205,229,229,257,272,272,290,290,366,366,378,33,49,61,74,74,89,89,112,130,130],"floor_reached":28,"playtime":1176,"items_purged":[],"score":410,"play_id":"f557f360-a9fd-4c51-af6a-58d48f83b298","local_time":"20190320224240","is_ascension_mode":true,"campfire_choices":[{"data":"Self Repair","floor":7,"key":"SMITH"},{"floor":10,"key":"REST"},{"data":"Compile Driver","floor":13,"key":"SMITH"},{"data":"Barrage","floor":15,"key":"SMITH"},{"data":"Fission","floor":23,"key":"SMITH"},{"data":"Beam Cell","floor":25,"key":"SMITH"}],"neow_cost":"NONE","seed_source_timestamp":645721503444289,"circlet_count":0,"master_deck":["AscendersBane","Strike_B","Defend_B+1","Defend_B","Defend_B+1","Defend_B","Zap","Dualcast","Genetic Algorithm","Barrage+1","Self Repair+1","Compile Driver+1","Fission+1","Storm+1","Steam Power+1","Coolheaded+1","Beam Cell+1","Ball Lightning","Reinforced Body","Glacier","Barrage+1"],"relics":["Busted Crown","War Paint","Pantograph","Bronze Scales","Lantern","Astrolabe","Question Card","Happy Flower"],"potions_floor_usage":[6,6,11,14,21,28],"damage_taken":[{"damage":4,"enemies":"Jaw Worm","floor":1,"turns":4},{"damage":3,"enemies":"2 Louse","floor":2,"turns":3},{"damage":7,"enemies":"Small Slimes","floor":5,"turns":3},{"damage":42,"enemies":"Gremlin Nob","floor":6,"turns":5},{"damage":4,"enemies":"Looter","floor":8,"turns":4},{"damage":16,"enemies":"Lagavulin","floor":11,"turns":8},{"damage":2,"enemies":"2 Fungi Beasts","floor":12,"turns":3},{"damage":9,"enemies":"Exordium Thugs","floor":14,"turns":4},{"damage":37,"enemies":"The Guardian","floor":16,"turns":13},{"damage":0,"enemies":"3 Byrds","floor":18,"turns":4},{"damage":5,"enemies":"2 Thieves","floor":20,"turns":3},{"damage":10,"enemies":"3 Cultists","floor":21,"turns":6},{"damage":2,"enemies":"Snecko","floor":22,"turns":6},{"damage":0,"enemies":"Snake Plant","floor":24,"turns":4},{"damage":0,"enemies":"3 Cultists","floor":27,"turns":5},{"damage":80,"enemies":"Gremlin Leader","floor":28,"turns":6}],"seed_played":"-8219540953790370193","potions_obtained":[{"floor":2,"key":"PowerPotion"},{"floor":5,"key":"SpeedPotion"},{"floor":8,"key":"FearPotion"},{"floor":12,"key":"FearPotion"},{"floor":20,"key":"SkillPotion"},{"floor":22,"key":"Dexterity Potion"}],"is_trial":false,"path_per_floor":["M","M","?","T","M","E","R","M","T","R","E","M","R","M","R","B",null,"M","$","M","M","M","R","M","R","T","M","E"],"character_chosen":"DEFECT","items_purchased":["Ball Lightning","Question Card","Reinforced Body"],"campfire_rested":1,"item_purchase_floors":[19,19,19],"current_hp_per_floor":[60,57,62,62,55,13,13,19,19,41,35,43,43,44,44,42,68,76,76,76,76,76,76,76,76,76,76,0],"gold":130,"neow_bonus":"BOSS_RELIC","is_prod":false,"is_daily":false,"chose_seed":false,"campfire_upgraded":5,"win_rate":0,"timestamp":1553136160,"path_taken":["M","M","?","?","M","E","R","M","T","R","E","M","R","M","R","BOSS","M","$","M","M","M","R","M","R","T","M","E"],"build_version":"2019-03-15","purchased_purges":0,"victory":false,"max_hp_per_floor":[71,71,76,76,76,76,76,76,76,76,76,76,76,76,76,76,76,76,76,76,76,76,76,76,76,76,76,76],"card_choices":[{"not_picked":["Beam Cell"],"picked":"SKIP","floor":1},{"not_picked":[],"picked":"Genetic Algorithm","floor":2},{"not_picked":[],"picked":"Barrage","floor":5},{"not_picked":[],"picked":"Self Repair","floor":6},{"not_picked":["Stack"],"picked":"SKIP","floor":8},{"not_picked":["Force Field"],"picked":"SKIP","floor":11},{"not_picked":[],"picked":"Compile Driver","floor":12},{"not_picked":["Stack"],"picked":"SKIP","floor":14},{"not_picked":[],"picked":"Fission","floor":16},{"not_picked":[],"picked":"Beam Cell","floor":18},{"not_picked":["Beam Cell","Leap+1"],"picked":"SKIP","floor":20},{"not_picked":["Turbo","Storm+1"],"picked":"SKIP","floor":21},{"not_picked":["Steam"],"picked":"Glacier","floor":22},{"not_picked":["Stack"],"picked":"Barrage+1","floor":24},{"not_picked":["Double Energy","Turbo"],"picked":"SKIP","floor":27}],"player_experience":2242768,"relics_obtained":[{"floor":4,"key":"War Paint"},{"floor":6,"key":"Pantograph"},{"floor":9,"key":"Bronze Scales"},{"floor":11,"key":"Lantern"},{"floor":26,"key":"Happy Flower"}],"event_choices":[{"damage_healed":0,"gold_gain":0,"player_choice":"Donut","damage_taken":0,"max_hp_gain":5,"max_hp_loss":0,"event_name":"Big Fish","floor":3,"gold_loss":0}],"is_beta":true,"boss_relics":[{"not_picked":["Empty Cage","Cursed Key"],"picked":"Astrolabe"}],"items_purged_floors":[],"is_endless":false,"potions_floor_spawned":[2,5,8,12,20,22],"killed_by":"Gremlin Leader","ascension_level":15}