{"gold_per_floor":[114,130,130,130,143,143,163,163,188,224,224,247,282,282,282,282],"floor_reached":16,"playtime":5167,"items_purged":[],"score":116,"play_id":"cf6fcb5d-0492-456f-8bd0-739d71552874","local_time":"20181123011347","is_ascension_mode":true,"campfire_choices":[{"data":"Envenom","floor":6,"key":"SMITH"},{"floor":8,"key":"REST"},{"floor":11,"key":"REST"},{"floor":15,"key":"REST"}],"neow_cost":"PERCENT_DAMAGE","seed_source_timestamp":316227788177177,"circlet_count":0,"master_deck":["Defend_G","Defend_G","Defend_G","Defend_G","Defend_G","Strike_G","Strike_G","Strike_G","Strike_G","Survivor","Neutralize","Envenom+1","Poisoned Stab","Terror","Catalyst","Bane","Footwork","Backflip","Storm of Steel"],"relics":["Ring of the Snake","Golden Idol","Art of War","Smiling Mask","Thread and Needle"],"potions_floor_usage":[10,12,13],"damage_taken":[{"damage":5,"enemies":"Jaw Worm","floor":1,"turns":4},{"damage":1,"enemies":"Cultist","floor":2,"turns":3},{"damage":7,"enemies":"2 Louse","floor":5,"turns":4},{"damage":10,"enemies":"Exordium Thugs","floor":7,"turns":4},{"damage":28,"enemies":"3 Sentries","floor":10,"turns":7},{"damage":13,"enemies":"2 Fungi Beasts","floor":12,"turns":3},{"damage":5,"enemies":"Gremlin Nob","floor":13,"turns":4},{"damage":41,"enemies":"The Guardian","floor":16,"turns":12}],"seed_played":"3421434726162012044","potions_obtained":[{"floor":2,"key":"PowerPotion"},{"floor":7,"key":"Ancient Potion"},{"floor":10,"key":"SkillPotion"},{"floor":13,"key":"Ancient Potion"}],"is_trial":false,"path_per_floor":["M","M","?","?","M","R","M","R","T","E","R","M","E","?","R","B"],"character_chosen":"THE_SILENT","items_purchased":[],"campfire_rested":3,"item_purchase_floors":[],"current_hp_per_floor":[44,43,43,43,36,36,26,45,45,17,36,23,18,18,37,0],"gold":282,"neow_bonus":"THREE_RARE_CARDS","is_prod":false,"is_daily":false,"chose_seed":false,"campfire_upgraded":1,"win_rate":0,"timestamp":1542953627,"path_taken":["M","M","?","?","M","R","M","R","T","E","R","?","E","?","R","BOSS"],"build_version":"2018-11-15","purchased_purges":0,"victory":false,"max_hp_per_floor":[70,70,65,65,65,65,65,65,65,65,65,65,65,65,65,65],"card_choices":[{"not_picked":["Phantasmal Killer","A Thousand Cuts"],"picked":"Envenom","floor":0},{"not_picked":["Heel Hook","Slice"],"picked":"Poisoned Stab","floor":1},{"not_picked":["Quick Slash","Prepared"],"picked":"Terror","floor":2},{"not_picked":["Bane","Deflect"],"picked":"Catalyst","floor":5},{"not_picked":["Skewer","Blur"],"picked":"Bane","floor":7},{"not_picked":["PiercingWail","Endless Agony"],"picked":"Footwork","floor":10},{"not_picked":["Deflect","Concentrate"],"picked":"Backflip","floor":12},{"not_picked":["Backflip","Escape Plan","Well Laid Plans"],"picked":"SKIP","floor":13}],"player_experience":342752,"relics_obtained":[{"floor":9,"key":"Art of War"},{"floor":10,"key":"Smiling Mask"},{"floor":13,"key":"Thread and Needle"}],"event_choices":[{"damage_healed":0,"gold_gain":0,"player_choice":"Lose Max HP","damage_taken":0,"relics_obtained":["Golden Idol"],"max_hp_gain":0,"max_hp_loss":5,"event_name":"Golden Idol","floor":3,"gold_loss":0},{"damage_healed":0,"gold_gain":0,"player_choice":"Bought 0 Potions","damage_taken":0,"max_hp_gain":0,"max_hp_loss":0,"event_name":"The Woman in Blue","floor":4,"gold_loss":0},{"damage_healed":0,"gold_gain":0,"cards_transformed":["Strike_G"],"player_choice":"Transformed","damage_taken":0,"max_hp_gain":0,"max_hp_loss":0,"event_name":"Transmorgrifier","floor":14,"gold_loss":0,"cards_obtained":["Storm of Steel"]}],"is_beta":false,"boss_relics":[],"items_purged_floors":[],"is_endless":false,"potions_floor_spawned":[2,7,10,13],"killed_by":"The Guardian","ascension_level":1}