{"path_per_floor":["M","?","?","M","?","R","$","?","T","E","M","R","?","?","R","B",null,"M","?","M","M","M","R","?","M","T","M","?","M"],"character_chosen":"THE_SILENT","items_purchased":["Vajra","Footwork"],"gold_per_floor":[114,264,264,280,280,280,17,17,42,78,97,97,97,127,127,223,223,223,223,223,223,223,223,148,148,148,148,63,63,63],"floor_reached":30,"campfire_rested":0,"playtime":1262,"current_hp_per_floor":[59,59,64,63,63,63,63,63,63,55,55,55,48,44,44,41,58,50,50,39,37,20,20,20,15,15,6,6,4,0],"items_purged":["Doubt"],"gold":63,"score":403,"play_id":"da92f17b-fb85-493b-bdf7-01c3fa06551c","local_time":"20180409213433","is_prod":false,"is_daily":false,"is_ascension_mode":true,"campfire_upgraded":4,"timestamp":1523324073,"path_taken":["M","?","?","M","?","R","$","?","T","E","?","R","?","?","R","BOSS","M","?","M","?","M","R","?","M","T","M","?","M","E"],"build_version":"2018-04-05v2","purchased_purges":1,"victory":false,"master_deck":["Defend_G","Defend_G","Defend_G","Defend_G+1","Defend_G+1","Strike_G","Strike_G","Strike_G","Survivor","Neutralize+1","AscendersBane","Dagger Spray+1","Terror+1","Footwork+1","Dash","Dagger Throw","Sucker Punch+1","Bullet Time","Blur","Predator","Noxious Fumes+1","Cloak And Dagger"],"max_hp_per_floor":[66,66,71,71,64,64,64,64,64,64,64,64,64,64,64,64,64,64,64,64,64,64,64,64,64,64,64,64,64,64],"relics":["Ring of the Snake","Bloody Idol","Vajra","War Paint","Bag of Preparation","Odd Mushroom","Ectoplasm","Tiny Chest","Molten Egg 2"],"card_choices":[{"not_picked":["Riddle With Holes","Deadly Poison"],"picked":"Dagger Spray","floor":1},{"not_picked":["Bane","Skewer"],"picked":"Terror","floor":4},{"not_picked":["Well Laid Plans","Deadly Poison"],"picked":"Dash","floor":10},{"not_picked":["Dash","Outmaneuver"],"picked":"Dagger Throw","floor":11},{"not_picked":["Slice","Blade Dance"],"picked":"Sucker Punch","floor":14},{"not_picked":["Die Die Die","Doppelganger"],"picked":"Bullet Time","floor":16},{"not_picked":["Cloak And Dagger","Deflect"],"picked":"Blur","floor":20},{"not_picked":["Dodge and Roll","Poisoned Stab"],"picked":"Predator","floor":21},{"not_picked":["Calculated Gamble","Bane"],"picked":"Noxious Fumes","floor":22},{"not_picked":["Bane","Infinite Blades"],"picked":"Cloak And Dagger","floor":29}],"player_experience":794826,"potions_floor_usage":[14,16,16,22,29,29],"damage_taken":[{"damage":0,"enemies":"2 Louse","floor":1,"turns":3},{"damage":1,"enemies":"Small Slimes","floor":4,"turns":4},{"damage":8,"enemies":"3 Sentries","floor":10,"turns":7},{"damage":0,"enemies":"Jaw Worm","floor":11,"turns":3},{"damage":4,"enemies":"The Mushroom Lair","floor":14,"turns":4},{"damage":3,"enemies":"Hexaghost","floor":16,"turns":11},{"damage":8,"enemies":"Spheric Guardian","floor":18,"turns":4},{"damage":11,"enemies":"Shell Parasite","floor":20,"turns":5},{"damage":2,"enemies":"Cultist and Chosen","floor":21,"turns":8},{"damage":17,"enemies":"Sentry and Sphere","floor":22,"turns":4},{"damage":5,"enemies":"Snecko","floor":25,"turns":4},{"damage":9,"enemies":"3 Cultists","floor":27,"turns":4},{"damage":2,"enemies":"Chosen and Byrds","floor":29,"turns":5},{"damage":4,"enemies":"Book of Stabbing","floor":30,"turns":4}],"event_choices":[{"event_name":"Liars Game","player_choice":"agreed","floor":2,"damage_taken":0},{"event_name":"Big Fish","player_choice":"Donut","floor":3,"damage_taken":0},{"event_name":"Golden Idol","player_choice":"Lose Max HP","floor":5,"damage_taken":0},{"event_name":"Upgrade Shrine","player_choice":"Upgraded","floor":8,"damage_taken":0},{"event_name":"Golden Wing","player_choice":"Card Removal","floor":13,"damage_taken":0},{"event_name":"Mushrooms","player_choice":"Fought Mushrooms","floor":14,"damage_taken":0},{"event_name":"Forgotten Altar","player_choice":"Gave Idol","floor":19,"damage_taken":0},{"event_name":"Beggar","player_choice":"Gave Gold","floor":24,"damage_taken":0},{"event_name":"Addict","player_choice":"Obtained Relic","floor":28,"damage_taken":0}],"boss_relics":[{"not_picked":["Runic Pyramid","Cursed Key"],"picked":"Ectoplasm"}],"potions_floor_spawned":[4,11,14,20,22,25],"seed_played":"2989456499945885940","killed_by":"Book of Stabbing","ascension_level":15,"is_trial":false}