{"gold_per_floor":[119,138,103,114,132,158,178,195,195,195,228,228,153,153,153,247,247,261,186,199,215,215,253,253,7,7,34,34,34,34,68,68,162,162,178,453,453,473,127,127,141,141,141,141,266,304,304,22,22,22,22,22,22,22,57,57],"floor_reached":56,"playtime":3577,"items_purged":["Strike_G"],"score":1913,"play_id":"b364a7bd-9a49-4c36-9930-2b97f9ca6c89","local_time":"20190405020935","is_ascension_mode":true,"campfire_choices":[{"data":"Crippling Poison","floor":10,"key":"SMITH"},{"data":"Bouncing Flask","floor":12,"key":"SMITH"},{"data":"Catalyst","floor":15,"key":"SMITH"},{"floor":24,"key":"REST"},{"data":"After Image","floor":28,"key":"SMITH"},{"data":"Wraith Form v2","floor":30,"key":"SMITH"},{"floor":32,"key":"REST"},{"data":"Well Laid Plans","floor":40,"key":"SMITH"},{"data":"Burst","floor":42,"key":"SMITH"},{"floor":47,"key":"RECALL"},{"data":"Caltrops","floor":49,"key":"SMITH"},{"floor":53,"key":"REST"}],"neow_cost":"PERCENT_DAMAGE","seed_source_timestamp":313480590361222,"circlet_count":0,"master_deck":["AscendersBane","Defend_G","Defend_G","Defend_G","Defend_G","Defend_G","Strike_G","Strike_G","Survivor","Neutralize","Endless Agony","Dash","Bouncing Flask+1","Crippling Poison+1","Finisher","Backflip","Catalyst+1","After Image+1","PiercingWail","Well Laid Plans+1","Blur","Necronomicurse","Wraith Form v2+1","Glass Knife","Caltrops+1","PiercingWail","Burst+1","PiercingWail","Crippling Poison"],"relics":["Ring of the Serpent","StoneCalendar","Singing Bowl","Prayer Wheel","Juzu Bracelet","Golden Idol","Sozu","Necronomicon","The Specimen","Omamori","Art of War","Happy Flower","Shuriken","Tiny Chest","Oddly Smooth Stone","Ginger","Mango","Lee\u0027s Waffle","Thread and Needle"],"potions_floor_usage":[6,6,23],"damage_taken":[{"damage":3,"enemies":"Small Slimes","floor":1,"turns":4},{"damage":3,"enemies":"2 Louse","floor":2,"turns":3},{"damage":0,"enemies":"Jaw Worm","floor":4,"turns":3},{"damage":2,"enemies":"Exordium Wildlife","floor":5,"turns":6},{"damage":5,"enemies":"Lagavulin","floor":6,"turns":6},{"damage":8,"enemies":"Blue Slaver","floor":7,"turns":4},{"damage":4,"enemies":"Large Slime","floor":8,"turns":7},{"damage":21,"enemies":"Gremlin Nob","floor":11,"turns":4},{"damage":5,"enemies":"Hexaghost","floor":16,"turns":9},{"damage":3,"enemies":"3 Byrds","floor":18,"turns":6},{"damage":1,"enemies":"Shell Parasite","floor":20,"turns":3},{"damage":1,"enemies":"Snake Plant","floor":21,"turns":4},{"damage":14,"enemies":"Book of Stabbing","floor":23,"turns":5},{"damage":11,"enemies":"Slavers","floor":31,"turns":6},{"damage":29,"enemies":"Collector","floor":33,"turns":8},{"damage":17,"enemies":"3 Darklings","floor":35,"turns":5},{"damage":0,"enemies":"Orb Walker","floor":38,"turns":5},{"damage":31,"enemies":"3 Darklings","floor":41,"turns":5},{"damage":0,"enemies":"Mind Bloom Boss Battle","floor":45,"turns":7},{"damage":13,"enemies":"Reptomancer","floor":46,"turns":7},{"damage":27,"enemies":"Time Eater","floor":50,"turns":8},{"damage":63,"enemies":"Awakened One","floor":51,"turns":14},{"damage":50,"enemies":"Shield and Spear","floor":55,"turns":8},{"damage":94,"enemies":"The Heart","floor":56,"turns":3}],"seed_played":"-1989172852102609261","potions_obtained":[{"floor":1,"key":"Block Potion"},{"floor":2,"key":"SkillPotion"},{"floor":16,"key":"SkillPotion"}],"is_trial":false,"path_per_floor":["M","M","?","M","M","E","M","M","T","R","E","R","$","?","R","B",null,"M","?","M","M","?","E","R","$","T","T","R","$","R","E","R","B",null,"M","?","?","M","$","R","M","R","T","?","?","E","R","$","R","B","B",null,"R","$","E","B"],"character_chosen":"THE_SILENT","items_purchased":["Omamori","Wraith Form v2","Tiny Chest","Oddly Smooth Stone","PiercingWail","Lee\u0027s Waffle","PiercingWail"],"campfire_rested":3,"item_purchase_floors":[25,25,39,39,39,48,48],"current_hp_per_floor":[41,38,54,54,52,47,39,37,37,37,16,16,16,16,16,11,49,46,46,47,50,29,17,38,38,38,38,38,38,38,29,50,21,59,44,44,59,63,63,63,34,34,34,34,36,39,39,105,105,78,15,83,105,105,55,0],"gold":57,"neow_bonus":"ONE_RARE_RELIC","is_prod":false,"is_daily":false,"chose_seed":false,"campfire_upgraded":8,"win_rate":0,"timestamp":1554444575,"path_taken":["M","M","?","M","M","E","M","M","T","R","E","R","$","?","R","BOSS","M","?","M","M","?","E","R","$","T","?","R","$","R","E","R","BOSS","M","?","?","M","$","R","M","R","T","?","?","E","R","?","R","BOSS","BOSS","R","$","E","BOSS"],"build_version":"2019-01-23","purchased_purges":1,"victory":false,"max_hp_per_floor":[66,66,66,66,66,66,66,68,68,68,68,68,68,62,62,62,62,62,62,64,68,68,70,70,70,70,70,70,70,70,72,72,72,72,74,74,74,78,78,78,80,80,80,80,82,98,98,105,105,105,105,105,105,105,105,105],"card_choices":[{"not_picked":["Infinite Blades","Eviscerate"],"picked":"Endless Agony","floor":1},{"not_picked":["Dodge and Roll","Sucker Punch"],"picked":"Dash","floor":2},{"not_picked":["PiercingWail","Blade Dance"],"picked":"Bouncing Flask","floor":4},{"not_picked":["Deadly Poison","Leg Sweep"],"picked":"Crippling Poison","floor":5},{"not_picked":["Escape Plan","Dodge and Roll"],"picked":"Finisher","floor":6},{"not_picked":["Slice","Distraction"],"picked":"Backflip","floor":7},{"not_picked":["Backflip","Slice","Quick Slash"],"picked":"Singing Bowl","floor":8},{"not_picked":["Blur","Predator"],"picked":"Catalyst","floor":11},{"not_picked":["Corpse Explosion","Adrenaline"],"picked":"After Image","floor":16},{"not_picked":["Outmaneuver","Heel Hook"],"picked":"PiercingWail","floor":18},{"not_picked":["Caltrops","PiercingWail"],"picked":"Well Laid Plans","floor":18},{"not_picked":["Prepared","Bane"],"picked":"Blur","floor":20},{"not_picked":["Skewer","Quick Slash","Finisher+1"],"picked":"Singing Bowl","floor":20},{"not_picked":["Catalyst","Riddle With Holes","Well Laid Plans"],"picked":"Singing Bowl","floor":21},{"not_picked":["Accuracy","Concentrate","Cloak And Dagger+1"],"picked":"Singing Bowl","floor":21},{"not_picked":["Concentrate","Endless Agony+1","Blur"],"picked":"Singing Bowl","floor":23},{"not_picked":["Quick Slash","Tools of the Trade","Predator"],"picked":"Singing Bowl","floor":31},{"not_picked":["Doppelganger","Tools of the Trade"],"picked":"Glass Knife","floor":33},{"not_picked":["Poisoned Stab","Cloak And Dagger"],"picked":"Caltrops","floor":35},{"not_picked":["Slice","Outmaneuver","Deadly Poison+1"],"picked":"Singing Bowl","floor":35},{"not_picked":["Distraction","Deadly Poison","Blade Dance"],"picked":"Singing Bowl","floor":38},{"not_picked":["Quick Slash","Acrobatics","Dodge and Roll"],"picked":"Singing Bowl","floor":38},{"not_picked":["Leg Sweep+1","PiercingWail"],"picked":"Burst","floor":41},{"not_picked":["Sucker Punch","Terror","Expertise"],"picked":"Singing Bowl","floor":41},{"not_picked":["Sucker Punch","Reflex","Cloak And Dagger"],"picked":"Singing Bowl","floor":45},{"not_picked":["Heel Hook","Distraction","Sucker Punch"],"picked":"Singing Bowl","floor":46},{"not_picked":["Backflip+1","Flechettes"],"picked":"Crippling Poison","floor":55}],"player_experience":1603924,"relics_obtained":[{"floor":6,"key":"Singing Bowl"},{"floor":9,"key":"Prayer Wheel"},{"floor":11,"key":"Juzu Bracelet"},{"floor":22,"key":"Necronomicon"},{"floor":23,"key":"The Specimen"},{"floor":26,"key":"Art of War"},{"floor":27,"key":"Happy Flower"},{"floor":31,"key":"Shuriken"},{"floor":45,"key":"Ginger"},{"floor":46,"key":"Mango"},{"floor":55,"key":"Thread and Needle"}],"event_choices":[{"damage_healed":16,"gold_gain":0,"player_choice":"Healed","damage_taken":0,"max_hp_gain":0,"max_hp_loss":0,"event_name":"The Cleric","floor":3,"gold_loss":35},{"damage_healed":0,"gold_gain":0,"player_choice":"Lose Max HP","damage_taken":0,"relics_obtained":["Golden Idol"],"max_hp_gain":0,"max_hp_loss":6,"event_name":"Golden Idol","floor":14,"gold_loss":0},{"cards_removed":["Strike_G"],"damage_healed":0,"gold_gain":0,"player_choice":"Gave Gold","damage_taken":0,"max_hp_gain":0,"max_hp_loss":0,"event_name":"Beggar","floor":19,"gold_loss":75},{"damage_healed":0,"gold_gain":0,"player_choice":"Obtained Book","damage_taken":21,"max_hp_gain":0,"max_hp_loss":0,"event_name":"Cursed Tome","floor":22,"gold_loss":0},{"damage_healed":0,"gold_gain":275,"player_choice":"Desecrate","damage_taken":0,"max_hp_gain":0,"max_hp_loss":0,"event_name":"Golden Shrine","floor":36,"gold_loss":0,"cards_obtained":["Regret"]},{"damage_healed":15,"gold_gain":0,"player_choice":"Writhe","damage_taken":0,"max_hp_gain":0,"max_hp_loss":0,"event_name":"Winding Halls","floor":37,"gold_loss":0,"cards_obtained":["Writhe"]},{"cards_removed":["Strike_G"],"damage_healed":0,"gold_gain":0,"player_choice":"Removed Attack","damage_taken":0,"max_hp_gain":0,"max_hp_loss":0,"event_name":"Falling","floor":44,"gold_loss":0},{"damage_healed":0,"gold_gain":0,"player_choice":"Fight","damage_taken":0,"max_hp_gain":0,"max_hp_loss":0,"event_name":"MindBloom","floor":45,"gold_loss":0}],"is_beta":false,"boss_relics":[{"not_picked":["Astrolabe","Empty Cage"],"picked":"Sozu"},{"not_picked":["Runic Pyramid","Cursed Key"],"picked":"Ring of the Serpent"}],"items_purged_floors":[13],"is_endless":false,"potions_floor_spawned":[1,2,16,23,31,45,46],"killed_by":"The Heart","ascension_level":20}