{"path_per_floor":["M","?","$","?","M","E","R","$","T","?","E","M","?","?","R","B",null,"M","$","?","M","?","E","M","?","T","?","?","R","E","M","R","B",null,"M","?"],"character_chosen":"IRONCLAD","items_purchased":["Omamori","Feel No Pain","Shrug It Off","Matryoshka","Pear"],"gold_per_floor":[110,185,32,182,194,225,225,26,26,26,58,78,328,328,328,402,402,413,10,10,24,24,54,65,65,91,91,91,91,122,135,135,214,214,232,232,232],"floor_reached":37,"campfire_rested":1,"playtime":1669,"current_hp_per_floor":[74,63,63,63,69,75,75,75,75,75,45,51,51,51,51,11,59,45,55,55,57,57,15,22,22,22,22,22,47,27,48,48,36,73,79,73,0],"items_purged":["Strike_R"],"gold":232,"score":907,"play_id":"aece245e-e435-4696-870a-e90655264e4a","local_time":"20180413012008","is_prod":false,"is_daily":false,"chose_seed":false,"is_ascension_mode":true,"campfire_upgraded":3,"timestamp":1523596808,"path_taken":["M","?","$","?","?","E","R","?","T","?","E","M","?","?","R","BOSS","M","$","?","M","?","E","M","?","T","?","?","R","E","M","R","BOSS","M","?","M"],"build_version":"2018-04-12","seed_source_timestamp":12287792318981,"purchased_purges":2,"victory":false,"master_deck":["Strike_R","Strike_R","Strike_R","Strike_R","Defend_R","Defend_R","Defend_R+1","Defend_R","Bash","AscendersBane","Dual Wield+1","Metallicize+1","Feel No Pain+1","Shrug It Off+1","Spot Weakness","Metallicize+1","Demon Form+1","Warcry+1","Metallicize","Heavy Blade+1","Clumsy","Decay","Berserk","Writhe","Regret","Doubt","Panache"],"max_hp_per_floor":[75,75,75,75,75,75,75,75,75,75,75,75,75,75,75,75,75,75,85,85,85,85,85,85,85,85,85,85,85,85,85,85,85,85,87,91,91],"relics":["Burning Blood","NeowsBlessing","Omamori","Juzu Bracelet","The Courier","Mercury Hourglass","Cursed Key","Matryoshka","Pear","Magic Flower","Bag of Preparation","Lantern","Du-Vu Doll","Calling Bell","War Paint","Singing Bowl","Dodecahedron"],"card_choices":[{"not_picked":["Clash","Carnage"],"picked":"Dual Wield","floor":1},{"not_picked":["Iron Wave","Warcry"],"picked":"Metallicize","floor":5},{"not_picked":["Pummel","Perfected Strike"],"picked":"Spot Weakness","floor":11},{"not_picked":["Feel No Pain","Iron Wave"],"picked":"Metallicize","floor":12},{"not_picked":["Fiend Fire","Dark Embrace"],"picked":"Demon Form","floor":16},{"not_picked":["Clash","Bloodletting"],"picked":"Warcry","floor":18},{"not_picked":["Twin Strike","Pummel"],"picked":"Metallicize","floor":21},{"not_picked":["Reckless Charge","Bloodletting"],"picked":"Heavy Blade","floor":23},{"not_picked":["Warcry","True Grit"],"picked":"Berserk","floor":30},{"not_picked":["Trip","Secret Technique"],"picked":"Panache","floor":36}],"player_experience":845407,"potions_floor_usage":[16,21,30,31,33],"damage_taken":[{"damage":0,"enemies":"Small Slimes","floor":1,"turns":1},{"damage":0,"enemies":"Jaw Worm","floor":5,"turns":1},{"damage":0,"enemies":"3 Sentries","floor":6,"turns":2},{"damage":36,"enemies":"Lagavulin","floor":11,"turns":10},{"damage":0,"enemies":"2 Louse","floor":12,"turns":4},{"damage":46,"enemies":"Hexaghost","floor":16,"turns":18},{"damage":20,"enemies":"Shell Parasite","floor":18,"turns":5},{"damage":4,"enemies":"3 Byrds","floor":21,"turns":7},{"damage":48,"enemies":"Book of Stabbing","floor":23,"turns":8},{"damage":2,"enemies":"Snecko","floor":24,"turns":5},{"damage":29,"enemies":"Slavers","floor":30,"turns":6},{"damage":8,"enemies":"Chosen and Byrds","floor":31,"turns":7},{"damage":21,"enemies":"Automaton","floor":33,"turns":6},{"damage":5,"enemies":"Orb Walker","floor":35,"turns":6},{"damage":74,"enemies":"3 Darklings","floor":37,"turns":5}],"event_choices":[{"event_name":"World of Goop","player_choice":"Gather Gold","floor":2,"damage_taken":0},{"event_name":"Liars Game","player_choice":"agreed","floor":4,"damage_taken":0},{"event_name":"Living Wall","player_choice":"Grow","floor":10,"damage_taken":0},{"event_name":"Golden Shrine","player_choice":"Desecrate","floor":13,"damage_taken":0},{"event_name":"Accursed Blacksmith","player_choice":"Forge","floor":14,"damage_taken":0},{"event_name":"Beggar","player_choice":"Ignored","floor":20,"damage_taken":0},{"event_name":"Ghosts","player_choice":"Ignored","floor":22,"damage_taken":0},{"event_name":"Drug Dealer","player_choice":"Ignored","floor":25,"damage_taken":0},{"event_name":"Forgotten Altar","player_choice":"Smashed Altar","floor":27,"damage_taken":0},{"event_name":"The Mausoleum","player_choice":"No","floor":28,"damage_taken":0},{"event_name":"SensoryStone","player_choice":"Memory 3","floor":36,"damage_taken":0}],"boss_relics":[{"not_picked":["Orrery","Philosopher\u0027s Stone"],"picked":"Cursed Key"},{"not_picked":["Lizard Tail","Snecko Eye"],"picked":"Calling Bell"}],"potions_floor_spawned":[5,11,24,30,31,33],"seed_played":"1980704504007319061","killed_by":"3 Darklings","ascension_level":15,"is_trial":false}