{"gold_per_floor":[110,126,126,126,50,50,86,106,160,201,221,261,261,284,284,377,377,391,312,325,349,349],"floor_reached":22,"playtime":1101,"items_purged":[],"score":412,"play_id":"1d4e98af-7718-4863-a9df-27716539cbbc","local_time":"20190408020025","is_ascension_mode":true,"campfire_choices":[{"data":"Noxious Fumes","floor":6,"key":"SMITH"},{"floor":13,"key":"REST"},{"data":"Bouncing Flask","floor":15,"key":"SMITH"}],"neow_cost":"NONE","seed_source_timestamp":574672971167694,"circlet_count":0,"master_deck":["AscendersBane","Defend_G","Defend_G","Defend_G","Defend_G","Defend_G","Strike_G","Strike_G","Strike_G","Strike_G","Survivor","Neutralize+1","Caltrops","Bane","Noxious Fumes+1","Envenom","Endless Agony","Dodge and Roll","Footwork","Bouncing Flask+1","Corpse Explosion","PiercingWail+1","Crippling Poison"],"relics":["Ring of the Snake","Golden Idol","Bag of Marbles","Anchor","Dream Catcher","Pen Nib","Runic Pyramid","Pear"],"potions_floor_usage":[10,12,12,16,21],"damage_taken":[{"damage":7,"enemies":"Jaw Worm","floor":1,"turns":6},{"damage":0,"enemies":"Cultist","floor":2,"turns":4},{"damage":22,"enemies":"Lagavulin","floor":7,"turns":9},{"damage":0,"enemies":"Small Slimes","floor":8,"turns":3},{"damage":19,"enemies":"Gremlin Nob","floor":10,"turns":4},{"damage":5,"enemies":"3 Louse","floor":11,"turns":3},{"damage":3,"enemies":"3 Sentries","floor":12,"turns":7},{"damage":2,"enemies":"Blue Slaver","floor":14,"turns":3},{"damage":4,"enemies":"Hexaghost","floor":16,"turns":9},{"damage":4,"enemies":"Spheric Guardian","floor":18,"turns":3},{"damage":11,"enemies":"Chosen","floor":20,"turns":4},{"damage":33,"enemies":"Snecko","floor":21,"turns":5},{"damage":18,"enemies":"Sentry and Sphere","floor":22,"turns":3}],"seed_played":"-753054301623253135","potions_obtained":[{"floor":1,"key":"LiquidBronze"},{"floor":7,"key":"GhostInAJar"},{"floor":8,"key":"Swift Potion"},{"floor":10,"key":"Block Potion"},{"floor":14,"key":"EssenceOfSteel"},{"floor":18,"key":"Fire Potion"}],"is_trial":false,"path_per_floor":["M","M","?","?","$","R","E","M","T","E","M","E","R","M","R","B",null,"M","?","M","M","M"],"character_chosen":"THE_SILENT","items_purchased":["Noxious Fumes"],"campfire_rested":1,"item_purchase_floors":[5],"current_hp_per_floor":[52,52,52,52,52,52,30,30,30,11,6,3,21,19,19,15,49,45,55,44,11,0],"gold":349,"neow_bonus":"UPGRADE_CARD","is_prod":false,"is_daily":false,"chose_seed":false,"campfire_upgraded":2,"win_rate":0,"timestamp":1554703225,"path_taken":["M","M","?","?","$","R","E","M","T","E","M","E","R","?","R","BOSS","M","?","M","?","M"],"build_version":"2019-01-23","purchased_purges":0,"victory":false,"max_hp_per_floor":[66,66,60,60,60,60,60,60,60,60,60,60,60,60,60,60,60,60,70,70,70,70],"card_choices":[{"not_picked":["Heel Hook","Poisoned Stab"],"picked":"Caltrops","floor":1},{"not_picked":["Setup","Slice","Quick Slash"],"picked":"SKIP","floor":2},{"not_picked":["Sucker Punch","Cloak And Dagger"],"picked":"Envenom","floor":7},{"not_picked":["Flechettes","Slice","Flying Knee"],"picked":"SKIP","floor":8},{"not_picked":["Dagger Throw","Deflect"],"picked":"Endless Agony","floor":10},{"not_picked":["Riddle With Holes","Backflip"],"picked":"Dodge and Roll","floor":11},{"not_picked":["Deflect","Setup","Bullet Time"],"picked":"SKIP","floor":12},{"not_picked":["Blade Dance","Accuracy"],"picked":"Footwork","floor":13},{"not_picked":["Predator","Sucker Punch"],"picked":"Bouncing Flask","floor":14},{"not_picked":["Doppelganger","Unload"],"picked":"Corpse Explosion","floor":16},{"not_picked":["Outmaneuver+1","Deadly Poison"],"picked":"PiercingWail+1","floor":18},{"not_picked":["Skewer","Endless Agony","Bouncing Flask"],"picked":"SKIP","floor":20},{"not_picked":["Slice","Quick Slash"],"picked":"Crippling Poison","floor":21}],"player_experience":1719160,"relics_obtained":[{"floor":7,"key":"Bag of Marbles"},{"floor":9,"key":"Anchor"},{"floor":10,"key":"Dream Catcher"},{"floor":12,"key":"Pen Nib"}],"event_choices":[{"damage_healed":0,"gold_gain":0,"player_choice":"Lose Max HP","damage_taken":0,"relics_obtained":["Golden Idol"],"max_hp_gain":0,"max_hp_loss":6,"event_name":"Golden Idol","floor":3,"gold_loss":0},{"damage_healed":0,"gold_gain":0,"cards_transformed":["Strike_G"],"player_choice":"Transformed","damage_taken":0,"max_hp_gain":0,"max_hp_loss":0,"event_name":"Transmorgrifier","floor":4,"gold_loss":0,"cards_obtained":["Bane"]},{"damage_healed":0,"gold_gain":0,"player_choice":"Paid Gold","damage_taken":0,"relics_obtained":["Pear"],"max_hp_gain":0,"max_hp_loss":0,"event_name":"WeMeetAgain","floor":19,"gold_loss":79}],"is_beta":false,"boss_relics":[{"not_picked":["WristBlade","Astrolabe"],"picked":"Runic Pyramid"}],"items_purged_floors":[],"is_endless":false,"potions_floor_spawned":[1,7,8,10,14,18],"killed_by":"Sentry and Sphere","ascension_level":20}