{"gold_per_floor":[110,110,110,35,54,79,79,112,137,169,26,26,101,136,136,212,212,230,155,155,169,62,62,75,75,99,109,109],"floor_reached":28,"playtime":751,"items_purged":["Strike_B"],"score":518,"play_id":"d4874d18-e084-4722-a4e8-56fee7bf7351","local_time":"20190106215933","is_ascension_mode":true,"campfire_choices":[{"data":"Zap","floor":7,"key":"SMITH"},{"data":"Defragment","floor":12,"key":"SMITH"},{"floor":15,"key":"REST"},{"data":"Dualcast","floor":23,"key":"SMITH"},{"data":"Thunder Strike","floor":25,"key":"SMITH"}],"neow_cost":"NONE","seed_source_timestamp":37463583036942,"circlet_count":0,"master_deck":["AscendersBane","Strike_B+1","Strike_B+1","Defend_B","Defend_B","Defend_B","Defend_B","Zap+1","Dualcast+1","Coolheaded","Genetic Algorithm","All For One","Go for the Eyes","Defragment+1","Redo+1","Leap","Leap","Conserve Battery","All For One","FTL","Reinforced Body","Capacitor","Conserve Battery","Thunder Strike+1","Normality","Ball Lightning"],"relics":["Cracked Core","NeowsBlessing","Dream Catcher","Orichalcum","MawBank","Letter Opener","Cursed Key","Pen Nib"],"potions_floor_usage":[8,14,16,24,28],"damage_taken":[{"damage":0,"enemies":"Cultist","floor":1,"turns":1},{"damage":0,"enemies":"Small Slimes","floor":5,"turns":1},{"damage":0,"enemies":"Gremlin Nob","floor":6,"turns":1},{"damage":25,"enemies":"3 Sentries","floor":8,"turns":11},{"damage":0,"enemies":"Jaw Worm","floor":10,"turns":3},{"damage":22,"enemies":"Gremlin Nob","floor":14,"turns":4},{"damage":15,"enemies":"The Guardian","floor":16,"turns":13},{"damage":15,"enemies":"2 Thieves","floor":18,"turns":4},{"damage":0,"enemies":"Chosen","floor":21,"turns":3},{"damage":6,"enemies":"3 Cultists","floor":24,"turns":5},{"damage":21,"enemies":"Centurion and Healer","floor":27,"turns":12},{"damage":23,"enemies":"Cultist and Chosen","floor":28,"turns":5}],"seed_played":"408091048879111530","potions_obtained":[{"floor":5,"key":"SpeedPotion"},{"floor":6,"key":"AttackPotion"},{"floor":10,"key":"Swift Potion"},{"floor":16,"key":"PowerPotion"},{"floor":18,"key":"SkillPotion"},{"floor":27,"key":"Weak Potion"}],"is_trial":false,"path_per_floor":["M","?","?","$","M","E","R","E","T","M","$","R","?","E","R","B",null,"M","?","?","M","$","R","M","R","T","M","M"],"character_chosen":"DEFECT","items_purchased":["Defragment","Redo","Leap","Capacitor","Conserve Battery"],"campfire_rested":1,"item_purchase_floors":[11,11,11,22,22],"current_hp_per_floor":[64,43,66,66,66,66,66,41,41,41,41,41,30,8,29,14,57,42,42,42,42,42,42,36,36,36,15,0],"gold":109,"neow_bonus":"THREE_ENEMY_KILL","is_prod":false,"is_daily":false,"chose_seed":false,"campfire_upgraded":4,"win_rate":0,"timestamp":1546837173,"path_taken":["M","?","?","?","M","E","R","E","T","?","$","R","?","E","R","BOSS","M","?","?","M","$","R","M","R","T","?","M"],"build_version":"2019-01-03v4","purchased_purges":1,"victory":false,"max_hp_per_floor":[71,71,71,71,71,71,71,71,71,71,71,71,71,71,71,71,71,71,71,71,71,71,71,71,71,71,71,71],"card_choices":[{"not_picked":["Self Repair","Steam Power"],"picked":"Coolheaded","floor":1},{"not_picked":["Redo","Self Repair","Recycle"],"picked":"SKIP","floor":5},{"not_picked":["Storm","Lockon"],"picked":"Genetic Algorithm","floor":6},{"not_picked":["Steam","Redo"],"picked":"All For One","floor":8},{"not_picked":["Cold Snap","Steam"],"picked":"Go for the Eyes","floor":10},{"not_picked":["Sweeping Beam","Multi-Cast"],"picked":"Leap","floor":14},{"not_picked":["BootSequence","Steam Power"],"picked":"Conserve Battery","floor":15},{"not_picked":["Creative AI","Buffer"],"picked":"All For One","floor":16},{"not_picked":["Genetic Algorithm","Gash"],"picked":"FTL","floor":18},{"not_picked":["Sweeping Beam","Compile Driver"],"picked":"Reinforced Body","floor":21},{"not_picked":["Leap","Rip and Tear+1"],"picked":"Thunder Strike","floor":24},{"not_picked":["Darkness","Streamline+1"],"picked":"Ball Lightning","floor":27}],"player_experience":1029506,"relics_obtained":[{"floor":6,"key":"Dream Catcher"},{"floor":8,"key":"Orichalcum"},{"floor":9,"key":"MawBank"},{"floor":14,"key":"Letter Opener"},{"floor":26,"key":"Pen Nib"}],"event_choices":[{"damage_healed":0,"gold_gain":0,"player_choice":"Entered Light","damage_taken":21,"max_hp_gain":0,"max_hp_loss":0,"event_name":"Shining Light","floor":2,"gold_loss":0,"cards_upgraded":["Strike_B","Strike_B"]},{"damage_healed":23,"gold_gain":0,"player_choice":"Banana","damage_taken":0,"max_hp_gain":0,"max_hp_loss":0,"event_name":"Big Fish","floor":3,"gold_loss":0},{"damage_healed":0,"gold_gain":75,"player_choice":"Gather Gold","damage_taken":11,"max_hp_gain":0,"max_hp_loss":0,"event_name":"World of Goop","floor":13,"gold_loss":0},{"cards_removed":["Strike_B"],"damage_healed":0,"gold_gain":0,"player_choice":"Gave Gold","damage_taken":0,"max_hp_gain":0,"max_hp_loss":0,"event_name":"Beggar","floor":19,"gold_loss":75},{"damage_healed":0,"gold_gain":0,"player_choice":"Upgraded","damage_taken":0,"max_hp_gain":0,"max_hp_loss":0,"event_name":"Upgrade Shrine","floor":20,"gold_loss":0,"cards_upgraded":["Redo"]}],"is_beta":true,"boss_relics":[{"not_picked":["Tiny House","White Beast Statue"],"picked":"Cursed Key"}],"items_purged_floors":[4],"is_endless":false,"potions_floor_spawned":[5,6,10,16,18,27],"killed_by":"Cultist and Chosen","ascension_level":20}