{"gold_per_floor":[19,37,52,52,71,71,89,120,120,145,157,185,217,243,255,340,352,376,402,434,336,361,373,385],"floor_reached":24,"playtime":1585,"items_purged":[],"score":417,"play_id":"b67549ec-69bf-4046-948c-b152296667f1","local_time":"20190315230059","is_ascension_mode":true,"campfire_choices":[{"data":"Bash","floor":6,"key":"SMITH"},{"data":"Uppercut","floor":11,"key":"SMITH"},{"data":"Armaments","floor":15,"key":"SMITH"},{"data":"Flame Barrier","floor":23,"key":"SMITH"}],"neow_cost":"NO_GOLD","seed_source_timestamp":214409336136050,"circlet_count":0,"master_deck":["AscendersBane","Strike_R","Strike_R","Strike_R","Strike_R","Defend_R","Defend_R+1","Bash+1","Metallicize","Reckless Charge","Iron Wave","Perfected Strike","Evolve","Flame Barrier+1","Uppercut+1","Armaments+1","Ghostly Armor","Wild Strike","Immolate","Perfected Strike","Headbutt","Carnage+1","Body Slam+1"],"relics":["Burning Blood","The Courier","Art of War","MawBank","Coffee Dripper"],"potions_floor_usage":[8,10,13,14,18,22],"damage_taken":[{"damage":7,"enemies":"Small Slimes","floor":1,"turns":5},{"damage":3,"enemies":"Cultist","floor":2,"turns":4},{"damage":4,"enemies":"Jaw Worm","floor":3,"turns":5},{"damage":12,"enemies":"Exordium Wildlife","floor":5,"turns":4},{"damage":1,"enemies":"Large Slime","floor":7,"turns":5},{"damage":21,"enemies":"Gremlin Nob","floor":8,"turns":4},{"damage":10,"enemies":"3 Sentries","floor":10,"turns":8},{"damage":7,"enemies":"Blue Slaver","floor":12,"turns":3},{"damage":9,"enemies":"3 Louse","floor":13,"turns":3},{"damage":9,"enemies":"Exordium Thugs","floor":14,"turns":5},{"damage":41,"enemies":"Hexaghost","floor":16,"turns":11},{"damage":6,"enemies":"Spheric Guardian","floor":18,"turns":6},{"damage":14,"enemies":"Shell Parasite","floor":19,"turns":6},{"damage":23,"enemies":"Snake Plant","floor":20,"turns":3},{"damage":10,"enemies":"Centurion and Healer","floor":22,"turns":5},{"damage":43,"enemies":"Gremlin Leader","floor":24,"turns":4}],"seed_played":"-6976101761001736718","potions_obtained":[{"floor":3,"key":"Dexterity Potion"},{"floor":7,"key":"Poison Potion"},{"floor":12,"key":"Strength Potion"},{"floor":13,"key":"Explosive Potion"},{"floor":16,"key":"Ancient Potion"},{"floor":20,"key":"EssenceOfSteel"}],"is_trial":false,"path_per_floor":["M","M","M","?","M","R","M","E","T","E","R","M","M","M","R","B",null,"M","M","M","?","M","R","E"],"character_chosen":"IRONCLAD","items_purchased":[],"campfire_rested":0,"item_purchase_floors":[],"current_hp_per_floor":[67,70,72,72,66,66,71,56,56,52,52,51,48,45,45,10,59,59,51,34,34,30,30,0],"gold":385,"neow_bonus":"REMOVE_TWO","is_prod":false,"is_daily":false,"chose_seed":false,"campfire_upgraded":4,"win_rate":0,"timestamp":1552705259,"path_taken":["M","M","M","?","M","R","M","E","T","E","R","M","M","M","R","BOSS","M","M","M","?","M","R","E"],"build_version":"2019-01-23","purchased_purges":0,"victory":false,"max_hp_per_floor":[75,75,75,75,75,75,75,75,75,75,75,75,75,75,75,75,75,75,75,75,75,75,75,75],"card_choices":[{"not_picked":["Perfected Strike","Sentinel"],"picked":"Metallicize","floor":1},{"not_picked":["Sword Boomerang","Heavy Blade"],"picked":"Reckless Charge","floor":2},{"not_picked":["Clash","Thunderclap"],"picked":"Iron Wave","floor":3},{"not_picked":["Havoc","Pommel Strike"],"picked":"Perfected Strike","floor":5},{"not_picked":["Iron Wave","Combust"],"picked":"Evolve","floor":7},{"not_picked":["Twin Strike","Searing Blow"],"picked":"Flame Barrier","floor":8},{"not_picked":["Inflame","Wild Strike"],"picked":"Uppercut","floor":10},{"not_picked":["Infernal Blade","Sword Boomerang"],"picked":"Armaments","floor":12},{"not_picked":["Sword Boomerang","Armaments"],"picked":"Ghostly Armor","floor":13},{"not_picked":["Fire Breathing","Havoc"],"picked":"Wild Strike","floor":14},{"not_picked":["Exhume","Barricade"],"picked":"Immolate","floor":16},{"not_picked":["Warcry","Intimidate"],"picked":"Perfected Strike","floor":18},{"not_picked":["Heavy Blade","Sword Boomerang"],"picked":"Headbutt","floor":19},{"not_picked":["Burning Pact","Anger"],"picked":"Carnage+1","floor":20},{"not_picked":["Warcry","Heavy Blade"],"picked":"Body Slam+1","floor":22}],"player_experience":1139818,"relics_obtained":[{"floor":8,"key":"The Courier"},{"floor":9,"key":"Art of War"},{"floor":10,"key":"MawBank"}],"event_choices":[{"damage_healed":0,"gold_gain":0,"player_choice":"Ignored","damage_taken":0,"max_hp_gain":0,"max_hp_loss":0,"event_name":"Liars Game","floor":4,"gold_loss":0},{"cards_removed":["Defend_R"],"damage_healed":0,"gold_gain":0,"player_choice":"Upgrade and Remove","damage_taken":0,"max_hp_gain":0,"max_hp_loss":0,"event_name":"Designer","floor":21,"gold_loss":110,"cards_upgraded":["Defend_R"]}],"is_beta":false,"boss_relics":[{"not_picked":["Pandora\u0027s Box","White Beast Statue"],"picked":"Coffee Dripper"}],"items_purged_floors":[],"is_endless":false,"potions_floor_spawned":[3,7,12,13,16,20],"killed_by":"Gremlin Leader","ascension_level":19}