{"gold_per_floor":[110,122,132,148,148,183,183,183],"floor_reached":8,"playtime":351,"items_purged":[],"score":116,"play_id":"08340cf4-3472-4e41-9751-a01cf8d99e9b","local_time":"20190328045503","is_ascension_mode":true,"campfire_choices":[{"data":"Hyperbeam","floor":7,"key":"SMITH"}],"neow_cost":"NONE","seed_source_timestamp":962737287566599,"circlet_count":0,"master_deck":["AscendersBane","Strike_B","Strike_B","Strike_B","Strike_B","Defend_B","Defend_B","Defend_B","Defend_B","Zap","Dualcast","Hyperbeam+1","Cold Snap","Conserve Battery","Leap","All For One"],"relics":["Cracked Core","Dodecahedron","Shuriken"],"potions_floor_usage":[2,6,8],"damage_taken":[{"damage":0,"enemies":"Cultist","floor":1,"turns":2},{"damage":6,"enemies":"Small Slimes","floor":2,"turns":2},{"damage":7,"enemies":"2 Louse","floor":3,"turns":2},{"damage":6,"enemies":"Looter","floor":4,"turns":4},{"damage":18,"enemies":"3 Sentries","floor":6,"turns":7},{"damage":27,"enemies":"Gremlin Nob","floor":8,"turns":3}],"seed_played":"-9119138143186839376","potions_obtained":[{"floor":1,"key":"Fire Potion"},{"floor":2,"key":"Dexterity Potion"},{"floor":3,"key":"Swift Potion"}],"is_trial":false,"path_per_floor":["M","M","M","M","?","E","R","E"],"character_chosen":"DEFECT","items_purchased":[],"campfire_rested":0,"item_purchase_floors":[],"current_hp_per_floor":[64,58,51,45,45,27,27,0],"gold":183,"neow_bonus":"ONE_RANDOM_RARE_CARD","is_prod":false,"is_daily":false,"chose_seed":false,"campfire_upgraded":1,"win_rate":0,"timestamp":1553763303,"path_taken":["M","?","M","M","?","E","R","E"],"build_version":"2019-01-23","purchased_purges":0,"victory":false,"max_hp_per_floor":[71,71,71,71,71,71,71,71],"card_choices":[{"not_picked":["Turbo","Steam Power"],"picked":"Consume","floor":1},{"not_picked":["Steam","Hologram"],"picked":"Cold Snap","floor":2},{"not_picked":["Gash","Rebound"],"picked":"Conserve Battery","floor":3},{"not_picked":["Reprogram","Steam"],"picked":"Leap","floor":4},{"not_picked":["Defragment","Reprogram"],"picked":"All For One","floor":6}],"player_experience":1465456,"relics_obtained":[{"floor":6,"key":"Shuriken"}],"event_choices":[{"cards_removed":["Consume"],"damage_healed":0,"gold_gain":0,"player_choice":"Gave Card","damage_taken":0,"relics_obtained":["Dodecahedron"],"max_hp_gain":0,"max_hp_loss":0,"event_name":"WeMeetAgain","floor":5,"gold_loss":0}],"is_beta":false,"boss_relics":[],"items_purged_floors":[],"is_endless":false,"potions_floor_spawned":[1,2,3],"killed_by":"Gremlin Nob","ascension_level":20}