{"path_per_floor":["M","M","?","M","?","R","E","R","T","?","R","$","T","M","R","B",null,"M","?","M","?","?"],"character_chosen":"IRONCLAD","items_purchased":[],"gold_per_floor":[20,40,40,58,58,58,87,87,138,138,138,63,63,80,80,157,157,170,170,185,85,85,85],"floor_reached":23,"campfire_rested":0,"playtime":1008,"current_hp_per_floor":[71,75,75,75,75,75,68,68,68,68,68,68,68,75,75,35,65,26,26,14,14,29,0],"items_purged":["Regret"],"gold":85,"score":327,"play_id":"0644ef5e-7397-4d76-8bc4-6fdc46b62c15","local_time":"20180412002352","is_prod":false,"is_daily":false,"is_ascension_mode":true,"campfire_upgraded":4,"timestamp":1523507032,"path_taken":["M","M","?","M","?","R","E","R","T","?","R","$","?","M","R","BOSS","M","?","?","?","?","M"],"build_version":"2018-04-05v2","purchased_purges":1,"victory":false,"master_deck":["Strike_R","Strike_R","Strike_R","Defend_R","Defend_R","Defend_R","Defend_R","Bash+1","AscendersBane","True Grit+1","Thunderclap+1","Uppercut+1","Reaper","Anger+1","Demon Form","Feel No Pain","Pummel","J.A.X."],"max_hp_per_floor":[75,75,75,75,75,75,75,75,75,75,75,75,75,75,75,75,75,75,75,75,75,75,75],"relics":["Burning Blood","Ancient Tea Set","Bottled Flame","Bag of Marbles","Dead Branch","Black Star"],"card_choices":[{"not_picked":["Clash","Anger"],"picked":"Thunderclap","floor":1},{"not_picked":["Body Slam","Iron Wave"],"picked":"Reaper","floor":4},{"not_picked":["Exhume","Pummel"],"picked":"Anger","floor":14},{"not_picked":["Immolate","Dark Embrace"],"picked":"Demon Form","floor":16},{"not_picked":["Anger","Iron Wave"],"picked":"Feel No Pain","floor":18},{"not_picked":["Pommel Strike","Twin Strike"],"picked":"Pummel","floor":20}],"player_experience":826394,"potions_floor_usage":[16,20],"damage_taken":[{"damage":3,"enemies":"Jaw Worm","floor":1,"turns":6},{"damage":0,"enemies":"2 Louse","floor":2,"turns":3},{"damage":3,"enemies":"Small Slimes","floor":4,"turns":5},{"damage":23,"enemies":"3 Sentries","floor":7,"turns":10},{"damage":4,"enemies":"Looter","floor":14,"turns":3},{"damage":58,"enemies":"Hexaghost","floor":16,"turns":10},{"damage":54,"enemies":"Chosen","floor":18,"turns":6},{"damage":27,"enemies":"3 Byrds","floor":20,"turns":8},{"damage":39,"enemies":"Sentry and Sphere","floor":23,"turns":5}],"event_choices":[{"event_name":"Living Wall","player_choice":"Change","floor":3,"damage_taken":0},{"event_name":"Big Fish","player_choice":"Box","floor":5,"damage_taken":0},{"event_name":"Upgrade Shrine","player_choice":"Upgraded","floor":10,"damage_taken":0},{"event_name":"The Mausoleum","player_choice":"No","floor":19,"damage_taken":0},{"event_name":"Drug Dealer","player_choice":"Got JAXXED","floor":21,"damage_taken":0},{"event_name":"The Library","player_choice":"Heal","floor":22,"damage_taken":0}],"boss_relics":[{"not_picked":["Tiny House","Snecko Eye"],"picked":"Black Star"}],"potions_floor_spawned":[2,14],"seed_played":"7834636967904543449","killed_by":"Sentry and Sphere","ascension_level":15,"is_trial":false}