{"path_per_floor":["M","?","?","M","M","R","M","M","T","?","$","E","M","E","R","B",null,"M","M","?","M","M","E","R","E","T","M","R","?","R","M","R"],"character_chosen":"IRONCLAD","items_purchased":["Strength Potion"],"gold_per_floor":[109,109,109,122,136,136,151,169,169,169,117,161,174,214,214,340,340,361,385,385,408,433,471,471,514,514,537,537,787,787,801,801],"floor_reached":33,"campfire_rested":2,"playtime":2566,"current_hp_per_floor":[80,64,64,66,71,71,61,76,76,76,76,77,83,73,73,31,97,97,73,57,46,32,16,61,20,34,15,64,64,64,41,41],"items_purged":[],"gold":801,"score":349,"play_id":"39a71f1c-4a3f-4064-8ed8-1277275f9a01","is_prod":false,"is_daily":false,"is_ascension_mode":false,"campfire_upgraded":4,"path_taken":["M","?","?","?","M","R","M","M","T","?","?","E","?","E","R","BOSS","M","M","?","?","M","E","R","E","T","M","R","?","R","M","R","BOSS"],"build_version":"2018-02-08-PROD1","purchased_purges":0,"victory":false,"master_deck":["Strike_R","Strike_R+1","Strike_R","Strike_R+1","Defend_R","Defend_R","Defend_R","Defend_R","Bash+1","Immolate","Sever Soul","Wild Strike","Shrug It Off","Pommel Strike","Evolve+1","Injury","Fiend Fire+1","Carnage","Double Tap+1","Cleave+1","Offering","Pommel Strike+1","Metallicize","Flex+1","Heavy Blade","Metallicize","Regret"],"max_hp_per_floor":[80,80,80,80,80,80,80,80,80,80,80,87,87,97,97,97,97,97,97,97,97,97,100,100,100,114,114,114,114,114,114,114],"relics":["Burning Blood","Ice Cream","Golden Idol","Strawberry","Pear","Sozu","Nilry\u0027s Codex","Regal Pillow","Pen Nib","Mango"],"card_choices":[{"not_picked":["Clash","Battle Trance"],"picked":"Immolate"},{"not_picked":["Armaments","Dropkick"],"picked":"Wild Strike"},{"not_picked":["Flex","Clash"],"picked":"Shrug It Off"},{"not_picked":["Iron Wave","True Grit"],"picked":"Pommel Strike"},{"not_picked":["Sword Boomerang","Thunderclap"],"picked":"Evolve"},{"not_picked":["Body Slam","Sever Soul"],"picked":"Fiend Fire"},{"not_picked":["Clothesline","Flex"],"picked":"Carnage"},{"not_picked":["Exhume","Berserk"],"picked":"Double Tap"},{"not_picked":["Havoc","Flex"],"picked":"Cleave"},{"not_picked":["Seeing Red","True Grit"],"picked":"Offering"},{"not_picked":["Flex","Armaments"],"picked":"Pommel Strike"},{"not_picked":["Clothesline","Shrug It Off"],"picked":"Metallicize"},{"not_picked":["Clothesline","Iron Wave"],"picked":"Flex"},{"not_picked":["Shrug It Off","Bloodletting"],"picked":"Heavy Blade"},{"not_picked":["Shrug It Off","Wild Strike"],"picked":"Metallicize"}],"player_experience":203600,"potions_floor_usage":[8,8,12,16],"damage_taken":[{"damage":6,"enemies":"2 Louse","floor":1,"turns":3},{"damage":4,"enemies":"Blue Slaver","floor":4,"turns":4},{"damage":1,"enemies":"Jaw Worm","floor":5,"turns":3},{"damage":16,"enemies":"Gremlin Gang","floor":7,"turns":5},{"damage":6,"enemies":"Lots of Slimes","floor":8,"turns":6},{"damage":12,"enemies":"Gremlin Nob","floor":12,"turns":4},{"damage":0,"enemies":"Large Slime","floor":13,"turns":4},{"damage":26,"enemies":"Lagavulin","floor":14,"turns":5},{"damage":48,"enemies":"The Guardian","floor":16,"turns":7},{"damage":5,"enemies":"Spheric Guardian","floor":18,"turns":3},{"damage":30,"enemies":"2 Thieves","floor":19,"turns":4},{"damage":17,"enemies":"3 Cultists","floor":21,"turns":4},{"damage":20,"enemies":"Snecko","floor":22,"turns":4},{"damage":25,"enemies":"Gremlin Leader","floor":23,"turns":5},{"damage":47,"enemies":"Slavers","floor":25,"turns":5},{"damage":25,"enemies":"Chosen and Byrds","floor":27,"turns":4},{"damage":29,"enemies":"Slaver and Parasite","floor":31,"turns":5},{"damage":57,"enemies":"Champ","floor":33,"turns":10}],"event_choices":[{"event_name":"Shining Light","player_choice":"Entered Light","floor":2,"damage_taken":0},{"event_name":"Transmorgrifier","player_choice":"Transform","floor":3,"damage_taken":0},{"event_name":"Golden Idol","player_choice":"Take Wound","floor":10,"damage_taken":0},{"event_name":"Cursed Tome","player_choice":"Obtained Book","floor":20,"damage_taken":0},{"event_name":"Golden Shrine","player_choice":"Desecrate","floor":29,"damage_taken":0}],"boss_relics":[{"not_picked":["Philosopher\u0027s Stone","Snecko Eye"],"picked":"Sozu"}],"potions_floor_spawned":[5,7,13,14,16,21,27,31],"seed_played":"-5479807446799390454","killed_by":"Champ","ascension_level":0,"is_trial":false}