{"gold_per_floor":[116,131,147,147,147,147,166,166,166,166,166,166],"floor_reached":12,"playtime":229,"items_purged":[],"score":136,"play_id":"bf353291-29c9-4da7-9216-48a32371cf0b","local_time":"20181228181859","is_ascension_mode":true,"campfire_choices":[{"data":"Neutralize","floor":6,"key":"SMITH"},{"data":"Cloak And Dagger","floor":8,"key":"SMITH"},{"data":"Sucker Punch","floor":11,"key":"SMITH"}],"neow_cost":"NONE","seed_source_timestamp":459664389295248,"circlet_count":0,"master_deck":["AscendersBane","Defend_G","Defend_G","Defend_G","Defend_G","Defend_G","Strike_G","Strike_G","Strike_G","Strike_G","Survivor","Neutralize+1","Sucker Punch+1","Cloak And Dagger+1","PiercingWail"],"relics":["Ring of the Snake","NeowsBlessing","Ninja Scroll"],"potions_floor_usage":[12],"damage_taken":[{"damage":0,"enemies":"Cultist","floor":1,"turns":1},{"damage":0,"enemies":"Jaw Worm","floor":2,"turns":1},{"damage":0,"enemies":"Small Slimes","floor":3,"turns":1},{"damage":1,"enemies":"Blue Slaver","floor":7,"turns":7},{"damage":53,"enemies":"Lagavulin","floor":12,"turns":9}],"seed_played":"-6049158678379653495","potions_obtained":[{"floor":1,"key":"Dexterity Potion"}],"is_trial":false,"path_per_floor":["M","M","M","?","?","R","M","R","T","T","R","E"],"character_chosen":"THE_SILENT","items_purchased":[],"campfire_rested":0,"item_purchase_floors":[],"current_hp_per_floor":[59,59,59,52,52,52,51,51,51,51,51,0],"gold":166,"neow_bonus":"THREE_ENEMY_KILL","is_prod":false,"is_daily":false,"chose_seed":false,"campfire_upgraded":3,"win_rate":0,"timestamp":1546046339,"path_taken":["M","M","M","?","?","R","M","R","T","?","R","E"],"build_version":"2018-12-25","purchased_purges":0,"victory":false,"max_hp_per_floor":[66,66,66,66,66,66,66,66,66,66,66,66],"card_choices":[{"not_picked":["Deflect","Acrobatics"],"picked":"Sucker Punch","floor":1},{"not_picked":["Outmaneuver","Crippling Poison"],"picked":"Cloak And Dagger","floor":2},{"not_picked":["Venomology","Dagger Throw"],"picked":"PiercingWail","floor":3},{"not_picked":["Skewer","Distraction","Slice"],"picked":"SKIP","floor":7}],"player_experience":1008311,"relics_obtained":[{"floor":9,"key":"Ninja Scroll"}],"event_choices":[{"cards_removed":["Strike_G"],"damage_healed":0,"gold_gain":0,"player_choice":"Card Removal","damage_taken":7,"max_hp_gain":0,"max_hp_loss":0,"event_name":"Golden Wing","floor":4,"gold_loss":0},{"damage_healed":0,"gold_gain":0,"player_choice":"Ignored","damage_taken":0,"max_hp_gain":0,"max_hp_loss":0,"event_name":"Liars Game","floor":5,"gold_loss":0}],"is_beta":true,"boss_relics":[],"items_purged_floors":[],"is_endless":false,"potions_floor_spawned":[1],"killed_by":"Lagavulin","ascension_level":20}