{"path_per_floor":["M","M","?","?","?","R","?","R","T","R","M","R","?","M","R","B",null,"M","?","M","?","$"],"character_chosen":"IRONCLAD","items_purchased":["Girya","Regal Pillow"],"gold_per_floor":[119,139,314,314,389,389,339,339,390,390,402,402,402,419,419,524,524,542,542,557,557,17],"floor_reached":23,"campfire_rested":0,"playtime":1105,"current_hp_per_floor":[77,80,80,73,62,62,62,62,62,62,67,67,67,73,73,82,82,76,76,60,60,60],"items_purged":["Decay"],"gold":17,"score":230,"play_id":"7a67fdd5-2f78-48d0-a2d1-61bd0a35a506","is_prod":false,"is_daily":false,"is_ascension_mode":true,"campfire_upgraded":5,"path_taken":["M","?","?","?","?","R","?","R","T","R","M","R","?","M","R","BOSS","M","?","?","?","$","E"],"build_version":"2018-02-15-PROD1","purchased_purges":1,"victory":false,"master_deck":["Strike_R+1","Strike_R+1","Strike_R+1","Defend_R+1","Defend_R+1","Defend_R+1","Defend_R+1","Bash+1","Power Through+1","Headbutt+1","Flex+1","Pommel Strike+1","Dual Wield","Bludgeon","Clumsy","Whirlwind+1"],"max_hp_per_floor":[80,80,80,80,80,80,80,80,80,80,82,82,82,82,82,82,82,84,84,84,84,84],"relics":["Burning Blood","Omamori","Singing Bowl","Calling Bell","Pen Nib","Kunai","Meat on the Bone","Nloth\u0027s Gift","Girya","Regal Pillow"],"card_choices":[{"not_picked":["Cleave","Headbutt"],"picked":"Power Through"},{"not_picked":["Heavy Blade","Clash"],"picked":"Headbutt"},{"not_picked":["Clothesline","Pommel Strike"],"picked":"Flex"},{"not_picked":["Wild Strike","Armaments"],"picked":"Dual Wield"},{"not_picked":["Immolate","Offering"],"picked":"Bludgeon"},{"not_picked":["Flex","Pommel Strike"],"picked":"Whirlwind"}],"player_experience":292174,"potions_floor_usage":[16,16,23],"damage_taken":[{"damage":1,"enemies":"Cultist","floor":1,"turns":3},{"damage":0,"enemies":"Small Slimes","floor":2,"turns":3},{"damage":3,"enemies":"2 Louse","floor":11,"turns":3},{"damage":0,"enemies":"Looter","floor":14,"turns":2},{"damage":10,"enemies":"Slime Boss","floor":16,"turns":8},{"damage":14,"enemies":"Chosen","floor":18,"turns":5},{"damage":34,"enemies":"Shell Parasite","floor":20,"turns":5},{"damage":79,"enemies":"Book of Stabbing","floor":23,"turns":5}],"event_choices":[{"event_name":"Liars Game","player_choice":"agreed","floor":3,"damage_taken":0},{"event_name":"Scrap Ooze","player_choice":"success","floor":4,"damage_taken":7},{"event_name":"World of Goop","player_choice":"Gather Gold","floor":5,"damage_taken":0},{"event_name":"The Cleric","player_choice":"Card Removal","floor":7,"damage_taken":0},{"event_name":"Transmorgrifier","player_choice":"Transform","floor":13,"damage_taken":0},{"event_name":"N\u0027loth","player_choice":"Traded a Prayer Wheel","floor":19,"damage_taken":0},{"event_name":"Back to Basics","player_choice":"Simplicity","floor":21,"damage_taken":0}],"boss_relics":[{"not_picked":["Orrery","Lizard Tail"],"picked":"Calling Bell"}],"potions_floor_spawned":[2,14,16],"seed_played":"-3726112256362770421","killed_by":"Book of Stabbing","ascension_level":6,"is_trial":false}