{"gold_per_floor":[365,365,379,3,14,14,45,45,45,45,74,88,114,130,130,208,208,224,28,28,40,40,73,90,90,117,146,160,195,195,215,215,288,288,304,68,86,97,97,97,111,145,145,145,177,177,208,220,220,220,220,220,220,22,54,54],"floor_reached":56,"playtime":4142,"items_purged":[],"score":2045,"play_id":"49af95c1-5b66-44e3-a7e9-95dec9559fef","local_time":"20190504155626","is_ascension_mode":true,"campfire_choices":[{"data":"Apotheosis","floor":6.0,"key":"SMITH"},{"data":"Adrenaline","floor":8.0,"key":"SMITH"},{"data":"Neutralize","floor":10.0,"key":"SMITH"},{"floor":15.0,"key":"REST"},{"floor":25.0,"key":"REST"},{"floor":32.0,"key":"RECALL"},{"floor":40.0,"key":"REST"},{"floor":49.0,"key":"REST"},{"floor":53.0,"key":"REST"}],"neow_cost":"PERCENT_DAMAGE","seed_source_timestamp":1024678710674881,"circlet_count":0,"master_deck":["AscendersBane","Defend_G","Defend_G","Defend_G","Defend_G","Defend_G","Strike_G","Strike_G","Strike_G","Strike_G","Survivor","Neutralize+1","Poisoned Stab","Crippling Poison","Dash","Caltrops","Apotheosis+1","Adrenaline+1","Dagger Spray","Caltrops","After Image","Backflip+1","Cloak And Dagger","Apotheosis+1","PiercingWail","Escape Plan","Expertise+1","Corpse Explosion","Cloak And Dagger","Malaise","Prepared+1","Tactician","Panacea","Escape Plan+1","PiercingWail","Acrobatics","Footwork","Caltrops+1","Leg Sweep","Mind Blast","Catalyst"],"special_seed":0,"relics":["Ring of the Snake","The Specimen","Mango","PreservedInsect","Potion Belt","Fusion Hammer","Bronze Scales","Mercury Hourglass","Snake Skull","Red Mask","Centennial Puzzle","Black Star","Bag of Preparation","Vajra","Oddly Smooth Stone","Calipers","Strawberry","Prayer Wheel","Blood Vial","Anchor","Bag of Marbles"],"potions_floor_usage":[56],"damage_taken":[{"damage":6.0,"enemies":"Jaw Worm","floor":1.0,"turns":9.0},{"damage":1.0,"enemies":"Cultist","floor":3.0,"turns":4.0},{"damage":0.0,"enemies":"2 Louse","floor":5.0,"turns":2.0},{"damage":21.0,"enemies":"Gremlin Nob","floor":7.0,"turns":4.0},{"damage":7.0,"enemies":"Lagavulin","floor":11.0,"turns":5.0},{"damage":0.0,"enemies":"Lots of Slimes","floor":12.0,"turns":2.0},{"damage":0.0,"enemies":"Blue Slaver","floor":14.0,"turns":4.0},{"damage":16.0,"enemies":"Slime Boss","floor":16.0,"turns":10.0},{"damage":4.0,"enemies":"Chosen","floor":18.0,"turns":4.0},{"damage":0.0,"enemies":"3 Byrds","floor":21.0,"turns":3.0},{"damage":7.0,"enemies":"Book of Stabbing","floor":23.0,"turns":4.0},{"damage":3.0,"enemies":"Shelled Parasite and Fungi","floor":24.0,"turns":4.0},{"damage":0.0,"enemies":"Masked Bandits","floor":27.0,"turns":3.0},{"damage":4.0,"enemies":"Cultist and Chosen","floor":28.0,"turns":5.0},{"damage":2.0,"enemies":"Gremlin Leader","floor":29.0,"turns":6.0},{"damage":4.0,"enemies":"Snecko","floor":31.0,"turns":4.0},{"damage":37.0,"enemies":"Collector","floor":33.0,"turns":8.0},{"damage":8.0,"enemies":"3 Shapes","floor":35.0,"turns":4.0},{"damage":9.0,"enemies":"Orb Walker","floor":37.0,"turns":3.0},{"damage":0.0,"enemies":"4 Shapes","floor":38.0,"turns":4.0},{"damage":2.0,"enemies":"Sphere and 2 Shapes","floor":41.0,"turns":6.0},{"damage":20.0,"enemies":"Giant Head","floor":42.0,"turns":8.0},{"damage":0.0,"enemies":"Nemesis","floor":45.0,"turns":7.0},{"damage":0.0,"enemies":"Reptomancer","floor":47.0,"turns":5.0},{"damage":0.0,"enemies":"Spire Growth","floor":48.0,"turns":7.0},{"damage":36.0,"enemies":"Awakened One","floor":50.0,"turns":18.0},{"damage":42.0,"enemies":"Time Eater","floor":51.0,"turns":15.0},{"damage":45.0,"enemies":"Shield and Spear","floor":55.0,"turns":8.0},{"damage":41,"enemies":"The Heart","floor":56,"turns":5}],"seed_played":"-3847071043036872803","potions_obtained":[{"floor":5.0,"key":"PowerPotion"},{"floor":7.0,"key":"AttackPotion"},{"floor":16.0,"key":"SteroidPotion"},{"floor":18.0,"key":"SkillPotion"},{"floor":21.0,"key":"Strength Potion"},{"floor":27.0,"key":"FearPotion"},{"floor":28.0,"key":"GamblersBrew"},{"floor":33.0,"key":"Energy Potion"},{"floor":37.0,"key":"PowerPotion"},{"floor":41.0,"key":"SteroidPotion"},{"floor":45.0,"key":"SpeedPotion"},{"floor":47.0,"key":"SmokeBomb"},{"floor":48.0,"key":"Poison Potion"}],"is_trial":false,"path_per_floor":["M","?","M","$","M","R","E","R","T","R","E","M","T","M","R","B",null,"M","$","?","M","$","E","M","R","T","?","M","E","?","M","R","B",null,"M","$","M","M","?","R","M","E","T","?","E","?","E","M","R","B","B",null,"R","$","E","B"],"character_chosen":"THE_SILENT","items_purchased":["Dash","Caltrops","Apotheosis","Energy Potion","Bronze Scales","Cloak And Dagger","Bag of Preparation","GhostInAJar","AttackPotion","Leg Sweep","Mind Blast"],"campfire_rested":5,"item_purchase_floors":[4,4,4,4,19,19,36,36,54,54,54],"current_hp_per_floor":[38,38,37,37,37,37,16,16,30,30,23,23,23,23,47,31,68,64,64,64,64,64,57,54,78,78,78,74,72,72,68,68,31,68,60,60,51,51,51,75,73,53,53,53,60,60,60,62,83,47,7,64,83,83,38,0],"gold":54,"neow_bonus":"TWO_FIFTY_GOLD","is_prod":false,"is_daily":false,"chose_seed":false,"campfire_upgraded":3,"win_rate":0,"timestamp":1556999786,"path_taken":["M","?","M","$","M","R","E","R","T","R","E","?","?","M","R","BOSS","M","$","?","M","?","E","?","R","T","?","M","E","?","?","R","BOSS","M","$","M","M","?","R","M","E","T","?","E","?","E","M","R","BOSS","BOSS","R","$","E","BOSS"],"build_version":"2019-01-23","purchased_purges":0,"victory":false,"max_hp_per_floor":[66,66,66,66,66,66,66,66,80,80,80,80,80,80,80,80,80,80,80,80,80,80,80,80,80,80,80,80,80,80,80,80,80,80,80,80,80,80,80,80,80,80,80,80,87,83,83,83,83,83,83,83,83,83,83,83],"card_choices":[{"not_picked":["Deadly Poison","Acrobatics"],"picked":"Poisoned Stab","floor":1.0},{"not_picked":["Dagger Throw","Deadly Poison"],"picked":"Crippling Poison","floor":3.0},{"not_picked":["Escape Plan","PiercingWail"],"picked":"Masterful Stab","floor":5.0},{"not_picked":["Deflect","Blade Dance"],"picked":"Adrenaline","floor":7.0},{"not_picked":["Deflect","Underhanded Strike"],"picked":"Dagger Spray","floor":11.0},{"not_picked":["Dagger Spray","Deflect"],"picked":"Caltrops","floor":12.0},{"not_picked":["Poisoned Stab","Masterful Stab","Deflect"],"picked":"SKIP","floor":14.0},{"not_picked":["Tools of the Trade","Malaise"],"picked":"After Image","floor":16.0},{"not_picked":["Deadly Poison","Masterful Stab"],"picked":"Backflip+1","floor":18.0},{"not_picked":["Slice","Accuracy","Poisoned Stab+1"],"picked":"SKIP","floor":21.0},{"not_picked":["Concentrate","Deadly Poison"],"picked":"PiercingWail","floor":23.0},{"not_picked":["Deflect","Tactician"],"picked":"Escape Plan","floor":24.0},{"not_picked":["Crippling Poison","Dagger Spray"],"picked":"Expertise+1","floor":27.0},{"not_picked":["Outmaneuver","Slice","Expertise"],"picked":"SKIP","floor":28.0},{"not_picked":["Leg Sweep","Outmaneuver"],"picked":"Corpse Explosion","floor":29.0},{"not_picked":["Accuracy","Quick Slash"],"picked":"Cloak And Dagger","floor":31.0},{"not_picked":["Glass Knife","Adrenaline"],"picked":"Malaise","floor":33.0},{"not_picked":["Expertise","Dagger Spray"],"picked":"Prepared+1","floor":35.0},{"not_picked":["Reflex","Sucker Punch","Deadly Poison"],"picked":"SKIP","floor":37.0},{"not_picked":["Quick Slash","Outmaneuver"],"picked":"Tactician","floor":38.0},{"not_picked":["Swift Strike","Impatience"],"picked":"Panacea","floor":39.0},{"not_picked":["All Out Attack+1","Blur"],"picked":"Escape Plan+1","floor":41.0},{"not_picked":["Underhanded Strike","Caltrops"],"picked":"PiercingWail","floor":42.0},{"not_picked":["Flying Knee","Grand Finale"],"picked":"Acrobatics","floor":45.0},{"not_picked":["Leg Sweep","Outmaneuver"],"picked":"Footwork","floor":47.0},{"not_picked":["Poisoned Stab+1","Distraction"],"picked":"Caltrops+1","floor":48.0},{"not_picked":["Acrobatics","Quick Slash","Accuracy"],"picked":"SKIP","floor":48.0},{"not_picked":["Quick Slash","Accuracy+1"],"picked":"Catalyst","floor":55.0}],"player_experience":2349712,"relics_obtained":[{"floor":7.0,"key":"The Specimen"},{"floor":9.0,"key":"Mango"},{"floor":11.0,"key":"PreservedInsect"},{"floor":13.0,"key":"Potion Belt"},{"floor":23.0,"key":"Mercury Hourglass"},{"floor":26.0,"key":"Snake Skull"},{"floor":27.0,"key":"Red Mask"},{"floor":29.0,"key":"Centennial Puzzle"},{"floor":42.0,"key":"Vajra"},{"floor":42.0,"key":"Oddly Smooth Stone"},{"floor":45.0,"key":"Calipers"},{"floor":45.0,"key":"Strawberry"},{"floor":47.0,"key":"Prayer Wheel"},{"floor":47.0,"key":"Blood Vial"},{"floor":55.0,"key":"Anchor"},{"floor":55.0,"key":"Bag of Marbles"}],"event_choices":[{"cards_removed":["Strike_G"],"damage_healed":0.0,"max_hp_gain":0.0,"max_hp_loss":0.0,"gold_gain":0.0,"event_name":"Purifier","player_choice":"Purged","floor":2.0,"gold_loss":0.0,"damage_taken":0.0},{"damage_healed":0.0,"max_hp_gain":0.0,"max_hp_loss":0.0,"gold_gain":0.0,"event_name":"Duplicator","player_choice":"Copied","floor":20.0,"gold_loss":0.0,"damage_taken":0.0,"cards_obtained":["Apotheosis"]},{"damage_healed":0.0,"max_hp_gain":0.0,"max_hp_loss":0.0,"gold_gain":0.0,"event_name":"Masked Bandits","player_choice":"Fought Bandits","floor":27.0,"gold_loss":0.0,"damage_taken":0.0},{"damage_healed":0.0,"max_hp_gain":0.0,"max_hp_loss":0.0,"gold_gain":0.0,"event_name":"N\u0027loth","player_choice":"Ignored","floor":30.0,"gold_loss":0.0,"damage_taken":0.0},{"damage_healed":0.0,"max_hp_gain":0.0,"max_hp_loss":0.0,"gold_gain":0.0,"event_name":"SensoryStone","player_choice":"Memory 1","floor":39.0,"gold_loss":0.0,"damage_taken":0.0},{"cards_removed":["Masterful Stab"],"damage_healed":0.0,"max_hp_gain":0.0,"max_hp_loss":0.0,"gold_gain":0.0,"event_name":"Falling","player_choice":"Removed Attack","floor":44.0,"gold_loss":0.0,"damage_taken":0.0},{"damage_healed":0.0,"max_hp_gain":0.0,"max_hp_loss":4.0,"gold_gain":0.0,"event_name":"Winding Halls","player_choice":"Max HP","floor":46.0,"gold_loss":0.0,"damage_taken":0.0}],"is_beta":false,"boss_relics":[{"not_picked":["Calling Bell","Empty Cage"],"picked":"Fusion Hammer"},{"not_picked":["White Beast Statue","Philosopher\u0027s Stone"],"picked":"Black Star"}],"items_purged_floors":[],"is_endless":false,"potions_floor_spawned":[5,7,12,16,18,21,27,28,33,37,41,45,47,48],"killed_by":"The Heart","ascension_level":20}