{"gold_per_floor":[114,114,114,128,128,128,158,158,184,184,204,215,215,13,13,89,89,108,108,108,29,29,29],"floor_reached":23,"playtime":541,"items_purged":["Strike_R"],"score":349,"play_id":"04471e5e-ea80-481d-a002-cbdaa02fb750","local_time":"20190428000535","is_ascension_mode":true,"campfire_choices":[{"data":"Perfected Strike","floor":6,"key":"SMITH"},{"data":"Fiend Fire","floor":10,"key":"SMITH"},{"data":"Twin Strike","floor":13,"key":"SMITH"},{"floor":15,"key":"REST"}],"neow_cost":"NONE","seed_source_timestamp":1502638453772675,"circlet_count":0,"master_deck":["AscendersBane","Defend_R","Defend_R","Defend_R","Defend_R","Bash+1","Perfected Strike+1","Fiend Fire+1","Twin Strike+1","Feel No Pain+1","Barricade+1","Metallicize+1","Disarm","Bite","Bite","Bite","Bite","Bite"],"relics":["Burning Blood","Frozen Egg 2","Smiling Mask","Ancient Tea Set","Pen Nib","Velvet Choker"],"potions_floor_usage":[23,23],"damage_taken":[{"damage":9,"enemies":"Jaw Worm","floor":1,"turns":4},{"damage":0,"enemies":"2 Louse","floor":4,"turns":3},{"damage":40,"enemies":"3 Sentries","floor":7,"turns":10},{"damage":7,"enemies":"Small Slimes","floor":11,"turns":2},{"damage":6,"enemies":"Looter","floor":12,"turns":2},{"damage":48,"enemies":"Slime Boss","floor":16,"turns":11},{"damage":17,"enemies":"3 Byrds","floor":18,"turns":7},{"damage":85,"enemies":"Gremlin Leader","floor":23,"turns":8}],"seed_played":"4749026452999286148","potions_obtained":[{"floor":7,"key":"SkillPotion"},{"floor":11,"key":"Regen Potion"},{"floor":18,"key":"Fire Potion"}],"is_trial":false,"path_per_floor":["M","?","$","M","T","R","E","?","T","R","M","M","R","$","R","B",null,"M","?","?","$","?","E"],"character_chosen":"IRONCLAD","items_purchased":["Pen Nib","Disarm"],"campfire_rested":1,"item_purchase_floors":[14,21],"current_hp_per_floor":[72,72,72,78,78,78,44,44,44,44,43,43,43,43,67,25,68,57,57,33,33,33,0],"gold":29,"neow_bonus":"TEN_PERCENT_HP_BONUS","is_prod":false,"is_daily":false,"chose_seed":false,"campfire_upgraded":3,"win_rate":0,"timestamp":1556424335,"path_taken":["M","?","$","M","?","R","E","?","T","R","?","M","R","$","R","BOSS","M","?","?","$","?","E"],"build_version":"2019-04-23","purchased_purges":1,"victory":false,"max_hp_per_floor":[82,82,82,82,82,82,82,82,82,82,82,82,82,82,82,82,82,82,82,87,87,60,60],"card_choices":[{"not_picked":["Heavy Blade","Body Slam","Clash"],"picked":"SKIP","floor":1},{"not_picked":["Sword Boomerang","Body Slam"],"picked":"Perfected Strike","floor":4},{"not_picked":["Sever Soul","Fire Breathing+1"],"picked":"Fiend Fire","floor":7},{"not_picked":["Flex","Hemokinesis"],"picked":"Twin Strike","floor":11},{"not_picked":["Havoc","True Grit"],"picked":"Feel No Pain+1","floor":12},{"not_picked":["Dark Embrace+1","Limit Break"],"picked":"Barricade+1","floor":16},{"not_picked":["Corruption+1","Armaments","Hemokinesis"],"picked":"SKIP","floor":18}],"player_experience":2470096,"relics_obtained":[{"floor":5,"key":"Frozen Egg 2"},{"floor":7,"key":"Smiling Mask"},{"floor":9,"key":"Ancient Tea Set"}],"event_choices":[{"damage_healed":0,"gold_gain":0,"player_choice":"Grow","damage_taken":0,"max_hp_gain":0,"max_hp_loss":0,"event_name":"Living Wall","floor":2,"gold_loss":0,"cards_upgraded":["Bash"]},{"damage_healed":0,"gold_gain":0,"player_choice":"Ignored","damage_taken":0,"max_hp_gain":0,"max_hp_loss":0,"event_name":"Shining Light","floor":8,"gold_loss":0},{"damage_healed":0,"gold_gain":0,"player_choice":"Read","damage_taken":0,"max_hp_gain":0,"max_hp_loss":0,"event_name":"The Library","floor":19,"gold_loss":0,"cards_obtained":["Metallicize"]},{"damage_healed":0,"gold_gain":0,"player_choice":"Shed Blood","damage_taken":29,"max_hp_gain":5,"max_hp_loss":0,"event_name":"Forgotten Altar","floor":20,"gold_loss":0},{"damage_healed":0,"gold_gain":0,"player_choice":"Became a vampire","damage_taken":0,"max_hp_gain":0,"max_hp_loss":27,"event_name":"Vampires","floor":22,"gold_loss":0,"cards_obtained":["Bite","Bite","Bite","Bite","Bite"]}],"is_beta":true,"boss_relics":[{"not_picked":["Runic Dome","Fusion Hammer"],"picked":"Velvet Choker"}],"items_purged_floors":[14],"is_endless":false,"potions_floor_spawned":[7,11,18],"killed_by":"Gremlin Leader","ascension_level":15}