{"gold_per_floor":[115,190,190,204,221,249,249,277,326,651,664,674,692,692,692,692],"floor_reached":16,"playtime":650,"items_purged":[],"score":232,"play_id":"1509f417-957d-4a2a-b2ab-fbfc9dca84ca","local_time":"20190313140543","is_ascension_mode":true,"campfire_choices":[{"data":"Armaments","floor":7,"key":"SMITH"},{"data":"Whirlwind","floor":15,"key":"SMITH"}],"neow_cost":"NONE","seed_source_timestamp":10398390816642,"circlet_count":0,"master_deck":["AscendersBane","Strike_R","Strike_R","Strike_R","Strike_R","Defend_R","Defend_R","Defend_R","Defend_R","Bash","Anger","Evolve","Armaments+1","Shockwave","Feed","Wild Strike","Hemokinesis","Whirlwind+1"],"relics":["Burning Blood","NeowsBlessing","Question Card","PreservedInsect","Bag of Preparation","Old Coin"],"potions_floor_usage":[8,8,10,13,16],"damage_taken":[{"damage":0,"enemies":"Small Slimes","floor":1,"turns":1},{"damage":0,"enemies":"Jaw Worm","floor":4,"turns":1},{"damage":0,"enemies":"Cultist","floor":5,"turns":1},{"damage":30,"enemies":"Lagavulin","floor":6,"turns":7},{"damage":29,"enemies":"Gremlin Nob","floor":8,"turns":4},{"damage":12,"enemies":"3 Sentries","floor":10,"turns":6},{"damage":4,"enemies":"Lots of Slimes","floor":11,"turns":5},{"damage":12,"enemies":"2 Fungi Beasts","floor":12,"turns":5},{"damage":26,"enemies":"Exordium Thugs","floor":13,"turns":5},{"damage":49,"enemies":"The Guardian","floor":16,"turns":8}],"seed_played":"-4043576501542335905","potions_obtained":[{"floor":4,"key":"Fire Potion"},{"floor":6,"key":"Regen Potion"},{"floor":8,"key":"Weak Potion"},{"floor":10,"key":"Regen Potion"},{"floor":13,"key":"Weak Potion"}],"is_trial":false,"path_per_floor":["M","?","?","M","M","E","R","E","T","E","M","M","M","?","R","B"],"character_chosen":"IRONCLAD","items_purchased":[],"campfire_rested":0,"item_purchase_floors":[],"current_hp_per_floor":[74,63,63,69,75,51,51,40,40,37,43,40,37,42,42,0],"gold":692,"neow_bonus":"THREE_ENEMY_KILL","is_prod":false,"is_daily":false,"chose_seed":false,"campfire_upgraded":2,"win_rate":0,"timestamp":1552500343,"path_taken":["M","?","?","M","M","E","R","E","T","E","?","M","?","?","R","BOSS"],"build_version":"2019-01-23","purchased_purges":0,"victory":false,"max_hp_per_floor":[75,75,75,75,75,75,75,75,75,78,82,85,88,93,93,93],"card_choices":[{"not_picked":["Disarm","Clash"],"picked":"Anger","floor":1},{"not_picked":["Power Through","Sever Soul"],"picked":"Evolve","floor":4},{"not_picked":["Headbutt","Pommel Strike"],"picked":"Armaments","floor":5},{"not_picked":["Anger","Havoc"],"picked":"Shockwave","floor":6},{"not_picked":["Rampage","Heavy Blade","Bloodletting"],"picked":"Feed","floor":8},{"not_picked":["Perfected Strike","Blood for Blood","Cleave"],"picked":"Wild Strike","floor":10},{"not_picked":["Clash","True Grit","Infernal Blade"],"picked":"Hemokinesis","floor":11},{"not_picked":["Corruption","Clash","Sword Boomerang"],"picked":"Whirlwind","floor":12},{"not_picked":["Cleave","Perfected Strike","Iron Wave","Carnage"],"picked":"SKIP","floor":13}],"player_experience":1081638,"relics_obtained":[{"floor":6,"key":"Question Card"},{"floor":8,"key":"PreservedInsect"},{"floor":9,"key":"Bag of Preparation"},{"floor":10,"key":"Old Coin"}],"event_choices":[{"damage_healed":0,"gold_gain":75,"player_choice":"Gather Gold","damage_taken":11,"max_hp_gain":0,"max_hp_loss":0,"event_name":"World of Goop","floor":2,"gold_loss":0},{"cards_removed":["Strike_R"],"damage_healed":0,"gold_gain":0,"player_choice":"Offered Basic","damage_taken":0,"max_hp_gain":0,"max_hp_loss":0,"event_name":"Bonfire Elementals","floor":3,"gold_loss":0},{"damage_healed":0,"gold_gain":0,"player_choice":"Donut","damage_taken":0,"max_hp_gain":5,"max_hp_loss":0,"event_name":"Big Fish","floor":14,"gold_loss":0}],"is_beta":false,"boss_relics":[],"items_purged_floors":[],"is_endless":false,"potions_floor_spawned":[4,6,8,10,13],"killed_by":"The Guardian","ascension_level":18}