{"gold_per_floor":[12,12,31,49,49,49,66,66,66,66,66,15,15,15,15,106,106,82,98,112,112,130,130],"floor_reached":23,"playtime":1141,"items_purged":[],"score":462,"play_id":"484c0a76-dffb-4502-8c6c-1acc39f49a88","local_time":"20190409005643","is_ascension_mode":true,"campfire_choices":[{"data":"Neutralize","floor":6,"key":"SMITH"},{"data":"Bouncing Flask","floor":8,"key":"SMITH"},{"data":"Dodge and Roll","floor":10,"key":"SMITH"},{"data":"Survivor","floor":11,"key":"SMITH"},{"data":"Poisoned Stab","floor":15,"key":"SMITH"}],"neow_cost":"NO_GOLD","seed_source_timestamp":657228290298201,"circlet_count":0,"master_deck":["AscendersBane","Defend_G","Defend_G+1","Defend_G","Defend_G","Defend_G","Strike_G","Strike_G","Strike_G","Strike_G+1","Survivor+1","Neutralize+1","Dodge and Roll+1","PiercingWail","Bouncing Flask+1","Poisoned Stab+1","Die Die Die","Backflip","Dash"],"relics":["Ring of the Snake","WingedGreaves","FaceOfCleric","Blue Candle","Golden Idol","Velvet Choker"],"potions_floor_usage":[16,18,20,23],"damage_taken":[{"damage":0,"enemies":"2 Louse","floor":1,"turns":4},{"damage":5,"enemies":"Cultist","floor":3,"turns":6},{"damage":4,"enemies":"Small Slimes","floor":4,"turns":5},{"damage":3,"enemies":"Red Slaver","floor":7,"turns":9},{"damage":0,"enemies":"The Guardian","floor":16,"turns":11},{"damage":1,"enemies":"2 Thieves","floor":18,"turns":4},{"damage":8,"enemies":"Shell Parasite","floor":19,"turns":4},{"damage":4,"enemies":"Centurion and Healer","floor":20,"turns":10},{"damage":20,"enemies":"Snecko","floor":22,"turns":6},{"damage":41,"enemies":"Slavers","floor":23,"turns":4}],"seed_played":"3388221930298696673","potions_obtained":[{"floor":1,"key":"Energy Potion"},{"floor":7,"key":"Block Potion"},{"floor":19,"key":"EssenceOfSteel"},{"floor":20,"key":"Strength Potion"}],"is_trial":false,"path_per_floor":["M","?","M","M","?","R","M","R","T","R","R","$","?","?","R","B",null,"M","M","M","?","M","E"],"character_chosen":"THE_SILENT","items_purchased":["Poisoned Stab"],"campfire_rested":0,"item_purchase_floors":[12],"current_hp_per_floor":[59,59,55,52,52,52,50,50,50,50,50,50,26,5,5,6,54,54,47,44,59,40,0],"gold":130,"neow_bonus":"ONE_RARE_RELIC","is_prod":false,"is_daily":false,"chose_seed":false,"campfire_upgraded":5,"win_rate":0,"timestamp":1554785803,"path_taken":["M","?","M","?","?","R","?","R","T","R","R","?","?","?","R","BOSS","M","M","M","?","M","E"],"build_version":"2019-01-23","purchased_purges":0,"victory":false,"max_hp_per_floor":[66,66,67,68,68,68,69,69,69,69,69,69,69,69,69,70,70,71,72,73,73,74,74],"card_choices":[{"not_picked":["Reflex","Blur"],"picked":"Dodge and Roll","floor":1},{"not_picked":["Outmaneuver","Underhanded Strike","Prepared"],"picked":"SKIP","floor":3},{"not_picked":["Flying Knee","Catalyst"],"picked":"PiercingWail","floor":4},{"not_picked":["Concentrate","Sucker Punch"],"picked":"Bouncing Flask","floor":7},{"not_picked":["Glass Knife","Grand Finale"],"picked":"Die Die Die","floor":16},{"not_picked":["Distraction","Heel Hook","Cloak And Dagger"],"picked":"SKIP","floor":18},{"not_picked":["Flying Knee","PiercingWail"],"picked":"Backflip","floor":19},{"not_picked":["Finisher+1","Terror","Tactician"],"picked":"SKIP","floor":20},{"not_picked":["Flying Knee","Accuracy"],"picked":"Dash","floor":22}],"player_experience":1761983,"relics_obtained":[{"floor":9,"key":"Blue Candle"}],"event_choices":[{"damage_healed":0,"gold_gain":0,"player_choice":"Trade","damage_taken":0,"relics_obtained":["FaceOfCleric"],"max_hp_gain":0,"max_hp_loss":0,"event_name":"FaceTrader","floor":2,"gold_loss":0},{"cards_removed":["Strike_G"],"damage_healed":0,"gold_gain":0,"player_choice":"Purged","damage_taken":0,"max_hp_gain":0,"max_hp_loss":0,"event_name":"Purifier","floor":5,"gold_loss":0},{"damage_healed":0,"gold_gain":0,"player_choice":"Take Damage","damage_taken":24,"relics_obtained":["Golden Idol"],"max_hp_gain":0,"max_hp_loss":0,"event_name":"Golden Idol","floor":13,"gold_loss":0},{"damage_healed":0,"gold_gain":0,"player_choice":"Entered Light","damage_taken":21,"max_hp_gain":0,"max_hp_loss":0,"event_name":"Shining Light","floor":14,"gold_loss":0,"cards_upgraded":["Strike_G","Defend_G"]},{"damage_healed":15,"gold_gain":0,"player_choice":"Heal","damage_taken":0,"max_hp_gain":0,"max_hp_loss":0,"event_name":"The Library","floor":21,"gold_loss":0}],"is_beta":false,"boss_relics":[{"not_picked":["Lizard Tail","Runic Pyramid"],"picked":"Velvet Choker"}],"items_purged_floors":[],"is_endless":false,"potions_floor_spawned":[1,7,19,20],"killed_by":"Slavers","ascension_level":20}