{"gold_per_floor":[113,113,17,36,51,51,68,68,68,88,123,85,117,135,135,233,233,245,255,273,273,11,11,31,50,123,123,139,157,82,8,8,8],"floor_reached":33,"playtime":2970,"items_purged":[],"score":336,"play_id":"6ed9900f-df4d-43c4-99b7-2cec465960e4","local_time":"20190415201259","is_ascension_mode":false,"campfire_choices":[{"data":"Shockwave","floor":6.0,"key":"SMITH"},{"data":"Combust","floor":8.0,"key":"SMITH"},{"floor":15.0,"key":"REST"},{"data":"Bludgeon","floor":23,"key":"SMITH"},{"floor":27,"key":"REST"},{"floor":32,"key":"REST"}],"neow_cost":"NONE","seed_source_timestamp":0,"circlet_count":0,"master_deck":["Strike_R","Strike_R","Strike_R","Strike_R","Strike_R","Defend_R","Defend_R","Defend_R","Defend_R","Bash","Clothesline","Combust+1","Heavy Blade","Shockwave+1","Sever Soul","Shrug It Off","Metallicize","Double Tap","Inflame","Headbutt","Bludgeon+1","Carnage","Headbutt","Seeing Red","Flex","Wild Strike+1","Flying Knee","Ball Lightning","Cleave","Flame Barrier"],"special_seed":0,"relics":["Black Blood","Dodecahedron","Pen Nib","Paper Frog","Regal Pillow","PrismaticShard","Matryoshka"],"potions_floor_usage":[25,33],"damage_taken":[{"damage":15.0,"enemies":"Jaw Worm","floor":1.0,"turns":4.0},{"damage":0.0,"enemies":"2 Louse","floor":4.0,"turns":2.0},{"damage":17.0,"enemies":"Small Slimes","floor":5.0,"turns":4.0},{"damage":8.0,"enemies":"Exordium Wildlife","floor":7.0,"turns":4.0},{"damage":5.0,"enemies":"Looter","floor":10.0,"turns":4.0},{"damage":14.0,"enemies":"Gremlin Nob","floor":11.0,"turns":6.0},{"damage":29.0,"enemies":"Lagavulin","floor":13.0,"turns":7.0},{"damage":0.0,"enemies":"Large Slime","floor":14.0,"turns":4.0},{"damage":5.0,"enemies":"Slime Boss","floor":16.0,"turns":7.0},{"damage":40.0,"enemies":"3 Byrds","floor":18.0,"turns":6.0},{"damage":29,"enemies":"2 Thieves","floor":19,"turns":5},{"damage":6,"enemies":"Snecko","floor":20,"turns":3},{"damage":13,"enemies":"Sentry and Sphere","floor":24,"turns":3},{"damage":39,"enemies":"3 Cultists","floor":25,"turns":6},{"damage":46,"enemies":"Chosen and Byrds","floor":28,"turns":7},{"damage":34,"enemies":"Centurion and Healer","floor":29,"turns":6},{"damage":72,"enemies":"Automaton","floor":33,"turns":6}],"seed_played":"3893835575033334802","potions_obtained":[{"floor":4.0,"key":"Regen Potion"},{"floor":5.0,"key":"Dexterity Potion"},{"floor":10.0,"key":"Swift Potion"},{"floor":14.0,"key":"Strength Potion"},{"floor":24,"key":"SkillPotion"},{"floor":29,"key":"Poison Potion"}],"is_trial":false,"path_per_floor":["M","?","$","M","M","R","M","R","T","M","E","$","E","M","R","B",null,"M","M","M","?","$","R","M","M","T","R","M","M","?","$","R","B"],"character_chosen":"IRONCLAD","items_purchased":["Combust","Heavy Blade","Inflame","Flex","PrismaticShard","Flame Barrier"],"campfire_rested":3,"item_purchase_floors":[3,3,12,22,22,31],"current_hp_per_floor":[79,61,61,67,68,68,66,66,66,67,59,59,36,42,83,84,88,58,39,43,72,72,72,69,40,40,81,45,21,21,21,62,0],"gold":8,"neow_bonus":"TEN_PERCENT_HP_BONUS","is_prod":false,"is_daily":false,"chose_seed":false,"campfire_upgraded":3,"win_rate":0.0,"timestamp":1555351979,"path_taken":["M","?","$","M","M","R","M","R","T","M","E","$","E","M","R","BOSS","M","M","M","?","$","R","M","M","T","R","M","M","?","$","R","BOSS"],"build_version":"2019-01-23","purchased_purges":0,"victory":false,"max_hp_per_floor":[88,88,88,88,88,88,88,88,88,88,88,88,88,88,88,88,88,88,88,88,88,88,88,88,88,88,88,88,88,88,88,88,88],"card_choices":[{"not_picked":["True Grit","Sever Soul"],"picked":"Clothesline","floor":1.0},{"not_picked":["Headbutt","Metallicize"],"picked":"Shockwave","floor":4.0},{"not_picked":["Wild Strike","Armaments"],"picked":"Sever Soul","floor":5.0},{"not_picked":["Feed","Clash"],"picked":"Shrug It Off","floor":7.0},{"not_picked":["Heavy Blade","Armaments"],"picked":"Metallicize","floor":10.0},{"not_picked":["Rage","Dual Wield"],"picked":"Double Tap","floor":11.0},{"not_picked":["True Grit","Reckless Charge"],"picked":"Headbutt","floor":13.0},{"not_picked":["Havoc","Flex"],"picked":"Sentinel","floor":14.0},{"not_picked":["Dark Embrace","Juggernaut"],"picked":"Bludgeon","floor":16.0},{"not_picked":["Havoc","Anger"],"picked":"Carnage","floor":18.0},{"not_picked":["Reckless Charge","Entrench"],"picked":"Headbutt","floor":19},{"not_picked":["Clash","Corruption"],"picked":"Seeing Red","floor":20},{"not_picked":["Calculated Gamble","Flash of Steel+1"],"picked":"Wild Strike+1","floor":24},{"not_picked":["Quick Slash+1","PiercingWail"],"picked":"Flying Knee","floor":25},{"not_picked":["Second Wind+1","Deflect"],"picked":"Ball Lightning","floor":28},{"not_picked":["Mind Blast","Cold Snap"],"picked":"Cleave","floor":29}],"player_experience":55067,"relics_obtained":[{"floor":9.0,"key":"Pen Nib"},{"floor":11.0,"key":"Paper Frog"},{"floor":13.0,"key":"Regal Pillow"},{"floor":26,"key":"Matryoshka"}],"event_choices":[{"damage_healed":0.0,"max_hp_gain":0.0,"max_hp_loss":0.0,"gold_gain":0.0,"event_name":"Scrap Ooze","player_choice":"Success","floor":2.0,"gold_loss":0.0,"damage_taken":18.0,"relics_obtained":["Dodecahedron"]},{"damage_healed":29,"gold_gain":0,"player_choice":"Heal","damage_taken":0,"max_hp_gain":0,"max_hp_loss":0,"event_name":"The Library","floor":21,"gold_loss":0},{"cards_removed":["Sentinel"],"damage_healed":0,"gold_gain":0,"player_choice":"Gave Gold","damage_taken":0,"max_hp_gain":0,"max_hp_loss":0,"event_name":"Beggar","floor":30,"gold_loss":75}],"is_beta":false,"boss_relics":[{"not_picked":["Cursed Key","Runic Dome"],"picked":"Black Blood"}],"items_purged_floors":[],"is_endless":false,"potions_floor_spawned":[4,5,10,14,24,29],"killed_by":"Automaton","ascension_level":0}