{"gold_per_floor":[110,121,196,196,211,223,255,255,255,255,255,274,27,37,37,115,115,115,115,115,115,115,115,30,30,30,30,30,30,30,30,30,30,30,30,30,30,4,4,4,4,4,4,4,4,4,4,4,4,4],"floor_reached":51,"playtime":1595,"items_purged":[],"score":1370,"play_id":"3371cfc5-c9b4-4a3e-bbef-98035d55583f","local_time":"20180802230210","is_ascension_mode":true,"campfire_choices":[{"data":"Buffer","floor":8.0,"key":"SMITH"},{"data":"Dualcast","floor":10.0,"key":"SMITH"},{"data":"Defragment","floor":15.0,"key":"SMITH"},{"data":"Loop","floor":23.0,"key":"SMITH"},{"floor":25.0,"key":"REST"},{"data":"Conserve Battery","floor":30.0,"key":"SMITH"},{"data":"Glacier","floor":32.0,"key":"SMITH"},{"data":"Madness","floor":40.0,"key":"SMITH"},{"data":"Madness","floor":45.0,"key":"SMITH"},{"data":"Hologram","floor":47,"key":"SMITH"},{"floor":49,"key":"REST"}],"neow_cost":"NONE","seed_source_timestamp":49121147555790,"circlet_count":0,"master_deck":["Strike_B","Defend_B","Defend_B","Defend_B","Defend_B","Zap+1","Dualcast+1","AscendersBane","Buffer+1","Glacier+1","Leap","Conserve Battery+1","Coolheaded","Leap","Cold Snap+1","Sunder+1","Defragment+1","Hyperbeam+1","Ball Lightning+1","Necronomicurse","Loop+1","Glacier","Cold Snap+1","Stack+1","Thunder Strike+1","Hologram+1","Madness+1","Madness+1","Leap","Chill+1","Redo+1","Ball Lightning+1"],"special_seed":0,"relics":["FrozenCore","Bird Faced Urn","Molten Egg 2","Runic Capacitor","Ectoplasm","Necronomicon","Kunai","Juzu Bracelet","DataDisk","Toxic Egg 2"],"potions_floor_usage":[50,50],"damage_taken":[{"damage":7.0,"enemies":"Jaw Worm","floor":1.0,"turns":4.0},{"damage":0.0,"enemies":"Small Slimes","floor":2.0,"turns":6.0},{"damage":0.0,"enemies":"2 Louse","floor":5.0,"turns":3.0},{"damage":11.0,"enemies":"Lots of Slimes","floor":6.0,"turns":5.0},{"damage":11.0,"enemies":"3 Sentries","floor":7.0,"turns":15.0},{"damage":0.0,"enemies":"Large Slime","floor":12.0,"turns":9.0},{"damage":0.0,"enemies":"Blue Slaver","floor":14.0,"turns":5.0},{"damage":0.0,"enemies":"Hexaghost","floor":16.0,"turns":10.0},{"damage":0.0,"enemies":"Spheric Guardian","floor":18.0,"turns":6.0},{"damage":0.0,"enemies":"Chosen","floor":20.0,"turns":2.0},{"damage":0.0,"enemies":"Snecko","floor":22.0,"turns":5.0},{"damage":7.0,"enemies":"Slaver and Parasite","floor":29.0,"turns":5.0},{"damage":2.0,"enemies":"Chosen and Byrds","floor":31.0,"turns":4.0},{"damage":29.0,"enemies":"Collector","floor":33.0,"turns":11.0},{"damage":0.0,"enemies":"Flame Bruiser 1 Orb","floor":35.0,"turns":8.0},{"damage":14.0,"enemies":"3 Shapes","floor":37.0,"turns":3.0},{"damage":0.0,"enemies":"Spire Growth","floor":39.0,"turns":8.0},{"damage":0.0,"enemies":"Nemesis","floor":41.0,"turns":13.0},{"damage":3.0,"enemies":"Maw","floor":44.0,"turns":11.0},{"damage":2,"enemies":"Sphere and 2 Shapes","floor":46,"turns":2},{"damage":25,"enemies":"Transient","floor":48,"turns":5},{"damage":0,"enemies":"Awakened One","floor":50,"turns":18}],"seed_played":"-4099848705255385599","potions_obtained":[{"floor":1.0,"key":"SpeedPotion"},{"floor":6.0,"key":"FocusPotion"},{"floor":7.0,"key":"Dexterity Potion"},{"floor":18.0,"key":"PowerPotion"},{"floor":33.0,"key":"EssenceOfSteel"}],"is_trial":false,"path_per_floor":["M","M","?","?","M","M","E","R","T","R","?","M","$","M","R","B",null,"M","?","M","?","M","R","?","R","T","?","$","M","R","M","R","B",null,"M","?","M","$","M","R","E","?","T","M","R","M","R","M","R","B"],"character_chosen":"DEFECT","items_purchased":["Runic Capacitor","Sunder+1","Leap"],"campfire_rested":2,"item_purchase_floors":[13,13,38],"current_hp_per_floor":[57,57,46,46,46,35,24,24,24,24,17,19,19,19,19,23,59,63,42,42,42,48,48,48,69,69,69,69,68,68,70,70,42,64,68,55,45,45,51,51,57,57,57,60,60,58,58,35,56,62],"gold":4,"neow_bonus":"TRANSFORM_CARD","is_prod":false,"is_daily":false,"chose_seed":false,"campfire_upgraded":9,"win_rate":0,"timestamp":1533276130,"path_taken":["M","M","?","?","M","?","E","R","T","R","?","M","$","M","R","BOSS","M","?","M","?","M","R","?","R","T","?","?","M","R","M","R","BOSS","M","?","M","$","M","R","E","?","T","M","R","M","R","M","R","BOSS"],"build_version":"2018-08-01","purchased_purges":0,"victory":true,"max_hp_per_floor":[71,71,71,71,71,71,71,71,71,71,71,71,71,71,71,71,71,71,71,71,71,71,71,71,71,71,71,71,71,71,71,71,71,71,71,71,71,71,71,71,71,71,71,71,71,71,71,71,71,71],"card_choices":[{"not_picked":["Gash","Reinforced Body"],"picked":"Glacier","floor":1.0},{"not_picked":["Go for the Eyes","Melter"],"picked":"Leap","floor":2.0},{"not_picked":["Hello World","Sweeping Beam"],"picked":"Conserve Battery","floor":5.0},{"not_picked":["Hello World","Beam Cell"],"picked":"Coolheaded","floor":6.0},{"not_picked":["Reboot","Stack"],"picked":"Leap","floor":7.0},{"not_picked":["Conserve Battery","Steam"],"picked":"Cold Snap+1","floor":12.0},{"not_picked":["Melter+1","Compile Driver+1"],"picked":"Defragment","floor":14.0},{"not_picked":["Meteor Strike+1","Buffer"],"picked":"Hyperbeam+1","floor":16.0},{"not_picked":["Rip and Tear+1","Rebound+1"],"picked":"Ball Lightning+1","floor":18.0},{"not_picked":["Hologram","FTL+1"],"picked":"Loop","floor":20.0},{"not_picked":["Recycle","Double Energy","Compile Driver+1"],"picked":"SKIP","floor":22.0},{"not_picked":["Gash+1","Compile Driver+1"],"picked":"Cold Snap+1","floor":29.0},{"not_picked":["Gash+1","Steam"],"picked":"Stack+1","floor":31.0},{"not_picked":["Echo Form","Amplify"],"picked":"Thunder Strike+1","floor":33.0},{"not_picked":["Lockon+1","Rebound+1"],"picked":"Hologram","floor":35.0},{"not_picked":["Gash+1","Doom and Gloom+1","Hologram"],"picked":"SKIP","floor":37.0},{"not_picked":["Double Energy+1","Barrage+1","Aggregate"],"picked":"SKIP","floor":39.0},{"not_picked":["Compile Driver+1","Capacitor"],"picked":"Chill+1","floor":41.0},{"not_picked":["Steam+1","Turbo+1","Rip and Tear+1"],"picked":"SKIP","floor":44.0},{"not_picked":["Biased Cognition","Double Energy+1"],"picked":"Redo+1","floor":46},{"not_picked":["Barrage+1","Go for the Eyes+1"],"picked":"Ball Lightning+1","floor":48}],"player_experience":825744,"relics_obtained":[{"floor":7.0,"key":"Bird Faced Urn"},{"floor":9.0,"key":"Molten Egg 2"},{"floor":19.0,"key":"Necronomicon"},{"floor":26.0,"key":"Juzu Bracelet"},{"floor":41.0,"key":"DataDisk"},{"floor":43.0,"key":"Toxic Egg 2"}],"event_choices":[{"event_name":"World of Goop","player_choice":"Gather Gold","floor":3.0,"damage_taken":0.0},{"event_name":"Living Wall","player_choice":"Grow","floor":4.0,"damage_taken":0.0},{"event_name":"Golden Wing","player_choice":"Card Removal","floor":11.0,"damage_taken":0.0},{"event_name":"Cursed Tome","player_choice":"Obtained Book","floor":19.0,"damage_taken":0.0},{"event_name":"The Library","player_choice":"Read","floor":21.0,"damage_taken":0.0},{"event_name":"Addict","player_choice":"Obtained Relic","floor":24.0,"damage_taken":0.0},{"event_name":"Drug Dealer","player_choice":"Ignored","floor":27.0,"damage_taken":0.0},{"event_name":"Winding Halls","player_choice":"Embrace Madness","floor":36.0,"damage_taken":0.0},{"event_name":"Falling","player_choice":"Removed Attack","floor":42.0,"damage_taken":0.0}],"is_beta":true,"boss_relics":[{"not_picked":["Calling Bell","Lizard Tail"],"picked":"Ectoplasm"},{"not_picked":["Eternal Feather","Snecko Eye"],"picked":"FrozenCore"}],"items_purged_floors":[],"is_endless":false,"potions_floor_spawned":[1,6,7,12,18,33,37,39,48],"ascension_level":15}