{"path_per_floor":["M","M","?","?","?","R","M","R","T","M","M","M","R","E","R","B",null,"M","?","M","?","M","R","E","$","T","$","M","R","M","M","R","B",null,"M","?","?","$","$","R","M","R","T","R","T","M","?","?","R"],"character_chosen":"IRONCLAD","items_purchased":["Body Slam","Letter Opener"],"gold_per_floor":[118,135,135,210,210,210,229,229,282,299,309,329,329,361,361,435,435,435,350,275,275,275,275,275,4,4,4,4,4,4,4,4,4,4,4,4,4,4,4,4,4,4,4,4,4,4,4,0,0,0],"floor_reached":50,"campfire_rested":0,"playtime":1881,"current_hp_per_floor":[54,59,52,41,41,41,47,47,47,53,59,65,65,64,64,29,58,68,68,53,53,67,67,63,63,63,63,68,68,68,68,68,19,56,68,58,46,46,46,46,64,64,64,64,64,68,68,68,68,0],"items_purged":[],"gold":0,"score":805,"play_id":"8d3ca474-334c-4bc6-8f6c-3ccebda5f879","local_time":"20180413223356","is_prod":false,"is_daily":false,"chose_seed":false,"is_ascension_mode":true,"campfire_upgraded":11,"timestamp":1523684036,"path_taken":["M","M","?","?","?","R","M","R","T","?","M","M","R","E","R","BOSS","M","?","?","?","M","R","E","$","T","?","M","R","M","M","R","BOSS","M","?","?","?","$","R","M","R","T","R","?","M","?","?","R","BOSS"],"build_version":"2018-04-12","seed_source_timestamp":176638016930903,"purchased_purges":0,"victory":false,"master_deck":["Strike_R+1","Strike_R+1","Strike_R+1","Defend_R+1","Defend_R+1","Bash+1","AscendersBane","Armaments+1","Ghostly Armor","Feel No Pain+1","Reckless Charge","Evolve+1","Feel No Pain+1","True Grit","Reaper","Warcry+1","Reckless Charge","Dark Embrace+1","Body Slam+1","True Grit","True Grit+1","Flex+1","Reaper","Battle Trance+1","Dark Shackles+1","Finesse","Bandage Up","Madness","Madness","Havoc+1"],"max_hp_per_floor":[68,68,68,68,68,68,68,68,68,68,68,68,68,68,68,68,68,68,68,68,68,68,68,68,68,68,68,68,68,68,68,68,68,68,68,68,68,68,68,68,68,68,68,68,68,68,68,68,68,68],"relics":["Burning Blood","Dream Catcher","Pen Nib","Ectoplasm","Anchor","Orichalcum","Letter Opener","Juzu Bracelet","Sozu","Mummified Hand","Art of War","Red Mask"],"card_choices":[{"not_picked":["Perfected Strike","Anger"],"picked":"Armaments","floor":1},{"not_picked":["Disarm","Anger"],"picked":"Ghostly Armor","floor":2},{"not_picked":["Sword Boomerang","Perfected Strike"],"picked":"Feel No Pain","floor":7},{"not_picked":["Body Slam","Blood for Blood"],"picked":"Reckless Charge","floor":10},{"not_picked":["Entrench","Infernal Blade"],"picked":"Evolve","floor":11},{"not_picked":["Limit Break","Body Slam"],"picked":"Feel No Pain","floor":12},{"not_picked":["Clash","Sword Boomerang"],"picked":"True Grit","floor":14},{"not_picked":["Juggernaut","Double Tap"],"picked":"Reaper","floor":16},{"not_picked":["Second Wind","Thunderclap"],"picked":"Warcry","floor":18},{"not_picked":["Blood for Blood","Twin Strike"],"picked":"Shrug It Off","floor":20},{"not_picked":["Headbutt","Pummel"],"picked":"Reckless Charge","floor":22},{"not_picked":["Anger","Perfected Strike"],"picked":"Dark Embrace","floor":24},{"not_picked":["Iron Wave","Headbutt"],"picked":"True Grit","floor":28},{"not_picked":["Perfected Strike","Bloodletting"],"picked":"True Grit","floor":30},{"not_picked":["Sentinel","Sword Boomerang"],"picked":"Flex","floor":31},{"not_picked":["Dark Embrace","Immolate"],"picked":"Reaper","floor":33},{"not_picked":["Headbutt","Rage"],"picked":"Battle Trance","floor":35},{"not_picked":["Panacea","Swift Strike"],"picked":"Dark Shackles","floor":36},{"not_picked":["Bandage Up","Dark Shackles"],"picked":"Finesse","floor":36},{"not_picked":["Good Instincts","Swift Strike"],"picked":"Bandage Up","floor":36},{"not_picked":["Clothesline","Fire Breathing"],"picked":"Havoc","floor":41}],"player_experience":454720,"potions_floor_usage":[14,16,16,28,33,50,50],"damage_taken":[{"damage":20,"enemies":"Small Slimes","floor":1,"turns":4},{"damage":1,"enemies":"2 Louse","floor":2,"turns":3},{"damage":0,"enemies":"Cultist","floor":7,"turns":3},{"damage":0,"enemies":"Looter","floor":10,"turns":4},{"damage":0,"enemies":"2 Fungi Beasts","floor":11,"turns":6},{"damage":0,"enemies":"Red Slaver","floor":12,"turns":5},{"damage":7,"enemies":"3 Sentries","floor":14,"turns":10},{"damage":41,"enemies":"The Guardian","floor":16,"turns":14},{"damage":1,"enemies":"3 Byrds","floor":18,"turns":8},{"damage":21,"enemies":"2 Thieves","floor":20,"turns":4},{"damage":0,"enemies":"Sentry and Sphere","floor":22,"turns":8},{"damage":11,"enemies":"Book of Stabbing","floor":24,"turns":7},{"damage":5,"enemies":"Centurion and Healer","floor":28,"turns":7},{"damage":6,"enemies":"3 Cultists","floor":30,"turns":6},{"damage":0,"enemies":"Snecko","floor":31,"turns":8},{"damage":63,"enemies":"Automaton","floor":33,"turns":13},{"damage":9,"enemies":"3 Shapes","floor":35,"turns":5},{"damage":0,"enemies":"Orb Walker","floor":41,"turns":4},{"damage":11,"enemies":"4 Shapes","floor":46,"turns":6},{"damage":89,"enemies":"Time Eater","floor":50,"turns":14}],"event_choices":[{"event_name":"Golden Wing","player_choice":"Card Removal","floor":3,"damage_taken":0},{"event_name":"World of Goop","player_choice":"Gather Gold","floor":4,"damage_taken":0},{"event_name":"Living Wall","player_choice":"Forget","floor":5,"damage_taken":0},{"event_name":"Addict","player_choice":"Obtained Relic","floor":19,"damage_taken":0},{"event_name":"Back to Basics","player_choice":"Simplicity","floor":21,"damage_taken":0},{"event_name":"SensoryStone","player_choice":"Memory 3","floor":36,"damage_taken":0},{"event_name":"Winding Halls","player_choice":"Embrace Madness","floor":37,"damage_taken":0},{"event_name":"Tomb of Lord Red Mask","player_choice":"Paid","floor":48,"damage_taken":0}],"boss_relics":[{"not_picked":["White Beast Statue","Velvet Choker"],"picked":"Ectoplasm"},{"not_picked":["Calling Bell","Pandora\u0027s Box"],"picked":"Sozu"}],"potions_floor_spawned":[2,7,11,12,20,22,24,30,35,41],"seed_played":"4461564757528777182","killed_by":"Time Eater","ascension_level":15,"is_trial":false}