{"gold_per_floor":[114,114,114,128,11,11,55,79,103,126,147,183,183,204,204,204],"floor_reached":16,"playtime":553,"items_purged":["Injury"],"score":274,"play_id":"35304df8-020d-410c-b51b-2f48c0cf4bac","local_time":"20190408222006","is_ascension_mode":true,"campfire_choices":[{"data":"Dash","floor":6,"key":"SMITH"},{"data":"Dagger Spray","floor":15,"key":"SMITH"}],"neow_cost":"NONE","seed_source_timestamp":648422922238072,"circlet_count":0,"master_deck":["AscendersBane","Defend_G","Defend_G","Defend_G+1","Defend_G","Defend_G","Strike_G","Strike_G","Strike_G+1","Strike_G","Strike_G","Survivor","Neutralize","Cloak And Dagger","Acrobatics","Dash+1","Quick Slash","PiercingWail","Dagger Spray+1","Cloak And Dagger","PiercingWail"],"relics":["Ring of the Snake","NeowsBlessing","Golden Idol","Lantern","Strawberry","Dream Catcher","Incense Burner"],"potions_floor_usage":[10,12],"damage_taken":[{"damage":0,"enemies":"Small Slimes","floor":1,"turns":1},{"damage":0,"enemies":"2 Louse","floor":4,"turns":1},{"damage":0,"enemies":"Lagavulin","floor":7,"turns":1},{"damage":0,"enemies":"Cultist","floor":8,"turns":3},{"damage":4,"enemies":"Exordium Thugs","floor":10,"turns":4},{"damage":8,"enemies":"Large Slime","floor":11,"turns":5},{"damage":5,"enemies":"3 Sentries","floor":12,"turns":8},{"damage":20,"enemies":"Exordium Wildlife","floor":14,"turns":8},{"damage":18,"enemies":"Slime Boss","floor":16,"turns":3}],"seed_played":"-9076720548959966452","potions_obtained":[{"floor":7,"key":"Strength Potion"},{"floor":8,"key":"Strength Potion"},{"floor":11,"key":"Ancient Potion"}],"is_trial":false,"path_per_floor":["M","?","?","M","$","R","E","M","T","M","M","E","?","M","R","B"],"character_chosen":"THE_SILENT","items_purchased":["Dash"],"campfire_rested":0,"item_purchase_floors":[5],"current_hp_per_floor":[59,39,39,39,39,39,39,39,46,42,34,29,29,9,9,0],"gold":204,"neow_bonus":"THREE_ENEMY_KILL","is_prod":false,"is_daily":false,"chose_seed":false,"campfire_upgraded":2,"win_rate":0,"timestamp":1554776406,"path_taken":["M","?","?","M","$","R","E","M","T","M","M","E","?","M","R","BOSS"],"build_version":"2019-01-23","purchased_purges":1,"victory":false,"max_hp_per_floor":[66,66,66,66,66,66,66,66,73,73,73,73,73,73,73,73],"card_choices":[{"not_picked":["Dodge and Roll","Blur"],"picked":"Cloak And Dagger","floor":1},{"not_picked":["Underhanded Strike","Bane"],"picked":"Acrobatics","floor":4},{"not_picked":["Tactician","Flying Knee"],"picked":"Quick Slash","floor":7},{"not_picked":["Backflip","Unload"],"picked":"PiercingWail","floor":8},{"not_picked":["PiercingWail","Outmaneuver"],"picked":"Dagger Spray","floor":10},{"not_picked":["Acrobatics","Poisoned Stab"],"picked":"Cloak And Dagger","floor":11},{"not_picked":["Catalyst","Endless Agony","Reflex"],"picked":"SKIP","floor":12},{"not_picked":["Acrobatics","Deadly Poison"],"picked":"PiercingWail","floor":14}],"player_experience":1753679,"relics_obtained":[{"floor":7,"key":"Lantern"},{"floor":9,"key":"Strawberry"},{"floor":12,"key":"Dream Catcher"}],"event_choices":[{"damage_healed":0,"gold_gain":0,"player_choice":"Entered Light","damage_taken":20,"max_hp_gain":0,"max_hp_loss":0,"event_name":"Shining Light","floor":2,"gold_loss":0,"cards_upgraded":["Defend_G","Strike_G"]},{"damage_healed":0,"gold_gain":0,"player_choice":"Take Wound","damage_taken":0,"relics_obtained":["Golden Idol"],"max_hp_gain":0,"max_hp_loss":0,"event_name":"Golden Idol","floor":3,"gold_loss":0,"cards_obtained":["Injury"]},{"damage_healed":0,"gold_gain":0,"player_choice":"Searched \u00272\u0027 times","damage_taken":0,"relics_obtained":["Incense Burner"],"max_hp_gain":0,"max_hp_loss":0,"event_name":"Dead Adventurer","floor":13,"gold_loss":0}],"is_beta":false,"boss_relics":[],"items_purged_floors":[5],"is_endless":false,"potions_floor_spawned":[7,8,11],"killed_by":"Slime Boss","ascension_level":20}