{"path_per_floor":["M","M","M","M","?","M","?","R","T","M","R","M","E","M","R","B",null,"M","?","?","M","?","R","M","R","T","$","M","E","$","M","R"],"character_chosen":"DEFECT","items_purchased":["Bag of Marbles","Chaos","Lockon"],"gold_per_floor":[11,26,45,59,29,47,47,47,115,127,127,147,181,195,195,291,291,306,306,306,320,320,320,336,336,336,76,94,129,53,63,63,63],"floor_reached":33,"campfire_rested":0,"playtime":1770,"item_purchase_floors":[27,27,30],"current_hp_per_floor":[89,89,89,89,89,89,96,96,96,89,89,89,81,81,81,67,103,103,103,82,67,74,74,71,71,71,71,43,43,43,30,30,0],"items_purged":["Writhe"],"gold":63,"score":346,"play_id":"7c01466c-6a68-4195-b0de-5a1a35f9e3dc","local_time":"20180609190354","is_prod":false,"is_daily":false,"chose_seed":false,"is_ascension_mode":false,"campfire_upgraded":6,"win_rate":0,"timestamp":1528585434,"campfire_choices":[{"data":"Redo","floor":8,"key":"SMITH"},{"data":"Capacitor","floor":11,"key":"SMITH"},{"data":"Zap","floor":15,"key":"SMITH"},{"data":"Rainbow","floor":23,"key":"SMITH"},{"data":"Barrage","floor":25,"key":"SMITH"},{"data":"Chaos","floor":32,"key":"SMITH"}],"path_taken":["M","M","?","M","?","M","?","R","T","M","R","?","E","M","R","BOSS","M","?","?","M","?","R","M","R","T","$","M","E","$","?","R","BOSS"],"build_version":"2018-06-07v3","seed_source_timestamp":294928245660231,"purchased_purges":1,"victory":false,"master_deck":["Strike_B+1","Strike_B+1","Strike_B+1","Strike_B+1","Defend_B+1","Defend_B+1","Defend_B+1","Defend_B+1","Zap+1","Dualcast","Genetic Algorithm","Glacier","Sweeping Beam","Redo+1","Capacitor+1","Barrage+1","Cold Snap","FTL","Gash","Rainbow+1","Rip and Tear","Chaos+1","Rebound+1","Lockon","Coolheaded"],"max_hp_per_floor":[89,89,89,89,89,89,103,103,103,103,103,103,103,103,103,103,103,103,103,108,108,115,115,115,115,115,115,115,115,115,115,115,115],"relics":["Cracked Core","Mango","Bottled Tornado","Lantern","Busted Crown","Strawberry","Gambling Chip","Bag of Marbles","Ice Cream"],"card_choices":[{"not_picked":["Fusion","Force Field"],"picked":"Genetic Algorithm","floor":1},{"not_picked":["Genetic Algorithm","Gash"],"picked":"Glacier","floor":2},{"not_picked":["Self Repair","Coolheaded"],"picked":"Sweeping Beam","floor":3},{"not_picked":["Doom and Gloom","Hologram"],"picked":"Redo","floor":4},{"not_picked":["Heatsinks","Turbo"],"picked":"Capacitor","floor":6},{"not_picked":["Steam","Turbo"],"picked":"Barrage","floor":10},{"not_picked":["Aggregate","Stack"],"picked":"Cold Snap","floor":12},{"not_picked":["Beam Cell","Recycle"],"picked":"FTL","floor":13},{"not_picked":["Conserve Battery","Redo"],"picked":"Gash","floor":14},{"not_picked":["Fission","Biased Cognition"],"picked":"Rainbow","floor":16},{"not_picked":[],"picked":"Rip and Tear","floor":18},{"not_picked":["Conserve Battery"],"picked":"SKIP","floor":21},{"not_picked":["Stack"],"picked":"SKIP","floor":24},{"not_picked":["Beam Cell"],"picked":"SKIP","floor":28},{"not_picked":[],"picked":"Rebound+1","floor":29},{"not_picked":[],"picked":"Coolheaded","floor":31}],"player_experience":935489,"potions_floor_usage":[3,4,4,10,13,13,21,28,33,33],"damage_taken":[{"damage":0,"enemies":"Cultist","floor":1,"turns":3},{"damage":0,"enemies":"Jaw Worm","floor":2,"turns":3},{"damage":0,"enemies":"Small Slimes","floor":3,"turns":3},{"damage":0,"enemies":"3 Louse","floor":4,"turns":1},{"damage":0,"enemies":"2 Fungi Beasts","floor":6,"turns":5},{"damage":7,"enemies":"Gremlin Gang","floor":10,"turns":4},{"damage":0,"enemies":"Exordium Wildlife","floor":12,"turns":4},{"damage":8,"enemies":"Lagavulin","floor":13,"turns":5},{"damage":0,"enemies":"2 Fungi Beasts","floor":14,"turns":2},{"damage":14,"enemies":"The Guardian","floor":16,"turns":12},{"damage":0,"enemies":"Chosen","floor":18,"turns":5},{"damage":15,"enemies":"3 Byrds","floor":21,"turns":6},{"damage":3,"enemies":"Snake Plant","floor":24,"turns":5},{"damage":28,"enemies":"Slaver and Parasite","floor":28,"turns":5},{"damage":0,"enemies":"Gremlin Leader","floor":29,"turns":7},{"damage":13,"enemies":"Chosen and Byrds","floor":31,"turns":5},{"damage":39,"enemies":"Automaton","floor":33,"turns":6}],"relics_obtained":[{"floor":9,"key":"Bottled Tornado"},{"floor":13,"key":"Lantern"},{"floor":26,"key":"Gambling Chip"},{"floor":29,"key":"Ice Cream"}],"event_choices":[{"event_name":"The Woman in Blue","player_choice":"Bought 2 Potions","floor":5,"damage_taken":0},{"event_name":"Scrap Ooze","player_choice":"success","floor":7,"damage_taken":7},{"event_name":"Back to Basics","player_choice":"Simplicity","floor":19,"damage_taken":0},{"event_name":"Forgotten Altar","player_choice":"Shed Blood","floor":20,"damage_taken":0},{"event_name":"The Mausoleum","player_choice":"Yes","floor":22,"damage_taken":0}],"boss_relics":[{"not_picked":["Runic Pyramid","Ectoplasm"],"picked":"Busted Crown"}],"items_purged_floors":[27],"potions_floor_spawned":[1,2,6,14,16,21,24],"seed_played":"7543550448886376627","killed_by":"Automaton","ascension_level":0,"potions_obtained":[{"floor":1,"key":"EntropicBrew"},{"floor":2,"key":"Explosive Potion"},{"floor":5,"key":"Weak Potion"},{"floor":5,"key":"Poison Potion"},{"floor":14,"key":"Dexterity Potion"},{"floor":16,"key":"EssenceOfSteel"},{"floor":21,"key":"EssenceOfSteel"},{"floor":24,"key":"SkillPotion"}],"is_trial":false}