{"gold_per_floor":[116,133,82,101,20,20,46,61,61,61,75,75,75,87,87,161,161,175,175,185,196,209,209,243,243,243,260,286,286],"floor_reached":29,"playtime":1479,"items_purged":[],"score":634,"play_id":"93b8452f-e068-4889-a28b-e4a1982c3085","local_time":"20190409090443","is_ascension_mode":true,"campfire_choices":[{"data":"Consume","floor":6,"key":"SMITH"},{"data":"Capacitor","floor":10,"key":"SMITH"},{"data":"Chill","floor":12,"key":"SMITH"},{"data":"Zap","floor":15,"key":"SMITH"},{"data":"Defragment","floor":23,"key":"SMITH"}],"neow_cost":"NONE","seed_source_timestamp":686181537268312,"circlet_count":0,"master_deck":["AscendersBane","Strike_B","Strike_B","Strike_B","Defend_B","Defend_B","Defend_B","Defend_B","Zap+1","Dualcast","Capacitor+1","Ball Lightning","Cold Snap","Consume+1","Core Surge","Chill+1","Ball Lightning","Coolheaded","Echo Form","Compile Driver","Defragment","Conserve Battery+1","Self Repair","Defragment+1","Necronomicurse","Buffer","Darkness"],"relics":["Cracked Core","Bottled Lightning","Bottled Tornado","Cursed Key","Juzu Bracelet","Necronomicon","Happy Flower"],"potions_floor_usage":[7,11,20,21,24],"damage_taken":[{"damage":0,"enemies":"Cultist","floor":1,"turns":4},{"damage":11,"enemies":"2 Louse","floor":2,"turns":3},{"damage":9,"enemies":"Small Slimes","floor":4,"turns":4},{"damage":13,"enemies":"3 Sentries","floor":7,"turns":8},{"damage":12,"enemies":"2 Fungi Beasts","floor":8,"turns":3},{"damage":12,"enemies":"Large Slime","floor":11,"turns":3},{"damage":8,"enemies":"Red Slaver","floor":14,"turns":3},{"damage":0,"enemies":"The Guardian","floor":16,"turns":7},{"damage":0,"enemies":"Chosen","floor":18,"turns":4},{"damage":5,"enemies":"Spheric Guardian","floor":20,"turns":4},{"damage":12,"enemies":"Snake Plant","floor":21,"turns":4},{"damage":3,"enemies":"Chosen and Byrds","floor":22,"turns":5},{"damage":21,"enemies":"Book of Stabbing","floor":24,"turns":6},{"damage":12,"enemies":"Snecko","floor":27,"turns":5},{"damage":19,"enemies":"Slavers","floor":28,"turns":6},{"damage":9,"enemies":"Shelled Parasite and Fungi","floor":29,"turns":1}],"seed_played":"-7779949471896952544","potions_obtained":[{"floor":1,"key":"Fire Potion"},{"floor":2,"key":"Ancient Potion"},{"floor":8,"key":"Fire Potion"},{"floor":13,"key":"PowerPotion"},{"floor":13,"key":"Energy Potion"},{"floor":20,"key":"Weak Potion"},{"floor":27,"key":"SteroidPotion"}],"is_trial":false,"path_per_floor":["M","M","$","M","$","R","E","M","T","R","M","R","?","M","R","B",null,"M","?","M","M","M","R","E","?","T","M","E","M"],"character_chosen":"DEFECT","items_purchased":["Cold Snap","Core Surge"],"campfire_rested":0,"item_purchase_floors":[3,5],"current_hp_per_floor":[71,60,60,51,51,51,38,26,26,26,14,14,14,6,6,6,60,60,60,55,43,54,54,47,26,26,28,9,0],"gold":286,"neow_bonus":"TEN_PERCENT_HP_BONUS","is_prod":false,"is_daily":false,"chose_seed":false,"campfire_upgraded":5,"win_rate":0,"timestamp":1554815083,"path_taken":["M","M","$","M","?","R","E","M","T","R","M","R","?","?","R","BOSS","M","?","M","?","M","R","E","?","T","M","E","M"],"build_version":"2019-01-23","purchased_purges":0,"victory":false,"max_hp_per_floor":[78,78,78,78,78,78,78,78,78,78,78,78,78,78,78,78,78,78,78,78,78,78,78,78,78,78,78,78,78],"card_choices":[{"not_picked":["Rip and Tear","Hello World"],"picked":"Capacitor","floor":1},{"not_picked":["Hologram","Steam"],"picked":"Ball Lightning","floor":2},{"not_picked":["Sweeping Beam","Chill"],"picked":"Consume","floor":4},{"not_picked":["Turbo","Reboot"],"picked":"Chill","floor":7},{"not_picked":["Hologram","Cold Snap"],"picked":"Ball Lightning","floor":8},{"not_picked":["Skim","Ball Lightning"],"picked":"Coolheaded","floor":11},{"not_picked":["Cold Snap","Barrage","Ball Lightning"],"picked":"SKIP","floor":14},{"not_picked":["Machine Learning","Rainbow"],"picked":"Echo Form","floor":16},{"not_picked":["Compile Driver","Sunder","Redo"],"picked":"SKIP","floor":18},{"not_picked":["Sunder","Redo"],"picked":"Compile Driver","floor":18},{"not_picked":["Gash","Force Field"],"picked":"Conserve Battery+1","floor":20},{"not_picked":["Ball Lightning","Streamline"],"picked":"Self Repair","floor":21},{"not_picked":["Hyperbeam","Streamline"],"picked":"Defragment","floor":22},{"not_picked":["Barrage","Redo+1","Compile Driver"],"picked":"SKIP","floor":24},{"not_picked":["Coolheaded","Rebound"],"picked":"Buffer","floor":27},{"not_picked":["Gash","Turbo"],"picked":"Darkness","floor":28}],"player_experience":1767792,"relics_obtained":[{"floor":7,"key":"Bottled Lightning"},{"floor":9,"key":"Bottled Tornado"},{"floor":24,"key":"Juzu Bracelet"},{"floor":25,"key":"Necronomicon"},{"floor":28,"key":"Happy Flower"}],"event_choices":[{"damage_healed":0,"gold_gain":0,"player_choice":"Got Potions","damage_taken":0,"max_hp_gain":0,"max_hp_loss":0,"event_name":"Lab","floor":13,"gold_loss":0},{"damage_healed":0,"gold_gain":0,"cards_transformed":["Strike_B"],"player_choice":"Transformed","damage_taken":0,"max_hp_gain":0,"max_hp_loss":0,"event_name":"Transmorgrifier","floor":19,"gold_loss":0,"cards_obtained":["Defragment"]},{"damage_healed":0,"gold_gain":0,"player_choice":"Obtained Book","damage_taken":21,"max_hp_gain":0,"max_hp_loss":0,"event_name":"Cursed Tome","floor":25,"gold_loss":0}],"is_beta":false,"boss_relics":[{"not_picked":["Snecko Eye","Empty Cage"],"picked":"Cursed Key"}],"items_purged_floors":[],"is_endless":false,"potions_floor_spawned":[1,2,8,14,20,27],"killed_by":"Shelled Parasite and Fungi","ascension_level":20}