{"gold_per_floor":[116,38,38,13,23,51,51,51,51,51,83,100,129,156,168,253,265,288,319,12,24,24,24,57,1,1,20,46,56,2,18,18,96,96,114,0,45,345,359,359,370,370,370,402,402,422,422,135,135,135,135],"floor_reached":51,"playtime":3476,"items_purged":["Regret"],"score":1616,"play_id":"37495220-7e17-4483-8028-7a75eaaad109","local_time":"20190508064937","is_ascension_mode":true,"campfire_choices":[{"data":"Neutralize","floor":8.0,"key":"SMITH"},{"data":"Noxious Fumes","floor":10.0,"key":"SMITH"},{"data":"Caltrops","floor":15.0,"key":"SMITH"},{"data":"Wraith Form v2","floor":23.0,"key":"SMITH"},{"floor":32.0,"key":"REST"},{"floor":40.0,"key":"RECALL"},{"data":"Catalyst","floor":42.0,"key":"SMITH"},{"data":"Deadly Poison","floor":45.0,"key":"SMITH"},{"data":"Dodge and Roll","floor":49.0,"key":"SMITH"}],"neow_cost":"NONE","seed_source_timestamp":1338906003240941,"circlet_count":0,"master_deck":["AscendersBane","Defend_G","Defend_G","Defend_G","Defend_G","Defend_G","Survivor","Neutralize+1","Skewer","Noxious Fumes+1","Backflip","Dodge and Roll+1","Deadly Poison+1","Masterful Stab+1","Choke+1","Caltrops+1","Flying Knee+1","Wraith Form v2+1","Sucker Punch+1","PiercingWail","Catalyst+1","Bite+1","Bite+1","Bite+1","Bite+1","Bite+1","Prepared+1","Dagger Spray+1","Die Die Die+1","Deadly Poison+1","Poisoned Stab+1","Corpse Explosion","PiercingWail","Deflect+1","Corpse Explosion","Madness","Madness"],"special_seed":0,"relics":["Ring of the Snake","NeowsBlessing","Oddly Smooth Stone","Letter Opener","Molten Egg 2","MawBank","Cursed Key","Bird Faced Urn","WingedGreaves","Dream Catcher","Runic Pyramid","Red Mask","Unceasing Top","Happy Flower","Lee\u0027s Waffle"],"potions_floor_usage":[50,50],"damage_taken":[{"damage":0.0,"enemies":"Cultist","floor":1.0,"turns":1.0},{"damage":0.0,"enemies":"Small Slimes","floor":5.0,"turns":1.0},{"damage":0.0,"enemies":"Lagavulin","floor":6.0,"turns":1.0},{"damage":19.0,"enemies":"3 Sentries","floor":11.0,"turns":9.0},{"damage":0.0,"enemies":"2 Louse","floor":12.0,"turns":3.0},{"damage":20.0,"enemies":"Gremlin Nob","floor":13.0,"turns":4.0},{"damage":3.0,"enemies":"Exordium Wildlife","floor":14.0,"turns":5.0},{"damage":0.0,"enemies":"Hexaghost","floor":16.0,"turns":7.0},{"damage":10.0,"enemies":"Shell Parasite","floor":18.0,"turns":6.0},{"damage":3.0,"enemies":"Spheric Guardian","floor":19.0,"turns":5.0},{"damage":32.0,"enemies":"Snake Plant","floor":21.0,"turns":5.0},{"damage":1.0,"enemies":"Gremlin Leader","floor":24.0,"turns":6.0},{"damage":31.0,"enemies":"Cultist and Chosen","floor":27.0,"turns":6.0},{"damage":21.0,"enemies":"Slavers","floor":28.0,"turns":6.0},{"damage":21.0,"enemies":"Shelled Parasite and Fungi","floor":29.0,"turns":5.0},{"damage":30.0,"enemies":"Snecko","floor":31.0,"turns":5.0},{"damage":62.0,"enemies":"Champ","floor":33.0,"turns":15.0},{"damage":14.0,"enemies":"Orb Walker","floor":35.0,"turns":4.0},{"damage":2.0,"enemies":"2 Orb Walkers","floor":37.0,"turns":5.0},{"damage":13.0,"enemies":"3 Darklings","floor":39.0,"turns":3.0},{"damage":12.0,"enemies":"Jaw Worm Horde","floor":41.0,"turns":6.0},{"damage":24.0,"enemies":"Giant Head","floor":44.0,"turns":8.0},{"damage":14.0,"enemies":"Maw","floor":46.0,"turns":8.0},{"damage":100,"enemies":"Awakened One","floor":50,"turns":15},{"damage":18,"enemies":"Time Eater","floor":51,"turns":2}],"seed_played":"-2663103609397172252","potions_obtained":[{"floor":1.0,"key":"FearPotion"},{"floor":12.0,"key":"SkillPotion"},{"floor":16.0,"key":"SteroidPotion"},{"floor":19.0,"key":"Regen Potion"},{"floor":27.0,"key":"Poison Potion"},{"floor":29.0,"key":"SteroidPotion"},{"floor":31.0,"key":"GhostInAJar"},{"floor":44.0,"key":"Regen Potion"},{"floor":46.0,"key":"SteroidPotion"}],"is_trial":false,"path_per_floor":["M","$","?","$","M","E","?","R","T","R","E","M","E","M","R","B",null,"M","M","$","M","?","R","E","$","T","M","E","M","$","M","R","B",null,"M","?","?","?","M","R","M","R","T","E","R","M","?","$","R","B","B"],"character_chosen":"THE_SILENT","items_purchased":["Noxious Fumes","Backflip","Bird Faced Urn","PowerPotion","Block Potion","Lee\u0027s Waffle"],"campfire_rested":1,"item_purchase_floors":[2,4,20,25,30,48],"current_hp_per_floor":[59,59,64,64,64,64,64,64,64,64,45,45,25,22,22,22,59,49,46,46,18,18,18,49,49,49,32,21,20,20,7,21,10,39,38,38,48,48,44,44,49,49,49,35,35,48,39,56,56,5,0],"gold":135,"neow_bonus":"THREE_ENEMY_KILL","is_prod":false,"is_daily":false,"chose_seed":false,"campfire_upgraded":7,"win_rate":0,"timestamp":1557312577,"path_taken":["M","$","?","$","M","E","?","R","T","R","E","M","E","M","R","BOSS","M","M","$","?","?","R","E","?","T","M","E","?","$","M","R","BOSS","M","?","?","?","M","R","?","R","T","E","R","M","?","$","R","BOSS","BOSS"],"build_version":"2019-01-23","purchased_purges":1,"victory":false,"max_hp_per_floor":[66,66,71,71,71,71,71,71,71,71,71,71,71,71,71,71,71,71,71,71,71,49,49,49,49,49,49,49,49,49,49,49,49,49,49,49,49,49,49,49,49,49,49,49,49,49,49,56,56,56,56],"card_choices":[{"not_picked":["Deflect","Slice"],"picked":"Skewer","floor":1.0},{"not_picked":["Deflect","Dagger Throw"],"picked":"Dodge and Roll","floor":5.0},{"not_picked":["Dodge and Roll","Endless Agony"],"picked":"Deadly Poison","floor":6.0},{"not_picked":["Infinite Blades","Deflect"],"picked":"Masterful Stab","floor":11.0},{"not_picked":["Backflip","Eviscerate+1"],"picked":"Choke+1","floor":12.0},{"not_picked":["Blade Dance","Bane+1"],"picked":"Caltrops","floor":13.0},{"not_picked":["Outmaneuver","Dodge and Roll"],"picked":"Flying Knee+1","floor":14.0},{"not_picked":["Tools of the Trade","Night Terror"],"picked":"Wraith Form v2","floor":16.0},{"not_picked":["Distraction","Setup"],"picked":"Sucker Punch+1","floor":18.0},{"not_picked":["Acrobatics","Slice+1"],"picked":"PiercingWail","floor":19.0},{"not_picked":["Flechettes+1","Flying Knee+1"],"picked":"Catalyst","floor":21.0},{"not_picked":["Outmaneuver","Quick Slash+1"],"picked":"Prepared+1","floor":24.0},{"not_picked":["Dagger Throw+1","Deadly Poison"],"picked":"Dagger Spray+1","floor":27.0},{"not_picked":["Caltrops","Slice+1"],"picked":"Die Die Die+1","floor":28.0},{"not_picked":["Riddle With Holes+1","Outmaneuver"],"picked":"Deadly Poison+1","floor":29.0},{"not_picked":["Eviscerate+1","Predator+1"],"picked":"Poisoned Stab+1","floor":31.0},{"not_picked":["Malaise","Glass Knife+1"],"picked":"Corpse Explosion","floor":33.0},{"not_picked":["Acrobatics","Backflip"],"picked":"PiercingWail","floor":35.0},{"not_picked":["Predator+1","Bane+1"],"picked":"Deflect+1","floor":37.0},{"not_picked":["Quick Slash+1","Blade Dance"],"picked":"Corpse Explosion","floor":39.0},{"not_picked":["Dagger Throw+1","Poisoned Stab+1","Crippling Poison"],"picked":"SKIP","floor":41.0},{"not_picked":["Flying Knee+1","Bane+1","Prepared"],"picked":"SKIP","floor":44.0},{"not_picked":["Dodge and Roll","Dagger Throw+1","Unload+1"],"picked":"SKIP","floor":46.0}],"player_experience":2455450,"relics_obtained":[{"floor":6.0,"key":"Oddly Smooth Stone"},{"floor":9.0,"key":"Letter Opener"},{"floor":11.0,"key":"Molten Egg 2"},{"floor":13.0,"key":"MawBank"},{"floor":24.0,"key":"WingedGreaves"},{"floor":28.0,"key":"Dream Catcher"},{"floor":37.0,"key":"Unceasing Top"},{"floor":44.0,"key":"Happy Flower"}],"event_choices":[{"damage_healed":0.0,"max_hp_gain":5.0,"max_hp_loss":0.0,"gold_gain":0.0,"event_name":"Big Fish","player_choice":"Donut","floor":3.0,"gold_loss":0.0,"damage_taken":0.0},{"cards_removed":["Strike_G"],"damage_healed":0.0,"max_hp_gain":0.0,"max_hp_loss":0.0,"gold_gain":0.0,"event_name":"Wheel of Change","player_choice":"Card Removal","floor":7.0,"gold_loss":0.0,"damage_taken":0.0},{"damage_healed":0.0,"max_hp_gain":0.0,"max_hp_loss":22.0,"gold_gain":0.0,"event_name":"Vampires","player_choice":"Became a vampire","floor":22.0,"gold_loss":0.0,"damage_taken":0.0,"cards_obtained":["Bite","Bite","Bite","Bite","Bite"]},{"damage_healed":0.0,"max_hp_gain":0.0,"max_hp_loss":0.0,"gold_gain":0.0,"event_name":"Tomb of Lord Red Mask","player_choice":"Paid","floor":36.0,"gold_loss":114.0,"damage_taken":0.0,"relics_obtained":["Red Mask"]},{"damage_healed":0.0,"max_hp_gain":0.0,"max_hp_loss":0.0,"gold_gain":0.0,"event_name":"Mysterious Sphere","player_choice":"Fight","floor":37.0,"gold_loss":0.0,"damage_taken":0.0},{"damage_healed":0.0,"max_hp_gain":0.0,"max_hp_loss":0.0,"gold_gain":300.0,"event_name":"Wheel of Change","player_choice":"Gold","floor":38.0,"gold_loss":0.0,"damage_taken":0.0},{"damage_healed":0.0,"max_hp_gain":0.0,"max_hp_loss":0.0,"gold_gain":0.0,"event_name":"Winding Halls","player_choice":"Embrace Madness","floor":47.0,"gold_loss":0.0,"damage_taken":9.0,"cards_obtained":["Madness","Madness"]}],"is_beta":false,"boss_relics":[{"not_picked":["Velvet Choker","HoveringKite"],"picked":"Cursed Key"},{"not_picked":["Tiny House","Sozu"],"picked":"Runic Pyramid"}],"items_purged_floors":[48],"is_endless":false,"potions_floor_spawned":[1,12,16,19,27,29,31,44,46],"killed_by":"Time Eater","ascension_level":20}