{"path_per_floor":["M","M","?","$","?","E","?","T","T","$","?","R","M","M","R","B",null,"M","?","$","?","?","R","E","?","T","?","?","R","?","M","R"],"character_chosen":"IRONCLAD","items_purchased":["Membership Card","Juzu Bracelet","Bag of Preparation"],"gold_per_floor":[112,124,224,149,324,351,426,426,450,174,174,174,185,195,195,299,299,310,310,69,69,69,69,98,98,147,62,162,162,162,172,172],"floor_reached":33,"campfire_rested":1,"playtime":1109,"current_hp_per_floor":[71,77,77,77,77,52,41,55,55,55,37,37,37,35,35,33,77,83,83,83,83,65,65,26,10,10,10,10,38,38,47,47],"items_purged":["Parasite","Doubt"],"gold":172,"score":411,"play_id":"9693e5f9-ad9b-41a3-b86d-0661d04995bf","local_time":"20180315201847","is_prod":false,"is_daily":false,"is_ascension_mode":true,"campfire_upgraded":4,"timestamp":1521159527,"path_taken":["M","M","?","?","?","E","?","?","T","$","?","R","M","M","R","BOSS","M","?","$","?","?","R","E","?","T","?","?","R","?","M","R","BOSS"],"build_version":"2018-03-15","purchased_purges":3,"victory":false,"master_deck":["Strike_R+1","Strike_R+1","Strike_R+1","Strike_R+1","Strike_R+1","Defend_R+1","Defend_R+1","Defend_R+1","Defend_R+1","Bash","Double Tap+1","Flame Barrier+1","Body Slam+1","Shrug It Off","Bludgeon+1","Second Wind+1"],"max_hp_per_floor":[80,80,80,77,77,77,77,91,91,91,91,91,91,91,91,91,91,91,91,91,91,96,96,96,96,96,96,96,96,96,96,96],"relics":["Burning Blood","Whetstone","Mango","Orichalcum","Membership Card","Mark of Pain","Magic Flower","Juzu Bracelet","Bag of Preparation","The Courier","Enchiridion","Blood Vial","Smiling Mask"],"card_choices":[{"not_picked":["Blood for Blood","Armaments"],"picked":"Flame Barrier"},{"not_picked":["Bloodletting","Battle Trance"],"picked":"Body Slam"},{"not_picked":["Wild Strike","Sword Boomerang"],"picked":"Shrug It Off"},{"not_picked":["Dark Embrace","Impervious"],"picked":"Bludgeon"},{"not_picked":["Uppercut","Warcry"],"picked":"Second Wind"}],"player_experience":520999,"potions_floor_usage":[31],"damage_taken":[{"damage":7.0,"enemies":"2 Louse","floor":1.0,"turns":4.0},{"damage":0.0,"enemies":"Cultist","floor":2.0,"turns":3.0},{"damage":31.0,"enemies":"3 Sentries","floor":6.0,"turns":11.0},{"damage":6,"enemies":"Small Slimes","floor":13,"turns":2},{"damage":8,"enemies":"Exordium Thugs","floor":14,"turns":5},{"damage":8,"enemies":"Slime Boss","floor":16,"turns":9},{"damage":0,"enemies":"Chosen","floor":18,"turns":3},{"damage":48,"enemies":"Book of Stabbing","floor":24,"turns":7},{"damage":3,"enemies":"2 Thieves","floor":31,"turns":3},{"damage":52,"enemies":"Champ","floor":33,"turns":11}],"event_choices":[{"event_name":"Wheel of Change","player_choice":"Gold","floor":3.0,"damage_taken":0.0},{"event_name":"Liars Game","player_choice":"agreed","floor":5.0,"damage_taken":0.0},{"event_name":"World of Goop","player_choice":"Gather Gold","floor":7,"damage_taken":0},{"event_name":"Shining Light","player_choice":"Entered Light","floor":11,"damage_taken":0},{"event_name":"The Mausoleum","player_choice":"Yes","floor":19,"damage_taken":0},{"event_name":"Back to Basics","player_choice":"Simplicity","floor":21,"damage_taken":0},{"event_name":"Forgotten Altar","player_choice":"Shed Blood","floor":22,"damage_taken":0},{"event_name":"Cursed Tome","player_choice":"Obtained Book","floor":25,"damage_taken":0},{"event_name":"Addict","player_choice":"Obtained Relic","floor":27,"damage_taken":0},{"event_name":"Golden Shrine","player_choice":"Pray","floor":28,"damage_taken":0},{"event_name":"Vampires","player_choice":"Ignored","floor":30,"damage_taken":0}],"boss_relics":[{"not_picked":["Eternal Feather","Philosopher\u0027s Stone"],"picked":"Mark of Pain"}],"potions_floor_spawned":[1,2,18],"seed_played":"-4484793743928274589","killed_by":"Champ","ascension_level":10,"is_trial":false}