{"gold_per_floor":[119,134,134,144,39,39,74,74,74,74,101,101,45,59,59,136,136,156,156,81,6,22,22,22,22,45,77,128,128,128],"floor_reached":30,"playtime":1272,"items_purged":["Strike_B"],"score":529,"play_id":"691f3350-9a41-4b26-9ff8-687bf8badb5a","local_time":"20190329154357","is_ascension_mode":true,"campfire_choices":[{"data":"Streamline","floor":6,"key":"SMITH"},{"data":"Dualcast","floor":10,"key":"SMITH"},{"data":"Coolheaded","floor":12,"key":"SMITH"},{"data":"Auto Shields","floor":15,"key":"SMITH"},{"data":"Defragment","floor":23,"key":"SMITH"},{"data":"Loop","floor":25,"key":"SMITH"}],"neow_cost":"NONE","seed_source_timestamp":1087146851213373,"circlet_count":0,"master_deck":["AscendersBane","Defend_B","Defend_B","Defend_B","Defend_B","Zap+1","Dualcast+1","Auto Shields+1","Consume+1","Coolheaded+1","Streamline+1","Undo","Ball Lightning","Sweeping Beam","Echo Form","Defragment+1","Loop+1","Bite","Bite","Bite","Bite","Bite","Seek"],"relics":["Cracked Core","Mercury Hourglass","Strawberry","Ancient Tea Set","Black Star","Pear","Pen Nib","Juzu Bracelet","Bird Faced Urn","Centennial Puzzle"],"potions_floor_usage":[11,14,22,22,30],"damage_taken":[{"damage":7,"enemies":"Small Slimes","floor":1,"turns":3},{"damage":0,"enemies":"Cultist","floor":2,"turns":3},{"damage":6,"enemies":"2 Louse","floor":4,"turns":3},{"damage":20,"enemies":"Lagavulin","floor":7,"turns":7},{"damage":40,"enemies":"Gremlin Nob","floor":11,"turns":5},{"damage":7,"enemies":"Exordium Wildlife","floor":14,"turns":2},{"damage":12,"enemies":"The Guardian","floor":16,"turns":9},{"damage":11,"enemies":"2 Thieves","floor":18,"turns":4},{"damage":19,"enemies":"Shell Parasite","floor":22,"turns":6},{"damage":18,"enemies":"Gremlin Leader","floor":27,"turns":5},{"damage":43,"enemies":"Colosseum Slavers","floor":29,"turns":4},{"damage":22,"enemies":"Shelled Parasite and Fungi","floor":30,"turns":1}],"seed_played":"5346170062684833560","potions_obtained":[{"floor":1,"key":"SpeedPotion"},{"floor":7,"key":"FocusPotion"},{"floor":14,"key":"Block Potion"},{"floor":16,"key":"PowerPotion"},{"floor":18,"key":"Regen Potion"},{"floor":27,"key":"LiquidBronze"}],"is_trial":false,"path_per_floor":["M","M","?","M","$","R","E","?","T","R","E","R","$","M","R","B",null,"M","?","?","$","M","R","?","R","T","E","T","?","M"],"character_chosen":"DEFECT","items_purchased":["Streamline","SteroidPotion","Ball Lightning"],"campfire_rested":0,"item_purchase_floors":[5,5,13],"current_hp_per_floor":[57,57,57,51,51,51,31,54,61,61,21,21,21,14,14,2,59,48,58,58,58,54,54,54,54,54,46,46,13,0],"gold":128,"neow_bonus":"UPGRADE_CARD","is_prod":false,"is_daily":false,"chose_seed":false,"campfire_upgraded":6,"win_rate":0,"timestamp":1553888637,"path_taken":["M","M","?","?","$","R","E","?","T","R","E","R","?","M","R","BOSS","M","?","?","$","M","R","?","R","T","E","?","?","M"],"build_version":"2019-01-23","purchased_purges":1,"victory":false,"max_hp_per_floor":[71,71,71,71,71,71,71,71,78,78,78,78,78,78,78,78,78,78,88,88,88,88,88,61,61,61,61,61,61,61],"card_choices":[{"not_picked":["Storm","Blizzard"],"picked":"Auto Shields","floor":1},{"not_picked":["Coolheaded","Go for the Eyes"],"picked":"Consume","floor":2},{"not_picked":["Conserve Battery","Beam Cell"],"picked":"Coolheaded","floor":4},{"not_picked":["Meteor Strike","Sweeping Beam"],"picked":"Undo","floor":7},{"not_picked":["Steam","Redo","Consume"],"picked":"SKIP","floor":11},{"not_picked":["Hello World","Redo"],"picked":"Sweeping Beam","floor":14},{"not_picked":["Biased Cognition","Fission"],"picked":"Echo Form","floor":16},{"not_picked":["Compile Driver","Coolheaded"],"picked":"Defragment","floor":18},{"not_picked":["Scrape","Barrage"],"picked":"Loop","floor":22},{"not_picked":["Ball Lightning","Barrage"],"picked":"Seek","floor":27}],"player_experience":1483368,"relics_obtained":[{"floor":7,"key":"Mercury Hourglass"},{"floor":9,"key":"Strawberry"},{"floor":11,"key":"Ancient Tea Set"},{"floor":26,"key":"Pen Nib"},{"floor":27,"key":"Juzu Bracelet"},{"floor":27,"key":"Bird Faced Urn"},{"floor":28,"key":"Centennial Puzzle"}],"event_choices":[{"damage_healed":0,"gold_gain":0,"player_choice":"Upgraded","damage_taken":0,"max_hp_gain":0,"max_hp_loss":0,"event_name":"Upgrade Shrine","floor":3,"gold_loss":0,"cards_upgraded":["Consume"]},{"damage_healed":23,"gold_gain":0,"player_choice":"Banana","damage_taken":0,"max_hp_gain":0,"max_hp_loss":0,"event_name":"Big Fish","floor":8,"gold_loss":0},{"damage_healed":0,"gold_gain":0,"player_choice":"Stole Relic","damage_taken":0,"relics_obtained":["Pear"],"max_hp_gain":0,"max_hp_loss":0,"event_name":"Addict","floor":19,"gold_loss":0,"cards_obtained":["Shame"]},{"cards_removed":["Shame"],"damage_healed":0,"gold_gain":0,"player_choice":"Gave Gold","damage_taken":0,"max_hp_gain":0,"max_hp_loss":0,"event_name":"Beggar","floor":20,"gold_loss":75},{"damage_healed":0,"gold_gain":0,"player_choice":"Became a vampire","damage_taken":0,"max_hp_gain":0,"max_hp_loss":27,"event_name":"Vampires","floor":24,"gold_loss":0,"cards_obtained":["Bite","Bite","Bite","Bite","Bite"]},{"damage_healed":0,"gold_gain":0,"player_choice":"Fight","damage_taken":0,"max_hp_gain":0,"max_hp_loss":0,"event_name":"Colosseum","floor":29,"gold_loss":0},{"damage_healed":0,"gold_gain":0,"player_choice":"Fled From Nobs","damage_taken":0,"max_hp_gain":0,"max_hp_loss":0,"event_name":"Colosseum","floor":29,"gold_loss":0}],"is_beta":false,"boss_relics":[{"not_picked":["Snecko Eye","Tiny House"],"picked":"Black Star"}],"items_purged_floors":[21],"is_endless":false,"potions_floor_spawned":[1,7,14,16,18,27],"killed_by":"Shelled Parasite and Fungi","ascension_level":20}