{"path_per_floor":["M","?","?","$","M","R","?","M","T","M","M","E","M","E","R","B",null,"M","?","M","?","T","R","M","M","T","M","M","M","R","T","R"],"character_chosen":"IRONCLAD","items_purchased":["Frozen Egg 2","Toxic Egg 2"],"gold_per_floor":[119,294,544,37,52,52,52,68,68,85,96,125,136,167,167,263,263,279,279,298,348,348,348,364,383,432,444,461,472,472,517,517],"floor_reached":33,"campfire_rested":0,"playtime":857,"current_hp_per_floor":[80,80,80,80,80,80,62,57,57,58,64,54,54,43,43,17,80,80,56,43,43,43,43,44,27,27,30,40,36,36,36,36],"items_purged":[],"gold":517,"score":312,"play_id":"664b23a4-ebd5-49d0-927f-c82a3d23ebc0","local_time":"20180318155031","is_prod":false,"is_daily":false,"is_ascension_mode":false,"campfire_upgraded":5,"timestamp":1521402631,"path_taken":["M","?","?","$","M","R","?","M","T","M","M","E","M","E","R","BOSS","M","?","?","?","?","R","?","M","T","M","M","?","R","?","R","BOSS"],"build_version":"2018-03-15v3","purchased_purges":0,"victory":false,"master_deck":["Defend_R","Defend_R+1","Defend_R+1","Defend_R","Bash+1","Perfected Strike+1","Doubt","Regret","Perfected Strike+1","Twin Strike+1","Shrug It Off+1","Flex+1","Metallicize+1","Bite","Bite+1","Bite","Bite+1","Bite","Perfected Strike+1","Flex+1","Uppercut+1","Thunderclap+1","Clothesline+1"],"max_hp_per_floor":[80,80,80,80,80,80,80,80,80,80,80,80,80,80,80,80,80,80,56,56,56,56,56,56,56,56,56,56,56,56,56,56],"relics":["Burning Blood","Frozen Egg 2","Toxic Egg 2","Bag of Marbles","Red Skull","Matryoshka","Bag of Preparation","Sozu","Orichalcum","Vajra","Whetstone","War Paint","Bronze Scales"],"card_choices":[{"not_picked":["Second Wind","Heavy Blade"],"picked":"Perfected Strike"},{"not_picked":["Heavy Blade","Pommel Strike"],"picked":"Perfected Strike"},{"not_picked":["Shrug It Off","Impervious"],"picked":"Twin Strike"},{"not_picked":["Warcry","Thunderclap"],"picked":"Shrug It Off"},{"not_picked":["Clash","Pommel Strike"],"picked":"Flex"},{"not_picked":["Disarm","Perfected Strike"],"picked":"Metallicize"},{"not_picked":["Ghostly Armor","Body Slam"],"picked":"Perfected Strike"},{"not_picked":["Clothesline","Havoc"],"picked":"Flex"},{"not_picked":["Seeing Red","Clash"],"picked":"Uppercut"},{"not_picked":["Heavy Blade","Armaments"],"picked":"Thunderclap"},{"not_picked":["Twin Strike","Reaper"],"picked":"Clothesline"}],"player_experience":558595,"potions_floor_usage":[10,12,12,16,28],"damage_taken":[{"damage":0,"enemies":"Small Slimes","floor":1,"turns":3},{"damage":4,"enemies":"2 Louse","floor":5,"turns":3},{"damage":11,"enemies":"Jaw Worm","floor":8,"turns":2},{"damage":5,"enemies":"Looter","floor":10,"turns":3},{"damage":0,"enemies":"Red Slaver","floor":11,"turns":1},{"damage":16,"enemies":"Lagavulin","floor":12,"turns":5},{"damage":6,"enemies":"Blue Slaver","floor":13,"turns":3},{"damage":17,"enemies":"3 Sentries","floor":14,"turns":7},{"damage":32,"enemies":"The Guardian","floor":16,"turns":7},{"damage":3,"enemies":"Spheric Guardian","floor":18,"turns":3},{"damage":23,"enemies":"Chosen","floor":20,"turns":6},{"damage":15,"enemies":"Centurion and Healer","floor":24,"turns":5},{"damage":29,"enemies":"Snake Plant","floor":25,"turns":3},{"damage":8,"enemies":"Snecko","floor":27,"turns":3},{"damage":7,"enemies":"Slaver and Parasite","floor":28,"turns":5},{"damage":14,"enemies":"Snake Plant","floor":29,"turns":3},{"damage":58,"enemies":"Automaton","floor":33,"turns":6}],"event_choices":[{"event_name":"Liars Game","player_choice":"agreed","floor":2,"damage_taken":0},{"event_name":"Golden Shrine","player_choice":"Desecrate","floor":3,"damage_taken":0},{"event_name":"Scrap Ooze","player_choice":"success","floor":7,"damage_taken":18},{"event_name":"Vampires","player_choice":"Became a vampire","floor":19,"damage_taken":0},{"event_name":"The Joust","player_choice":"Bet on Murderer","floor":21,"damage_taken":0}],"boss_relics":[{"not_picked":["Black Blood","Question Card"],"picked":"Sozu"}],"potions_floor_spawned":[8,10,11,14,16,20,24,25,29],"seed_played":"1910237294456950877","killed_by":"Automaton","ascension_level":0,"is_trial":false}