{"gold_per_floor":[119,44,44,64,64,96,96,128,128,144,11,11,11,11,11,102,102,121,121,121,135,135,135,153,153,153,167,34,34,34,47,47,47],"floor_reached":33,"playtime":636,"items_purged":["Strike_B"],"score":549,"play_id":"a48827d3-207d-45eb-8ff8-c95a18c356c2","local_time":"20181018181722","is_ascension_mode":true,"campfire_choices":[{"floor":7,"key":"REST"},{"floor":12,"key":"REST"},{"data":"Dualcast","floor":15,"key":"SMITH"},{"floor":23,"key":"REST"},{"floor":25,"key":"REST"},{"floor":29,"key":"REST"},{"floor":32,"key":"REST"}],"neow_cost":"NONE","seed_source_timestamp":373238203249156,"circlet_count":0,"master_deck":["Strike_B","Strike_B","Defend_B","Defend_B","Defend_B","Defend_B","Zap+1","Dualcast+1","AscendersBane","Loop+1","Gash","Electrodynamics","Core Surge","Gash","Stack","Thunder Strike","Ghostly+1","Ghostly","Ghostly","Ghostly","Ghostly","Chill","Loop","Go for the Eyes"],"relics":["Cracked Core","Blue Candle","Symbiotic Virus","Bag of Marbles","Golden Idol","Fusion Hammer","Mummified Hand"],"potions_floor_usage":[8,10,27,33],"damage_taken":[{"damage":0,"enemies":"Small Slimes","floor":1,"turns":2},{"damage":7,"enemies":"2 Louse","floor":4,"turns":3},{"damage":45,"enemies":"3 Sentries","floor":6,"turns":7},{"damage":30,"enemies":"Lagavulin","floor":8,"turns":5},{"damage":0,"enemies":"Cultist","floor":10,"turns":3},{"damage":24,"enemies":"The Guardian","floor":16,"turns":11},{"damage":0,"enemies":"3 Byrds","floor":18,"turns":2},{"damage":2,"enemies":"Spheric Guardian","floor":21,"turns":5},{"damage":3,"enemies":"Snake Plant","floor":24,"turns":4},{"damage":21,"enemies":"Centurion and Healer","floor":27,"turns":6},{"damage":0,"enemies":"Sentry and Sphere","floor":31,"turns":5},{"damage":61,"enemies":"Automaton","floor":33,"turns":10}],"seed_played":"-7961267983894473833","potions_obtained":[{"floor":4,"key":"SpeedPotion"},{"floor":6,"key":"GamblersBrew"},{"floor":8,"key":"Regen Potion"},{"floor":18,"key":"Block Potion"}],"is_trial":false,"path_per_floor":["M","?","$","M","?","E","R","E","T","M","$","R","?","$","R","B",null,"M","?","?","M","?","R","M","R","T","M","$","R","$","M","R"],"character_chosen":"DEFECT","items_purchased":["Stack","FairyPotion","Go for the Eyes"],"campfire_rested":6,"item_purchase_floors":[11,28,28],"current_hp_per_floor":[64,64,64,57,57,12,33,3,3,12,12,33,33,33,33,9,50,50,32,32,30,30,32,29,32,32,11,11,20,20,20,29,0],"gold":47,"neow_bonus":"UPGRADE_CARD","is_prod":false,"is_daily":false,"chose_seed":false,"campfire_upgraded":1,"win_rate":0,"timestamp":1539911842,"path_taken":["M","?","?","?","?","E","R","E","T","M","$","R","?","$","R","BOSS","M","?","?","?","?","R","M","R","T","M","$","R","?","M","R","BOSS"],"build_version":"2018-10-18","purchased_purges":1,"victory":false,"max_hp_per_floor":[71,71,71,71,71,71,71,71,71,71,71,71,64,64,64,64,64,64,32,32,32,32,32,32,32,32,32,32,32,32,32,32,32],"card_choices":[{"not_picked":["Compile Driver","Hologram"],"picked":"Loop","floor":1},{"not_picked":["Beam Cell","Capacitor"],"picked":"Gash","floor":4},{"not_picked":["Force Field","Streamline"],"picked":"Electrodynamics","floor":6},{"not_picked":["Gash","Compile Driver"],"picked":"Core Surge","floor":8},{"not_picked":["Consume","Hello World"],"picked":"Gash","floor":10},{"not_picked":["Electrodynamics","Core Surge"],"picked":"Thunder Strike","floor":16},{"not_picked":["Barrage","Hello World+1","Aggregate"],"picked":"SKIP","floor":18},{"not_picked":["Heatsinks","Static Discharge+1"],"picked":"Chill","floor":21},{"not_picked":["Steam","Beam Cell"],"picked":"Loop","floor":24},{"not_picked":["Scrape","Steam","Static Discharge+1"],"picked":"SKIP","floor":27},{"not_picked":["Blizzard","Self Repair","Sweeping Beam"],"picked":"SKIP","floor":31},{"not_picked":["Blizzard","Self Repair","Sweeping Beam"],"picked":"SKIP","floor":31}],"player_experience":937879,"relics_obtained":[{"floor":6,"key":"Blue Candle"},{"floor":8,"key":"Symbiotic Virus"},{"floor":9,"key":"Bag of Marbles"},{"floor":26,"key":"Mummified Hand"}],"event_choices":[{"cards_removed":["Strike_B"],"damage_healed":0,"gold_gain":0,"player_choice":"Card Removal","damage_taken":0,"max_hp_gain":0,"max_hp_loss":0,"event_name":"The Cleric","floor":2,"gold_loss":75},{"damage_healed":0,"gold_gain":0,"player_choice":"Grow","damage_taken":0,"max_hp_gain":0,"max_hp_loss":0,"event_name":"Living Wall","floor":5,"gold_loss":0,"cards_upgraded":["Loop"]},{"damage_healed":0,"gold_gain":0,"player_choice":"Lose Max HP","damage_taken":0,"relics_obtained":["Golden Idol"],"max_hp_gain":0,"max_hp_loss":7,"event_name":"Golden Idol","floor":13,"gold_loss":0},{"damage_healed":0,"gold_gain":0,"player_choice":"Became a Ghost","damage_taken":0,"max_hp_gain":0,"max_hp_loss":32,"event_name":"Ghosts","floor":19,"gold_loss":0,"cards_obtained":["Ghostly","Ghostly","Ghostly","Ghostly","Ghostly"]},{"damage_healed":0,"gold_gain":0,"player_choice":"Upgraded","damage_taken":0,"max_hp_gain":0,"max_hp_loss":0,"event_name":"Upgrade Shrine","floor":20,"gold_loss":0,"cards_upgraded":["Ghostly"]},{"damage_healed":0,"gold_gain":0,"player_choice":"Ignored","damage_taken":0,"max_hp_gain":0,"max_hp_loss":0,"event_name":"Vampires","floor":22,"gold_loss":0}],"is_beta":true,"boss_relics":[{"not_picked":["Busted Crown","Eternal Feather"],"picked":"Fusion Hammer"}],"items_purged_floors":[11],"is_endless":false,"potions_floor_spawned":[4,6,8,18],"killed_by":"Automaton","ascension_level":18}