{"gold_per_floor":[11,28,45,45,45,75,75,103,103,113,143,43,76,87,87,163,163,174,185,185,185,200,200,200,200,200,215,215,22,36,51,51,51],"floor_reached":33,"playtime":1643,"items_purged":["Pain"],"score":554,"play_id":"5d3ee60c-be40-4a70-9fcc-0130be4a21bb","local_time":"20190405150204","is_ascension_mode":true,"campfire_choices":[{"data":"Sword Boomerang","floor":7,"key":"SMITH"},{"floor":15,"key":"DIG"},{"data":"Fiend Fire","floor":23,"key":"SMITH"},{"floor":25,"key":"DIG"},{"floor":32,"key":"DIG"}],"neow_cost":"NO_GOLD","seed_source_timestamp":361781591761360,"circlet_count":0,"master_deck":["AscendersBane","Strike_R+1","Strike_R+1","Defend_R+1","Defend_R+1","Defend_R+1","Defend_R+1","Bash","Sword Boomerang+1","Anger+1","Decay","Ghostly Armor","Burning Pact","Clothesline","Fiend Fire+1","Dark Shackles","Twin Strike","Inflame","Immolate","Body Slam+1","Decay","Feel No Pain","Shockwave","Metallicize","Pummel"],"relics":["Burning Blood","Du-Vu Doll","Gambling Chip","Ice Cream","Shovel","Art of War","Blue Candle","Thread and Needle","Empty Cage","WarpedTongs","Whetstone","Bag of Marbles","Dodecahedron"],"potions_floor_usage":[6,8,11,13,31,33,33],"damage_taken":[{"damage":9,"enemies":"Jaw Worm","floor":1,"turns":5},{"damage":4,"enemies":"Small Slimes","floor":2,"turns":3},{"damage":0,"enemies":"Cultist","floor":3,"turns":2},{"damage":20,"enemies":"Lagavulin","floor":6,"turns":5},{"damage":1,"enemies":"Gremlin Nob","floor":8,"turns":3},{"damage":4,"enemies":"Red Slaver","floor":10,"turns":3},{"damage":5,"enemies":"Lagavulin","floor":11,"turns":6},{"damage":1,"enemies":"Gremlin Nob","floor":13,"turns":3},{"damage":0,"enemies":"3 Louse","floor":14,"turns":2},{"damage":31,"enemies":"The Guardian","floor":16,"turns":9},{"damage":7,"enemies":"Spheric Guardian","floor":18,"turns":3},{"damage":2,"enemies":"Chosen","floor":19,"turns":5},{"damage":29,"enemies":"Shelled Parasite and Fungi","floor":22,"turns":4},{"damage":8,"enemies":"Chosen and Byrds","floor":27,"turns":3},{"damage":4,"enemies":"Snake Plant","floor":30,"turns":3},{"damage":4,"enemies":"Shelled Parasite and Fungi","floor":31,"turns":4},{"damage":53,"enemies":"Automaton","floor":33,"turns":8}],"seed_played":"-4212554110696796572","potions_obtained":[{"floor":1,"key":"Block Potion"},{"floor":2,"key":"Fire Potion"},{"floor":6,"key":"PowerPotion"},{"floor":11,"key":"Poison Potion"},{"floor":16,"key":"Fire Potion"},{"floor":27,"key":"Energy Potion"},{"floor":31,"key":"Energy Potion"}],"is_trial":false,"path_per_floor":["M","M","M","?","?","E","R","E","T","M","E","$","E","M","R","B",null,"M","M","?","?","M","R","?","R","T","M","?","$","M","M","R","B"],"character_chosen":"IRONCLAD","items_purchased":["Dark Shackles","Shockwave","GamblersBrew"],"campfire_rested":0,"item_purchase_floors":[12,29,29],"current_hp_per_floor":[65,67,73,66,66,52,52,57,57,59,60,60,65,71,71,46,68,67,71,71,71,48,48,48,48,48,46,46,46,48,50,50,0],"gold":51,"neow_bonus":"ONE_RARE_RELIC","is_prod":false,"is_daily":false,"chose_seed":false,"campfire_upgraded":2,"win_rate":0,"timestamp":1554490924,"path_taken":["M","M","M","?","?","E","R","E","T","?","E","?","E","M","R","BOSS","M","M","?","?","M","R","?","R","T","?","?","$","?","M","R","BOSS"],"build_version":"2019-01-23","purchased_purges":1,"victory":false,"max_hp_per_floor":[75,75,75,75,75,75,75,75,75,75,75,75,75,75,75,75,75,75,75,75,75,75,75,75,75,75,75,75,75,75,75,75,75],"card_choices":[{"not_picked":["Rupture","Dual Wield"],"picked":"Sword Boomerang","floor":1},{"not_picked":["Thunderclap","Havoc","Sword Boomerang"],"picked":"SKIP","floor":2},{"not_picked":["Perfected Strike","Flex"],"picked":"Anger","floor":3},{"not_picked":["Intimidate","Iron Wave"],"picked":"Ghostly Armor","floor":6},{"not_picked":["Pommel Strike","Infernal Blade"],"picked":"Burning Pact","floor":8},{"not_picked":["Corruption","Uppercut"],"picked":"Clothesline","floor":10},{"not_picked":["Twin Strike","Anger"],"picked":"Fiend Fire","floor":11},{"not_picked":["Carnage","Warcry"],"picked":"Twin Strike","floor":13},{"not_picked":["Havoc","Wild Strike"],"picked":"Inflame","floor":14},{"not_picked":["Double Tap","Juggernaut"],"picked":"Immolate","floor":16},{"not_picked":["Power Through+1","Sentinel","Ghostly Armor"],"picked":"SKIP","floor":18},{"not_picked":["Wild Strike","Sever Soul"],"picked":"Body Slam","floor":19},{"not_picked":["Sword Boomerang","Flex"],"picked":"Feel No Pain","floor":22},{"not_picked":["Sever Soul","Rampage","Cleave"],"picked":"SKIP","floor":27},{"not_picked":["Cleave","Berserk"],"picked":"Metallicize","floor":30},{"not_picked":["Sword Boomerang","Sentinel"],"picked":"Pummel","floor":31}],"player_experience":1620925,"relics_obtained":[{"floor":6,"key":"Gambling Chip"},{"floor":8,"key":"Ice Cream"},{"floor":9,"key":"Shovel"},{"floor":11,"key":"Art of War"},{"floor":13,"key":"Blue Candle"},{"floor":15,"key":"Thread and Needle"},{"floor":25,"key":"Whetstone"},{"floor":26,"key":"Bag of Marbles"},{"floor":32,"key":"Dodecahedron"}],"event_choices":[{"cards_removed":["Strike_R"],"damage_healed":0,"gold_gain":0,"player_choice":"Card Removal","damage_taken":7,"max_hp_gain":0,"max_hp_loss":0,"event_name":"Golden Wing","floor":4,"gold_loss":0},{"damage_healed":0,"gold_gain":0,"player_choice":"Cursed","damage_taken":0,"max_hp_gain":0,"max_hp_loss":0,"event_name":"Wheel of Change","floor":5,"gold_loss":0,"cards_obtained":["Decay"]},{"damage_healed":0,"gold_gain":0,"player_choice":"Smashed Altar","damage_taken":0,"max_hp_gain":0,"max_hp_loss":0,"event_name":"Forgotten Altar","floor":20,"gold_loss":0,"cards_obtained":["Decay"]},{"damage_healed":0,"gold_gain":0,"player_choice":"Simplicity","damage_taken":0,"max_hp_gain":0,"max_hp_loss":0,"event_name":"Back to Basics","floor":21,"gold_loss":0,"cards_upgraded":["Strike_R","Strike_R","Defend_R","Defend_R","Defend_R","Defend_R"]},{"damage_healed":0,"gold_gain":0,"player_choice":"Rummage","damage_taken":0,"relics_obtained":["WarpedTongs"],"max_hp_gain":0,"max_hp_loss":0,"event_name":"Accursed Blacksmith","floor":24,"gold_loss":0,"cards_obtained":["Pain"]},{"damage_healed":0,"gold_gain":0,"player_choice":"Got Potions","damage_taken":0,"max_hp_gain":0,"max_hp_loss":0,"event_name":"Lab","floor":28,"gold_loss":0}],"is_beta":false,"boss_relics":[{"not_picked":["Pandora\u0027s Box","Black Star"],"picked":"Empty Cage"}],"items_purged_floors":[29],"is_endless":false,"potions_floor_spawned":[1,2,6,11,16,27,31],"killed_by":"Automaton","ascension_level":20}