{"gold_per_floor":[109,109,128,128,147,147,72,99,99,134,62,62,62,74,74,179,179,190,0,0,13,13,44,44,44,70,70,81,180,180,180],"floor_reached":31,"playtime":1136,"items_purged":["Parasite"],"score":350,"play_id":"da0873b7-23fc-4bf1-aa42-f80d2395b268","local_time":"20190313130623","is_ascension_mode":true,"campfire_choices":[{"data":"Dualcast","floor":6,"key":"SMITH"},{"data":"Static Discharge","floor":12,"key":"SMITH"},{"data":"Darkness","floor":15,"key":"SMITH"},{"data":"Amplify","floor":25,"key":"SMITH"},{"data":"Chill","floor":27,"key":"SMITH"}],"neow_cost":"CURSE","seed_source_timestamp":6354562913360,"circlet_count":0,"master_deck":["Strike_B+1","Strike_B","Defend_B","Defend_B","Defend_B","Defend_B","Zap+1","Dualcast+1","Cold Snap+1","Chill+1","Reboot","Storm","Consume","Static Discharge+1","Darkness+1","Force Field","Amplify+1","Rebound+1","Rainbow","Reprogram+1","Glacier+1"],"relics":["Cracked Core","StoneCalendar","Meat on the Bone","Turnip","Kunai","Bottled Tornado","Nuclear Battery","Gambling Chip","Whetstone","Anchor"],"potions_floor_usage":[14,23,28,28],"damage_taken":[{"damage":0,"enemies":"Small Slimes","floor":1,"turns":3},{"damage":0,"enemies":"Cultist","floor":3,"turns":3},{"damage":1,"enemies":"2 Louse","floor":5,"turns":2},{"damage":32,"enemies":"Gremlin Nob","floor":8,"turns":5},{"damage":12,"enemies":"Lagavulin","floor":10,"turns":6},{"damage":13,"enemies":"Lots of Slimes","floor":14,"turns":4},{"damage":4,"enemies":"Slime Boss","floor":16,"turns":7},{"damage":5,"enemies":"Chosen","floor":18,"turns":4},{"damage":5,"enemies":"Shell Parasite","floor":21,"turns":4},{"damage":25,"enemies":"Book of Stabbing","floor":23,"turns":3},{"damage":23,"enemies":"Snecko","floor":28,"turns":7},{"damage":23,"enemies":"Gremlin Leader","floor":31,"turns":2}],"seed_played":"4399801496069458525","potions_obtained":[{"floor":8,"key":"SpeedPotion"},{"floor":10,"key":"LiquidBronze"},{"floor":14,"key":"Block Potion"},{"floor":18,"key":"SteroidPotion"},{"floor":23,"key":"Swift Potion"}],"is_trial":false,"path_per_floor":["M","?","M","?","M","R","$","E","T","E","$","R","?","M","R","B",null,"M","?","?","M","?","E","$","R","T","R","M","?","?","E"],"character_chosen":"DEFECT","items_purchased":["Static Discharge"],"campfire_rested":0,"item_purchase_floors":[11],"current_hp_per_floor":[68,61,61,61,60,60,60,40,40,40,40,40,40,39,39,47,66,61,61,61,56,43,30,30,30,30,30,19,19,19,0],"gold":180,"neow_bonus":"ONE_RARE_RELIC","is_prod":false,"is_daily":false,"chose_seed":false,"campfire_upgraded":5,"win_rate":0,"timestamp":1552496783,"path_taken":["M","?","M","?","?","R","$","E","T","E","$","R","?","?","R","BOSS","M","?","?","?","?","E","$","R","T","R","M","?","?","E"],"build_version":"2019-01-23","purchased_purges":1,"victory":false,"max_hp_per_floor":[75,75,75,75,75,75,72,72,72,72,72,72,72,72,72,72,72,72,72,72,72,77,77,77,77,77,77,77,77,77,77],"card_choices":[{"not_picked":["Turbo","Gash"],"picked":"Cold Snap","floor":1},{"not_picked":["Auto Shields","Genetic Algorithm"],"picked":"Chill","floor":3},{"not_picked":["Stack","Undo"],"picked":"Reboot","floor":5},{"not_picked":["Barrage","Fusion"],"picked":"Storm","floor":8},{"not_picked":["Turbo","Steam Power"],"picked":"Consume","floor":10},{"not_picked":["Rebound","Turbo"],"picked":"Force Field","floor":14},{"not_picked":["Core Surge","Multi-Cast"],"picked":"Amplify","floor":16},{"not_picked":["Streamline","Conserve Battery"],"picked":"Rebound+1","floor":18},{"not_picked":["Cold Snap","Auto Shields"],"picked":"Reprogram+1","floor":21},{"not_picked":["Cold Snap","Streamline"],"picked":"Glacier+1","floor":23},{"not_picked":["Streamline","Turbo","Sunder"],"picked":"SKIP","floor":28}],"player_experience":1078618,"relics_obtained":[{"floor":8,"key":"Turnip"},{"floor":9,"key":"Kunai"},{"floor":10,"key":"Bottled Tornado"},{"floor":23,"key":"Gambling Chip"},{"floor":26,"key":"Whetstone"}],"event_choices":[{"damage_healed":0,"gold_gain":0,"player_choice":"Success","damage_taken":7,"relics_obtained":["Meat on the Bone"],"max_hp_gain":0,"max_hp_loss":0,"event_name":"Scrap Ooze","floor":2,"gold_loss":0},{"damage_healed":0,"gold_gain":0,"player_choice":"Forge","damage_taken":0,"max_hp_gain":0,"max_hp_loss":0,"event_name":"Accursed Blacksmith","floor":4,"gold_loss":0,"cards_upgraded":["Zap"]},{"damage_healed":0,"gold_gain":0,"cards_transformed":["Strike_B"],"player_choice":"Transformed","damage_taken":0,"max_hp_gain":0,"max_hp_loss":0,"event_name":"Transmorgrifier","floor":13,"gold_loss":0,"cards_obtained":["Darkness"]},{"damage_healed":0,"gold_gain":0,"player_choice":"Paid Fearfully","damage_taken":0,"max_hp_gain":0,"max_hp_loss":0,"event_name":"Masked Bandits","floor":19,"gold_loss":190},{"damage_healed":0,"gold_gain":0,"cards_transformed":["Strike_B"],"player_choice":"Transformed","damage_taken":0,"max_hp_gain":0,"max_hp_loss":0,"event_name":"Transmorgrifier","floor":20,"gold_loss":0,"cards_obtained":["Rainbow"]},{"damage_healed":0,"gold_gain":0,"player_choice":"Shed Blood","damage_taken":18,"max_hp_gain":5,"max_hp_loss":0,"event_name":"Forgotten Altar","floor":22,"gold_loss":0},{"damage_healed":0,"gold_gain":99,"player_choice":"Stole From Cult","damage_taken":0,"max_hp_gain":0,"max_hp_loss":0,"event_name":"Nest","floor":29,"gold_loss":0},{"damage_healed":0,"gold_gain":0,"player_choice":"Opened","damage_taken":0,"relics_obtained":["Anchor"],"max_hp_gain":0,"max_hp_loss":0,"event_name":"The Mausoleum","floor":30,"gold_loss":0}],"is_beta":false,"boss_relics":[{"not_picked":["Astrolabe","Calling Bell"],"picked":"Nuclear Battery"}],"items_purged_floors":[7],"is_endless":false,"potions_floor_spawned":[8,10,14,18,23],"killed_by":"Gremlin Leader","ascension_level":7}