{"gold_per_floor":[145,199,216,234,234,234,266,282,335,369,369,380,409,409,409,481,481,495,46,64,64,74,74,108,108,159,169,196,216,246,262,262,339,339,359,359,359,406,406],"floor_reached":39,"playtime":2989,"items_purged":[],"score":943,"play_id":"6d961e8f-118c-4291-a98a-ba6cf926712c","local_time":"20190319173231","is_ascension_mode":true,"campfire_choices":[{"data":"Bash","floor":6.0,"key":"SMITH"},{"data":"1","floor":11.0,"key":"LIFT"},{"floor":15.0,"key":"REST"},{"data":"2","floor":23.0,"key":"LIFT"},{"floor":25.0,"key":"REST"},{"data":"3","floor":32,"key":"LIFT"}],"neow_cost":"NONE","seed_source_timestamp":0,"circlet_count":0,"master_deck":["AscendersBane","Defend_R","Defend_R","Defend_R","Defend_R","Bash+1","Corruption","Battle Trance","Pommel Strike","Anger","Feed","Inflame","Armaments","Havoc","Offering","Shrug It Off","Shrug It Off","Bite","Bite","Bite","Bite","Bite","Havoc","Shrug It Off","Disarm","Body Slam+1","Demon Form","Feel No Pain"],"special_seed":0,"relics":["Burning Blood","Tiny Chest","Potion Belt","Darkstone Periapt","Happy Flower","Girya","Blue Candle","FaceOfCleric","Black Star","OrangePellets","Oddly Smooth Stone","Dodecahedron","Pen Nib","Blood Vial","Orichalcum","Pocketwatch","Singing Bowl","Regal Pillow","Philosopher\u0027s Stone","Champion Belt"],"potions_floor_usage":[33,38],"damage_taken":[{"damage":2.0,"enemies":"Cultist","floor":1.0,"turns":4.0},{"damage":2.0,"enemies":"2 Louse","floor":3.0,"turns":4.0},{"damage":7.0,"enemies":"Small Slimes","floor":4.0,"turns":3.0},{"damage":31.0,"enemies":"Gremlin Nob","floor":7.0,"turns":4.0},{"damage":10.0,"enemies":"Gremlin Gang","floor":8.0,"turns":4.0},{"damage":15.0,"enemies":"Lagavulin","floor":10.0,"turns":4.0},{"damage":11.0,"enemies":"3 Louse","floor":12.0,"turns":3.0},{"damage":20.0,"enemies":"3 Sentries","floor":13.0,"turns":6.0},{"damage":33.0,"enemies":"The Guardian","floor":16.0,"turns":8.0},{"damage":42.0,"enemies":"Chosen","floor":18.0,"turns":6.0},{"damage":7.0,"enemies":"2 Thieves","floor":20.0,"turns":4.0},{"damage":9.0,"enemies":"Snake Plant","floor":22.0,"turns":4.0},{"damage":43.0,"enemies":"Slavers","floor":24.0,"turns":6.0},{"damage":6.0,"enemies":"Sentry and Sphere","floor":27.0,"turns":3.0},{"damage":7.0,"enemies":"Book of Stabbing","floor":28.0,"turns":4.0},{"damage":6.0,"enemies":"3 Cultists","floor":29.0,"turns":4.0},{"damage":9.0,"enemies":"Gremlin Leader","floor":30.0,"turns":6.0},{"damage":28.0,"enemies":"Chosen and Byrds","floor":31.0,"turns":4.0},{"damage":83,"enemies":"Champ","floor":33,"turns":11},{"damage":6,"enemies":"Orb Walker","floor":35,"turns":4},{"damage":60,"enemies":"2 Orb Walkers","floor":38,"turns":5},{"damage":53,"enemies":"3 Darklings","floor":39,"turns":6}],"seed_played":"-7581751350968259777","potions_obtained":[{"floor":1.0,"key":"Energy Potion"},{"floor":5.0,"key":"Energy Potion"},{"floor":5.0,"key":"PowerPotion"},{"floor":8.0,"key":"AttackPotion"},{"floor":13.0,"key":"Dexterity Potion"},{"floor":18.0,"key":"Weak Potion"},{"floor":22.0,"key":"Explosive Potion"},{"floor":28.0,"key":"Swift Potion"},{"floor":29.0,"key":"Explosive Potion"},{"floor":31.0,"key":"FearPotion"},{"floor":35,"key":"SneckoOil"},{"floor":38,"key":"SteroidPotion"}],"is_trial":false,"path_per_floor":["M","T","M","M","?","R","E","M","T","E","R","M","E","?","R","B",null,"M","$","M","?","M","R","E","R","T","M","E","M","E","M","R","B",null,"M","?","?","?","M"],"character_chosen":"IRONCLAD","items_purchased":["OrangePellets","Oddly Smooth Stone","Shrug It Off"],"campfire_rested":2,"item_purchase_floors":[19,19,19],"current_hp_per_floor":[72,72,75,74,74,74,49,45,45,39,39,37,23,23,47,21,67,32,32,35,35,43,43,20,39,39,56,67,68,71,67,67,17,63,73,75,75,32,0],"gold":406,"neow_bonus":"RANDOM_COMMON_RELIC","is_prod":false,"is_daily":false,"chose_seed":false,"campfire_upgraded":1,"win_rate":0,"timestamp":1553031151,"path_taken":["M","?","M","M","?","R","E","M","T","E","R","?","E","?","R","BOSS","M","$","?","?","M","R","E","R","T","M","E","M","E","M","R","BOSS","M","?","?","?","?"],"build_version":"2019-01-23","purchased_purges":0,"victory":false,"max_hp_per_floor":[75,75,75,75,75,75,75,75,75,78,78,81,81,81,81,82,82,83,83,87,60,61,61,65,65,65,66,67,68,71,77,77,78,78,84,86,82,83,83],"card_choices":[{"not_picked":["Cleave","Flex"],"picked":"Corruption","floor":1.0},{"not_picked":["Pummel","Wild Strike"],"picked":"Battle Trance","floor":3.0},{"not_picked":["Entrench","True Grit"],"picked":"Pommel Strike","floor":4.0},{"not_picked":["Intimidate","Thunderclap"],"picked":"Anger","floor":7.0},{"not_picked":["Wild Strike","Flex"],"picked":"Feed","floor":8.0},{"not_picked":["Headbutt","Warcry"],"picked":"Inflame","floor":10.0},{"not_picked":["Rupture","Pummel"],"picked":"Armaments","floor":12.0},{"not_picked":["Cleave","Rupture"],"picked":"Havoc","floor":13.0},{"not_picked":["Barricade","Double Tap"],"picked":"Offering","floor":16.0},{"not_picked":["Sever Soul","Dual Wield"],"picked":"Shrug It Off","floor":18.0},{"not_picked":["Sword Boomerang","Pommel Strike","Thunderclap"],"picked":"SKIP","floor":20.0},{"not_picked":["Twin Strike","Hemokinesis+1"],"picked":"Havoc","floor":22.0},{"not_picked":["Searing Blow","True Grit"],"picked":"Shrug It Off","floor":24.0},{"not_picked":["Flex","Heavy Blade"],"picked":"Disarm","floor":27.0},{"not_picked":["Cleave","Hemokinesis","Double Tap"],"picked":"SKIP","floor":28.0},{"not_picked":["Entrench","Heavy Blade"],"picked":"Body Slam+1","floor":29.0},{"not_picked":["Iron Wave","Flex+1","Dual Wield"],"picked":"Singing Bowl","floor":30.0},{"not_picked":["Warcry","Inflame","Second Wind"],"picked":"Singing Bowl","floor":31.0},{"not_picked":["Juggernaut","Exhume"],"picked":"Demon Form","floor":33},{"not_picked":["Body Slam","Dual Wield","Pommel Strike"],"picked":"Singing Bowl","floor":35},{"not_picked":["Magnetism","Thinking Ahead","Purity"],"picked":"Singing Bowl","floor":36},{"not_picked":["Carnage","Combust"],"picked":"Feel No Pain","floor":38}],"player_experience":1259754,"relics_obtained":[{"floor":2.0,"key":"Potion Belt"},{"floor":7.0,"key":"Darkstone Periapt"},{"floor":9.0,"key":"Happy Flower"},{"floor":10.0,"key":"Girya"},{"floor":13.0,"key":"Blue Candle"},{"floor":24.0,"key":"Dodecahedron"},{"floor":24.0,"key":"Pen Nib"},{"floor":26.0,"key":"Blood Vial"},{"floor":28.0,"key":"Orichalcum"},{"floor":28.0,"key":"Pocketwatch"},{"floor":30.0,"key":"Singing Bowl"},{"floor":30.0,"key":"Regal Pillow"},{"floor":38,"key":"Champion Belt"}],"event_choices":[{"damage_healed":0.0,"max_hp_gain":0.0,"max_hp_loss":0.0,"gold_gain":0.0,"event_name":"Lab","player_choice":"Got Potions","floor":5.0,"gold_loss":0.0,"damage_taken":0.0},{"damage_healed":0.0,"max_hp_gain":0.0,"max_hp_loss":0.0,"gold_gain":0.0,"event_name":"FaceTrader","player_choice":"Trade","floor":14.0,"gold_loss":0.0,"damage_taken":0.0,"relics_obtained":["FaceOfCleric"]},{"damage_healed":0.0,"max_hp_gain":0.0,"max_hp_loss":27.0,"gold_gain":0.0,"event_name":"Vampires","player_choice":"Became a vampire","floor":21.0,"gold_loss":0.0,"damage_taken":0.0,"cards_obtained":["Bite","Bite","Bite","Bite","Bite"]},{"damage_healed":0,"gold_gain":0,"player_choice":"Memory 1","damage_taken":0,"max_hp_gain":0,"max_hp_loss":0,"event_name":"SensoryStone","floor":36,"gold_loss":0},{"damage_healed":0,"gold_gain":0,"player_choice":"Max HP","damage_taken":0,"max_hp_gain":0,"max_hp_loss":4,"event_name":"Winding Halls","floor":37,"gold_loss":0},{"damage_healed":0,"gold_gain":0,"player_choice":"Fight","damage_taken":0,"max_hp_gain":0,"max_hp_loss":0,"event_name":"Mysterious Sphere","floor":38,"gold_loss":0}],"is_beta":false,"boss_relics":[{"not_picked":["Sozu","Snecko Eye"],"picked":"Black Star"},{"not_picked":["Runic Dome","Runic Cube"],"picked":"Philosopher\u0027s Stone"}],"items_purged_floors":[],"is_endless":false,"potions_floor_spawned":[1,8,13,18,22,28,29,31,35,38],"killed_by":"3 Darklings","ascension_level":20}