{"gold_per_floor":[112,129,129,143,103,103,123,123,123,136,136,147,147,179,179,250,250,265,284,301,301,301,301],"floor_reached":23,"playtime":1485,"items_purged":[],"score":386,"play_id":"9a709a8b-3d2c-43f0-b457-741ff8266e42","local_time":"20190501043150","is_ascension_mode":true,"campfire_choices":[{"data":"Cloak And Dagger","floor":6,"key":"SMITH"},{"data":"Neutralize","floor":8,"key":"SMITH"},{"data":"Deadly Poison","floor":13,"key":"SMITH"},{"data":"Footwork","floor":15,"key":"SMITH"}],"neow_cost":"PERCENT_DAMAGE","seed_source_timestamp":728221048124611,"circlet_count":0,"master_deck":["AscendersBane","Defend_G","Defend_G","Defend_G","Defend_G","Defend_G","Strike_G","Strike_G","Strike_G","Strike_G","Survivor","Neutralize+1","Footwork","Calculated Gamble","Cloak And Dagger+1","Footwork+1","Accuracy","Slice","Adrenaline","Deadly Poison+1","PiercingWail","Phantasmal Killer","Cloak And Dagger","Adrenaline","Writhe"],"relics":["Ring of the Snake","Mango","Ornamental Fan","Dodecahedron","Philosopher\u0027s Stone","Molten Egg 2","FaceOfCleric"],"potions_floor_usage":[10,14,16,18,23,23],"damage_taken":[{"damage":0,"enemies":"2 Louse","floor":1,"turns":3},{"damage":0,"enemies":"Cultist","floor":2,"turns":4},{"damage":4,"enemies":"Small Slimes","floor":4,"turns":5},{"damage":3,"enemies":"Looter","floor":5,"turns":4},{"damage":0,"enemies":"Blue Slaver","floor":7,"turns":7},{"damage":0,"enemies":"Gremlin Gang","floor":10,"turns":5},{"damage":5,"enemies":"Large Slime","floor":12,"turns":8},{"damage":13,"enemies":"Gremlin Nob","floor":14,"turns":4},{"damage":19,"enemies":"The Guardian","floor":16,"turns":14},{"damage":4,"enemies":"Chosen","floor":18,"turns":6},{"damage":13,"enemies":"Shell Parasite","floor":19,"turns":7},{"damage":14,"enemies":"Snake Plant","floor":20,"turns":6},{"damage":41,"enemies":"Slavers","floor":23,"turns":5}],"seed_played":"5267187762365205735","potions_obtained":[{"floor":1,"key":"SkillPotion"},{"floor":10,"key":"Weak Potion"},{"floor":12,"key":"Strength Potion"},{"floor":14,"key":"AttackPotion"},{"floor":18,"key":"Block Potion"},{"floor":20,"key":"LiquidBronze"}],"is_trial":false,"path_per_floor":["M","M","?","M","M","R","M","R","T","M","?","M","R","E","R","B",null,"M","M","M","?","?","E"],"character_chosen":"THE_SILENT","items_purchased":[],"campfire_rested":0,"item_purchase_floors":[],"current_hp_per_floor":[58,58,58,54,51,51,51,51,51,51,51,46,46,33,33,14,64,60,47,33,33,33,0],"gold":301,"neow_bonus":"ONE_RARE_RELIC","is_prod":false,"is_daily":false,"chose_seed":false,"campfire_upgraded":4,"win_rate":0,"timestamp":1556699510,"path_taken":["M","M","?","M","?","R","M","R","T","M","?","M","R","E","R","BOSS","M","?","?","?","?","E"],"build_version":"2019-01-23","purchased_purges":0,"victory":false,"max_hp_per_floor":[80,80,80,80,80,80,80,80,80,80,80,80,80,80,80,80,80,80,80,80,80,80,80],"card_choices":[{"not_picked":["Eviscerate","Flying Knee"],"picked":"Footwork","floor":1},{"not_picked":["Reflex","Tactician"],"picked":"Calculated Gamble","floor":2},{"not_picked":["Sucker Punch","Prepared"],"picked":"Cloak And Dagger","floor":4},{"not_picked":["Phantasmal Killer","Dagger Throw"],"picked":"Footwork","floor":5},{"not_picked":["Prepared","Dagger Throw"],"picked":"Accuracy","floor":7},{"not_picked":["Poisoned Stab","Dagger Throw"],"picked":"Slice","floor":10},{"not_picked":["Backflip","Outmaneuver"],"picked":"Deadly Poison","floor":12},{"not_picked":["Dash","Backflip"],"picked":"PiercingWail","floor":14},{"not_picked":["Storm of Steel","Venomology"],"picked":"Phantasmal Killer","floor":16},{"not_picked":["Heel Hook","Distraction","Quick Slash"],"picked":"SKIP","floor":18},{"not_picked":["Skewer","Eviscerate"],"picked":"Cloak And Dagger","floor":19},{"not_picked":["Underhanded Strike","Well Laid Plans"],"picked":"Adrenaline","floor":20}],"player_experience":2187250,"relics_obtained":[{"floor":9,"key":"Ornamental Fan"},{"floor":14,"key":"Dodecahedron"}],"event_choices":[{"cards_removed":["Strike_G"],"damage_healed":0,"gold_gain":0,"player_choice":"Purged","damage_taken":0,"max_hp_gain":0,"max_hp_loss":0,"event_name":"Purifier","floor":3,"gold_loss":0},{"damage_healed":0,"gold_gain":0,"player_choice":"1 cards matched","damage_taken":0,"max_hp_gain":0,"max_hp_loss":0,"event_name":"Match and Keep!","floor":11,"gold_loss":0,"cards_obtained":["Adrenaline"]},{"damage_healed":0,"gold_gain":0,"player_choice":"Opened","damage_taken":0,"relics_obtained":["Molten Egg 2"],"max_hp_gain":0,"max_hp_loss":0,"event_name":"The Mausoleum","floor":21,"gold_loss":0,"cards_obtained":["Writhe"]},{"damage_healed":0,"gold_gain":0,"player_choice":"Trade","damage_taken":0,"relics_obtained":["FaceOfCleric"],"max_hp_gain":0,"max_hp_loss":0,"event_name":"FaceTrader","floor":22,"gold_loss":0}],"is_beta":false,"boss_relics":[{"not_picked":["Ectoplasm","Orrery"],"picked":"Philosopher\u0027s Stone"}],"items_purged_floors":[],"is_endless":false,"potions_floor_spawned":[1,10,12,14,18,20],"killed_by":"Slavers","ascension_level":20}