{"path_per_floor":["M","?","?","M","?","R","E","M","T","$","E","M","R","E","R","B",null,"M","?","M","?","M","R","E","R","T","E","R","E","T","M","R","B",null,"M","?","?","M","T","R","$","R","T","?","$","M","M","$","R","B"],"character_chosen":"THE_SILENT","items_purchased":["Ice Cream","Bane","Mind Blast","Ornamental Fan","PiercingWail"],"gold_per_floor":[110,110,285,300,300,300,335,355,355,46,79,91,91,124,124,222,222,234,234,244,159,179,179,235,235,262,296,296,323,323,336,336,440,440,451,451,451,471,471,471,64,64,135,135,35,52,68,21,21,21],"floor_reached":51,"campfire_rested":0,"playtime":5605,"current_hp_per_floor":[63,63,63,63,51,51,51,51,51,51,43,43,43,38,38,10,63,63,63,63,63,63,63,55,63,63,56,63,45,45,38,50,8,63,29,29,29,25,25,37,37,49,49,49,49,38,38,38,52,24],"items_purged":["Doubt","Injury"],"gold":21,"play_id":"bbf64944-b56e-47f9-9516-28421565c3a3","is_prod":false,"is_daily":false,"is_ascension_mode":false,"campfire_upgraded":10,"path_taken":["M","?","?","M","?","R","E","M","T","$","E","?","R","E","R","BOSS","M","?","?","?","M","R","E","R","T","E","R","E","?","M","R","BOSS","M","?","?","M","?","R","$","R","T","?","$","M","?","?","R","BOSS"],"build_version":"2018-02-01-PROD3","purchased_purges":2,"victory":true,"master_deck":["Defend_G","Defend_G+1","Defend_G","Defend_G","Strike_G","Strike_G","Strike_G","Strike_G+1","Survivor+1","Neutralize+1","Terror+1","Poisoned Stab+1","Riddle With Holes+1","Dagger Throw+1","Bane+1","Footwork+1","Poisoned Stab+1","Catalyst+1","Venomology+1","Escape Plan","Prepared+1","Dagger Throw+1","Flying Knee+1","Slice+1","Infinite Blades+1","Tools of the Trade","Footwork+1","Poisoned Stab+1","Footwork+1","Outmaneuver+1","Mind Blast+1","Predator+1","Leg Sweep+1","Malaise+1","PiercingWail"],"max_hp_per_floor":[63,63,63,63,63,63,63,63,63,63,63,63,63,63,63,63,63,63,63,63,63,63,63,63,63,63,63,63,63,63,63,63,63,63,63,63,63,63,63,63,63,63,63,63,63,63,63,63,63,63],"relics":["Ring of the Snake","Thread and Needle","Bag of Preparation","Calipers","Ice Cream","Whetstone","Bottled Flame","Eternal Feather","Tingsha","Tiny Chest","War Paint","Prayer Wheel","Gambling Chip","Toolbox","White Beast Statue","Lantern","Ornamental Fan","Letter Opener"],"card_choices":[{"not_picked":["Outmaneuver","Dagger Throw"],"picked":"Terror"},{"not_picked":["Riddle With Holes","PiercingWail"],"picked":"Poisoned Stab"},{"not_picked":["Bullet Time","All Out Attack"],"picked":"Riddle With Holes"},{"not_picked":["All Out Attack","Poisoned Stab"],"picked":"Dagger Throw"},{"not_picked":["Doppelganger","Wraith Form"],"picked":"Footwork"},{"not_picked":["Bane","All Out Attack"],"picked":"Poisoned Stab"},{"not_picked":["Leg Sweep","Eviscerate"],"picked":"Catalyst"},{"not_picked":["Die Die Die","Doppelganger"],"picked":"Venomology"},{"not_picked":["Deflect","Sucker Punch"],"picked":"Escape Plan"},{"not_picked":["Escape Plan","Predator"],"picked":"Dagger Throw"},{"not_picked":["Deadly Poison","Dagger Spray"],"picked":"Flying Knee"},{"not_picked":["Dagger Throw","Blur"],"picked":"Slice"},{"not_picked":["Dodge and Roll","Flying Knee"],"picked":"Infinite Blades"},{"not_picked":["Quick Slash","Predator"],"picked":"Tools of the Trade"},{"not_picked":["Crippling Poison","Deflect"],"picked":"Footwork"},{"not_picked":["Blade Dance","Flying Knee"],"picked":"Poisoned Stab"},{"not_picked":["Poisoned Stab","Crippling Poison"],"picked":"Outmaneuver"},{"not_picked":["Outmaneuver","Flying Knee"],"picked":"Predator"},{"not_picked":["Eviscerate","Prepared"],"picked":"Leg Sweep"},{"not_picked":["Flying Knee","Backflip"],"picked":"Malaise"}],"player_experience":31254,"potions_floor_usage":[7,7,7,11,18,20,20,22,22,24,24,27,27,29,29,31,33,35,35,46,46,47,47,47,50,50,50],"damage_taken":[{"damage":0,"enemies":"Small Slimes","floor":1,"turns":5},{"damage":0,"enemies":"Blue Slaver","floor":4,"turns":4},{"damage":0,"enemies":"Gremlin Nob","floor":7,"turns":2},{"damage":0,"enemies":"Jaw Worm","floor":8,"turns":2},{"damage":8,"enemies":"Lagavulin","floor":11,"turns":4},{"damage":0,"enemies":"Large Slime","floor":12,"turns":3},{"damage":5,"enemies":"3 Sentries","floor":14,"turns":8},{"damage":28,"enemies":"Hexaghost","floor":16,"turns":8},{"damage":0,"enemies":"Chosen","floor":18,"turns":4},{"damage":0,"enemies":"2 Thieves","floor":20,"turns":4},{"damage":0,"enemies":"Snecko","floor":22,"turns":4},{"damage":8,"enemies":"Book of Stabbing","floor":24,"turns":3},{"damage":7,"enemies":"Gremlin Leader","floor":27,"turns":4},{"damage":30,"enemies":"Slavers","floor":29,"turns":6},{"damage":16,"enemies":"Slaver and Parasite","floor":31,"turns":5},{"damage":57,"enemies":"Collector","floor":33,"turns":10},{"damage":34,"enemies":"3 Darklings","floor":35,"turns":4},{"damage":4,"enemies":"Orb Walker","floor":38,"turns":3},{"damage":11,"enemies":"4 Shapes","floor":46,"turns":7},{"damage":0,"enemies":"Sphere and 2 Shapes","floor":47,"turns":6},{"damage":28,"enemies":"Time Eater","floor":50,"turns":14}],"event_choices":[{"event_name":"The Lab","player_choice":"Got Potions","floor":2,"damage_taken":0},{"event_name":"Liars Game","player_choice":"agreed","floor":3,"damage_taken":0},{"event_name":"Shining Light","player_choice":"Entered Light","floor":5,"damage_taken":0},{"event_name":"The Library","player_choice":"Read","floor":19,"damage_taken":0},{"event_name":"Addict","player_choice":"Obtained Relic","floor":21,"damage_taken":0},{"event_name":"Transmorgrifier","player_choice":"Transform","floor":36,"damage_taken":0},{"event_name":"Accursed Blacksmith","player_choice":"Forge","floor":37,"damage_taken":0}],"boss_relics":[{"not_picked":["Tiny House","Ectoplasm"],"picked":"Eternal Feather"},{"not_picked":["Orrery","Calling Bell"],"picked":"White Beast Statue"}],"potions_floor_spawned":[7,12,16,18,20,27,31,35,38,46,47],"seed_played":"-2162368231332239659","ascension_level":0,"is_trial":false}