{"path_per_floor":["M","$","?","?","?","R","M","R","T","M","M","M","E","M","R"],"character_chosen":"DEFECT","items_purchased":["Molten Egg 2","Scrape"],"gold_per_floor":[366,36,111,111,76,76,89,89,113,123,139,153,188,201,201,201],"floor_reached":16,"campfire_rested":0,"playtime":288,"item_purchase_floors":[2,2],"current_hp_per_floor":[32,32,21,21,39,39,39,39,39,39,39,30,21,21,21,0],"items_purged":[],"gold":201,"score":168,"play_id":"a67349d0-6e10-4e93-bb8c-c34ea6413a55","local_time":"20180613155545","is_prod":false,"is_daily":false,"chose_seed":false,"is_ascension_mode":true,"campfire_upgraded":3,"win_rate":0,"timestamp":1528930545,"campfire_choices":[{"data":"Dualcast","floor":6,"key":"SMITH"},{"data":"Defend_B","floor":8,"key":"SMITH"},{"data":"Defend_B","floor":15,"key":"SMITH"}],"path_taken":["M","$","?","?","?","R","?","R","T","M","M","?","E","M","R","BOSS"],"build_version":"2018-06-13","seed_source_timestamp":281908489299826,"purchased_purges":0,"victory":false,"master_deck":["Strike_B","Strike_B","Strike_B","Strike_B","Defend_B","Defend_B","Defend_B+1","Defend_B+1","Zap+1","Dualcast+1","AscendersBane","FTL","Scrape+1","Sweeping Beam+1","Steam","Rip and Tear+1","Turbo","Rebound+1","FTL+1"],"max_hp_per_floor":[75,75,75,75,75,75,75,75,75,75,75,75,75,75,75,75],"special_seed":0,"relics":["Cracked Core","Molten Egg 2","Ancient Tea Set","DataDisk"],"card_choices":[{"not_picked":["Compile Driver","Rebound"],"picked":"FTL","floor":1},{"not_picked":["Compile Driver+1","Double Energy"],"picked":"Sweeping Beam+1","floor":7},{"not_picked":["Cold Snap+1","Fusion"],"picked":"Steam","floor":10},{"not_picked":["Barrage+1","Fusion"],"picked":"Rip and Tear+1","floor":11},{"not_picked":["Barrage+1","Rebound+1"],"picked":"Turbo","floor":12},{"not_picked":["Lockon+1","Turbo"],"picked":"Rebound+1","floor":13},{"not_picked":["Redo","Rebound+1"],"picked":"FTL+1","floor":14}],"player_experience":651130,"potions_floor_usage":[16],"damage_taken":[{"damage":2,"enemies":"Jaw Worm","floor":1,"turns":3},{"damage":0,"enemies":"2 Louse","floor":7,"turns":1},{"damage":0,"enemies":"Small Slimes","floor":10,"turns":1},{"damage":0,"enemies":"Exordium Thugs","floor":11,"turns":3},{"damage":9,"enemies":"Red Slaver","floor":12,"turns":2},{"damage":9,"enemies":"3 Sentries","floor":13,"turns":4},{"damage":0,"enemies":"Large Slime","floor":14,"turns":3},{"damage":22,"enemies":"The Guardian","floor":16,"turns":4}],"relics_obtained":[{"floor":9,"key":"Ancient Tea Set"},{"floor":13,"key":"DataDisk"}],"event_choices":[{"event_name":"World of Goop","player_choice":"Gather Gold","floor":3,"damage_taken":0},{"event_name":"Living Wall","player_choice":"Grow","floor":4,"damage_taken":0},{"event_name":"The Cleric","player_choice":"Healed","floor":5,"damage_taken":0}],"boss_relics":[],"items_purged_floors":[],"potions_floor_spawned":[10,12,14],"seed_played":"8148640934380940693","killed_by":"The Guardian","ascension_level":13,"potions_obtained":[{"floor":10,"key":"Poison Potion"},{"floor":12,"key":"SpeedPotion"}],"is_trial":false}