{"gold_per_floor":[117,117,132,132,150,178,178,210,279,279],"floor_reached":10,"playtime":335,"items_purged":[],"score":152,"play_id":"0c3fade0-412d-4645-bdf2-7e41a615c267","local_time":"20190318154611","is_ascension_mode":true,"campfire_choices":[{"data":"Carnage","floor":7,"key":"SMITH"}],"neow_cost":"PERCENT_DAMAGE","seed_source_timestamp":137706239539253,"circlet_count":0,"master_deck":["AscendersBane","Strike_R","Strike_R","Strike_R","Strike_R","Strike_R","Defend_R","Defend_R","Defend_R+1","Defend_R+1","Bash","Carnage+1","Shrug It Off","Clothesline","Flame Barrier"],"relics":["Burning Blood","CultistMask","Turnip","Boot","Blue Candle"],"potions_floor_usage":[6,6,8],"damage_taken":[{"damage":4,"enemies":"Small Slimes","floor":1,"turns":4},{"damage":0,"enemies":"Jaw Worm","floor":3,"turns":4},{"damage":0,"enemies":"Cultist","floor":5,"turns":3},{"damage":34,"enemies":"Lagavulin","floor":6,"turns":7},{"damage":29,"enemies":"Gremlin Nob","floor":8,"turns":5},{"damage":0,"enemies":"Lots of Slimes","floor":10,"turns":1}],"seed_played":"2563060589231338660","potions_obtained":[{"floor":1,"key":"Ancient Potion"},{"floor":5,"key":"BloodPotion"},{"floor":6,"key":"EssenceOfSteel"}],"is_trial":false,"path_per_floor":["M","?","M","?","M","E","R","E","T","M"],"character_chosen":"IRONCLAD","items_purchased":[],"campfire_rested":0,"item_purchase_floors":[],"current_hp_per_floor":[66,39,45,45,51,31,31,8,8,8],"gold":279,"neow_bonus":"TWENTY_PERCENT_HP_BONUS","is_prod":false,"is_daily":false,"chose_seed":false,"campfire_upgraded":1,"win_rate":0,"timestamp":1552938371,"path_taken":["M","?","M","?","M","E","R","E","T","M"],"build_version":"2019-01-23","purchased_purges":0,"victory":false,"max_hp_per_floor":[89,89,89,89,89,89,89,89,89,89],"card_choices":[{"not_picked":["Fire Breathing","Infernal Blade"],"picked":"Carnage","floor":1},{"not_picked":["Headbutt","Wild Strike"],"picked":"Shrug It Off","floor":3},{"not_picked":["Cleave","Pommel Strike"],"picked":"Clothesline","floor":5},{"not_picked":["Infernal Blade","Rage"],"picked":"Flame Barrier","floor":6},{"not_picked":["Flex","Iron Wave","Havoc"],"picked":"SKIP","floor":8}],"player_experience":1218021,"relics_obtained":[{"floor":6,"key":"Turnip"},{"floor":8,"key":"Boot"},{"floor":9,"key":"Blue Candle"}],"event_choices":[{"damage_healed":0,"gold_gain":0,"player_choice":"Entered Light","damage_taken":27,"max_hp_gain":0,"max_hp_loss":0,"event_name":"Shining Light","floor":2,"gold_loss":0,"cards_upgraded":["Defend_R","Defend_R"]},{"damage_healed":0,"gold_gain":0,"player_choice":"Trade","damage_taken":0,"relics_obtained":["CultistMask"],"max_hp_gain":0,"max_hp_loss":0,"event_name":"FaceTrader","floor":4,"gold_loss":0}],"is_beta":false,"boss_relics":[],"items_purged_floors":[],"is_endless":false,"potions_floor_spawned":[1,5,6],"killed_by":"Lots of Slimes","ascension_level":20}