{"path_per_floor":["M","M","$","?","M","R","M","E","T","M","R","M","E","$","R","B",null,"M","?","M","M","?","R","M","M","T","R","E","R","M","?","R","B",null,"M","M","?","?","?","R","M","?","T","$","R","$","?","M","R"],"character_chosen":"IRONCLAD","items_purchased":["Armaments","Juzu Bracelet","Pantograph","Iron Wave"],"gold_per_floor":[117,136,37,37,49,49,59,84,111,123,123,135,166,21,21,118,118,133,133,148,160,160,160,171,189,189,189,222,222,240,165,165,267,267,277,291,291,391,391,391,405,405,405,101,101,24,24,44,44],"floor_reached":50,"campfire_rested":1,"playtime":2770,"current_hp_per_floor":[70,75,75,75,66,66,66,74,74,76,76,80,70,70,70,66,77,80,80,80,65,50,50,54,60,60,60,66,66,58,58,58,22,69,62,60,60,60,60,60,48,48,48,48,48,48,48,19,45],"items_purged":["Defend_R","Havoc","Strike_R"],"gold":44,"score":721,"play_id":"c93c5b9c-4ef5-4f12-8810-31712620e293","local_time":"20180314225015","is_prod":false,"is_daily":false,"is_ascension_mode":true,"campfire_upgraded":9,"timestamp":1521082215,"path_taken":["M","M","$","?","M","R","M","E","T","?","R","M","E","?","R","BOSS","M","?","M","M","?","R","M","M","T","R","E","R","M","?","R","BOSS","M","M","?","?","?","R","M","?","T","$","R","$","?","M","R","BOSS"],"build_version":"2018-03-09","purchased_purges":6,"victory":false,"master_deck":["Strike_R","Strike_R","Defend_R+1","Defend_R+1","Bash+1","Battle Trance+1","Iron Wave+1","Armaments+1","Perfected Strike+1","Bludgeon+1","Pommel Strike+1","Shrug It Off+1","Double Tap+1","Shockwave+1","Perfected Strike+1","Shrug It Off+1","Perfected Strike+1","Entrench+1","Feed","Barricade+1","Twin Strike+1","Iron Wave","Dropkick+1"],"max_hp_per_floor":[80,80,80,80,80,80,80,80,80,80,80,80,80,80,80,80,80,80,80,80,80,85,85,85,85,85,85,85,85,85,85,85,85,85,85,85,85,85,85,85,88,88,88,88,88,88,88,88,88],"relics":["Burning Blood","Bronze Scales","Smiling Mask","Art of War","War Paint","Juzu Bracelet","Sozu","Shuriken","Bird Faced Urn","Runic Cube","Ice Cream","Pantograph"],"card_choices":[{"not_picked":["Reckless Charge","Havoc"],"picked":"Battle Trance"},{"not_picked":["Headbutt","Bloodletting"],"picked":"Iron Wave"},{"not_picked":["Cleave","Body Slam"],"picked":"Perfected Strike"},{"not_picked":["Clothesline","Reckless Charge"],"picked":"Bludgeon"},{"not_picked":["Anger","Thunderclap"],"picked":"Pommel Strike"},{"not_picked":["Reckless Charge","Sword Boomerang"],"picked":"Shrug It Off"},{"not_picked":["Exhume","Offering"],"picked":"Double Tap"},{"not_picked":["Anger","Armaments"],"picked":"Shockwave"},{"not_picked":["Fire Breathing","Clothesline"],"picked":"Perfected Strike"},{"not_picked":["Whirlwind","Seeing Red"],"picked":"Shrug It Off"},{"not_picked":["Iron Wave","Impervious"],"picked":"Perfected Strike"},{"not_picked":["Heavy Blade","Warcry"],"picked":"Entrench"},{"not_picked":["Demon Form","Limit Break"],"picked":"Feed"},{"not_picked":["Entrench","Sword Boomerang"],"picked":"Twin Strike"},{"not_picked":["Heavy Blade","Impervious"],"picked":"Dropkick"}],"player_experience":505174,"potions_floor_usage":[8,8,13,16,33],"damage_taken":[{"damage":8,"enemies":"Jaw Worm","floor":1,"turns":4},{"damage":1,"enemies":"Cultist","floor":2,"turns":3},{"damage":15,"enemies":"Small Slimes","floor":5,"turns":3},{"damage":6,"enemies":"Looter","floor":7,"turns":3},{"damage":13,"enemies":"3 Sentries","floor":8,"turns":7},{"damage":4,"enemies":"2 Fungi Beasts","floor":10,"turns":3},{"damage":0,"enemies":"Blue Slaver","floor":12,"turns":3},{"damage":16,"enemies":"Gremlin Nob","floor":13,"turns":3},{"damage":10,"enemies":"Slime Boss","floor":16,"turns":7},{"damage":2,"enemies":"Shell Parasite","floor":18,"turns":5},{"damage":0,"enemies":"Chosen","floor":20,"turns":4},{"damage":21,"enemies":"Slaver and Parasite","floor":21,"turns":4},{"damage":2,"enemies":"Snecko","floor":24,"turns":3},{"damage":0,"enemies":"3 Cultists","floor":25,"turns":4},{"damage":0,"enemies":"Gremlin Leader","floor":28,"turns":7},{"damage":14,"enemies":"Centurion and Healer","floor":30,"turns":4},{"damage":42,"enemies":"Automaton","floor":33,"turns":10},{"damage":13,"enemies":"Orb Walker","floor":35,"turns":3},{"damage":8,"enemies":"3 Darklings","floor":36,"turns":6},{"damage":23,"enemies":"4 Shapes","floor":41,"turns":7},{"damage":37,"enemies":"Sphere and 2 Shapes","floor":48,"turns":8},{"damage":72,"enemies":"Awakened One","floor":50,"turns":14}],"event_choices":[{"event_name":"Living Wall","player_choice":"Forget","floor":4,"damage_taken":0},{"event_name":"The Lab","player_choice":"Got Potions","floor":19,"damage_taken":0},{"event_name":"Forgotten Altar","player_choice":"Shed Blood","floor":22,"damage_taken":0},{"event_name":"Beggar","player_choice":"Gave Gold","floor":31,"damage_taken":0},{"event_name":"Match and Keep!","player_choice":"2 cards matched","floor":37,"damage_taken":0},{"event_name":"Golden Shrine","player_choice":"Pray","floor":38,"damage_taken":0},{"event_name":"Mysterious Sphere","player_choice":"Ignore","floor":42,"damage_taken":0},{"event_name":"Accursed Blacksmith","player_choice":"Forge","floor":47,"damage_taken":0}],"boss_relics":[{"not_picked":["Runic Dome","Astrolabe"],"picked":"Sozu"},{"not_picked":["Calling Bell","Runic Pyramid"],"picked":"Runic Cube"}],"potions_floor_spawned":[1,5,7,8,13,21,24,30,36,41,48],"seed_played":"4120404601595799599","killed_by":"Awakened One","ascension_level":9,"is_trial":false}