{"path_per_floor":["M","?","M","M","?","R","M","R","T","$","?","M","R","M","R","B",null,"M","M","?","M","$","E","M"],"character_chosen":"IRONCLAD","items_purchased":["Toxic Egg 2"],"gold_per_floor":[113,113,124,135,310,310,329,329,329,0,0,10,10,20,20,119,119,119,119,34,34,34,34,34],"floor_reached":25,"campfire_rested":0,"playtime":1022,"current_hp_per_floor":[80,80,76,66,66,66,68,68,68,68,68,68,68,70,70,44,80,80,69,69,61,61,17,20],"items_purged":["Doubt"],"gold":34,"score":215,"play_id":"9c29102e-bee2-458c-a100-55330cef9b03","local_time":"20180318180207","is_prod":false,"is_daily":false,"is_ascension_mode":false,"campfire_upgraded":4,"timestamp":1521410527,"path_taken":["M","?","M","M","?","R","M","R","T","?","?","M","R","M","R","BOSS","M","M","?","M","$","E","M","M"],"build_version":"2018-03-15v3","purchased_purges":1,"victory":false,"master_deck":["Strike_R","Strike_R","Strike_R","Strike_R","Strike_R","Defend_R","Defend_R","Defend_R","Defend_R","Bash","Body Slam+1","Flex+1","Rampage+1","Offering+1","Rupture+1","Brutality","Flame Barrier+1","Rage+1","Warcry+1","Blood for Blood+1","Shockwave+1"],"max_hp_per_floor":[80,80,80,80,80,80,80,80,80,80,80,80,80,80,80,80,80,80,80,80,80,80,80,80],"relics":["Burning Blood","Bird Faced Urn","Toxic Egg 2","Ectoplasm","Paper Frog","Omamori"],"card_choices":[{"not_picked":["Clothesline","True Grit"],"picked":"Body Slam"},{"not_picked":["Ghostly Armor","Twin Strike"],"picked":"Flex"},{"not_picked":["Sword Boomerang","Whirlwind"],"picked":"Rampage"},{"not_picked":["Metallicize","Rupture"],"picked":"Offering"},{"not_picked":["Infernal Blade","Thunderclap"],"picked":"Rupture"},{"not_picked":["Juggernaut","Demon Form"],"picked":"Brutality"},{"not_picked":["Sever Soul","Pommel Strike"],"picked":"Flame Barrier"},{"not_picked":["Spot Weakness","Shrug It Off"],"picked":"Rage"},{"not_picked":["Cleave","Sword Boomerang"],"picked":"Warcry"},{"not_picked":["Feed","Clothesline"],"picked":"Blood for Blood"},{"not_picked":["Pummel","Spot Weakness"],"picked":"Shockwave"}],"player_experience":565832,"potions_floor_usage":[18,23,24,25],"damage_taken":[{"damage":5,"enemies":"2 Louse","floor":1,"turns":3},{"damage":10,"enemies":"Small Slimes","floor":3,"turns":3},{"damage":16,"enemies":"Jaw Worm","floor":4,"turns":4},{"damage":4,"enemies":"Large Slime","floor":7,"turns":8},{"damage":6,"enemies":"3 Louse","floor":12,"turns":4},{"damage":4,"enemies":"Exordium Thugs","floor":14,"turns":3},{"damage":34,"enemies":"The Guardian","floor":16,"turns":8},{"damage":4,"enemies":"Shell Parasite","floor":18,"turns":1},{"damage":19,"enemies":"3 Byrds","floor":19,"turns":5},{"damage":18,"enemies":"Cultist and Chosen","floor":21,"turns":6},{"damage":54,"enemies":"Gremlin Leader","floor":23,"turns":10},{"damage":7,"enemies":"Centurion and Healer","floor":24,"turns":4},{"damage":22,"enemies":"Snake Plant","floor":25,"turns":3}],"event_choices":[{"event_name":"Scrap Ooze","player_choice":"unsuccessful","floor":2,"damage_taken":0},{"event_name":"Liars Game","player_choice":"agreed","floor":5,"damage_taken":0},{"event_name":"World of Goop","player_choice":"Left","floor":11,"damage_taken":0},{"event_name":"Addict","player_choice":"Obtained Relic","floor":20,"damage_taken":0}],"boss_relics":[{"not_picked":["Lizard Tail","Cursed Key"],"picked":"Ectoplasm"}],"potions_floor_spawned":[4,12,16,23],"seed_played":"-188093041720110201","killed_by":"Snake Plant","ascension_level":0,"is_trial":false}