{"path_per_floor":["M","?","$","M","M","E","R","?","T","M","?","R","$","$","R","B",null,"M","T","?","$","?","R","M","R","T","M","M","?","?","?","R","B",null,"M","M","?","M","$","M","R","$","T","E","?","?","R","M","R"],"character_chosen":"IRONCLAD","items_purchased":["Molten Egg 2","Cleave","Mummified Hand","Rupture"],"gold_per_floor":[109,284,27,42,59,84,84,84,84,96,96,96,21,21,21,122,122,137,182,182,56,86,86,106,106,106,126,143,143,143,143,143,239,239,259,276,376,392,96,106,106,106,133,164,164,164,164,184,184],"floor_reached":50,"campfire_rested":1,"playtime":1276,"current_hp_per_floor":[72,72,72,72,72,50,50,43,43,46,46,46,46,46,46,49,72,64,64,64,64,64,64,72,72,72,61,72,50,50,50,50,12,50,50,43,43,40,40,50,50,50,50,20,20,20,35,39,39],"items_purged":["Strike_R","Defend_R"],"gold":184,"score":492,"play_id":"ba99ba9b-e8ec-4238-afe2-d1fc04bdd5ed","local_time":"20180311175626","is_prod":false,"is_daily":false,"is_ascension_mode":false,"campfire_upgraded":3,"timestamp":1520805386,"path_taken":["M","?","$","M","M","E","R","?","T","M","?","R","?","$","R","BOSS","M","?","?","$","?","R","M","R","T","?","M","?","?","?","R","BOSS","M","M","?","M","$","M","R","$","T","E","?","?","R","M","R","BOSS"],"build_version":"2018-03-09","purchased_purges":3,"victory":false,"master_deck":["Defend_R","Defend_R","Defend_R+1","Bash+1","Headbutt+1","Twin Strike+1","Thunderclap+1","Uppercut+1","Headbutt+1","Bludgeon+1","Clash+1","Cleave+1","Bloodletting+1","Bite+1","Bite+1","Bite+1","Bite+1","Bite+1","Flex+1","Clash+1","Rupture+1","Heavy Blade+1","Offering+1","Heavy Blade+1"],"max_hp_per_floor":[72,72,72,72,72,72,72,72,72,72,72,72,72,72,72,72,72,72,72,72,72,72,72,72,72,72,72,72,50,50,50,50,50,50,50,50,50,50,50,50,50,50,50,50,50,50,50,50,50],"relics":["Burning Blood","Magic Flower","Molten Egg 2","Bottled Flame","Shovel","Dream Catcher","Sozu","Whetstone","Tiny Chest","Omamori","Toolbox","Oddly Smooth Stone","Orichalcum","Velvet Choker","Mummified Hand","Blood Vial","Lantern","Prayer Wheel"],"card_choices":[{"not_picked":["Wild Strike","Burning Pact"],"picked":"Headbutt"},{"not_picked":["Clothesline","Sword Boomerang"],"picked":"Twin Strike"},{"not_picked":["Twin Strike","Shrug It Off"],"picked":"Thunderclap"},{"not_picked":["Battle Trance","Iron Wave"],"picked":"Uppercut"},{"not_picked":["Dark Embrace","Berserk"],"picked":"Bludgeon"},{"not_picked":["Second Wind","Headbutt"],"picked":"Clash"},{"not_picked":["Perfected Strike","Clash"],"picked":"Bloodletting"},{"not_picked":["Perfected Strike","Cleave"],"picked":"Flex"},{"not_picked":["Twin Strike","Flame Barrier"],"picked":"Clash"},{"not_picked":["Body Slam","Anger"],"picked":"Heavy Blade"},{"not_picked":["Clash","Perfected Strike"],"picked":"Offering"},{"not_picked":["Body Slam","Armaments"],"picked":"Heavy Blade"}],"player_experience":474804,"potions_floor_usage":[6,16,50],"damage_taken":[{"damage":8,"enemies":"Small Slimes","floor":1,"turns":3},{"damage":7,"enemies":"2 Louse","floor":4,"turns":3},{"damage":0,"enemies":"Cultist","floor":5,"turns":2},{"damage":31,"enemies":"Lagavulin","floor":6,"turns":5},{"damage":6,"enemies":"Large Slime","floor":10,"turns":4},{"damage":6,"enemies":"Slime Boss","floor":16,"turns":5},{"damage":17,"enemies":"2 Thieves","floor":18,"turns":2},{"damage":0,"enemies":"Chosen","floor":24,"turns":3},{"damage":20,"enemies":"Centurion and Healer","floor":27,"turns":3},{"damage":0,"enemies":"Snecko","floor":28,"turns":2},{"damage":72,"enemies":"Collector","floor":33,"turns":9},{"damage":13,"enemies":"Orb Walker","floor":35,"turns":3},{"damage":25,"enemies":"3 Darklings","floor":36,"turns":4},{"damage":29,"enemies":"Maw","floor":38,"turns":6},{"damage":13,"enemies":"4 Shapes","floor":40,"turns":3},{"damage":49,"enemies":"2 Orb Walkers","floor":44,"turns":4},{"damage":18,"enemies":"Sphere and 2 Shapes","floor":48,"turns":3},{"damage":52,"enemies":"Awakened One","floor":50,"turns":3}],"event_choices":[{"event_name":"Liars Game","player_choice":"agreed","floor":2,"damage_taken":0},{"event_name":"Golden Wing","player_choice":"Card Removal","floor":8,"damage_taken":0},{"event_name":"Transmorgrifier","player_choice":"Transform","floor":11,"damage_taken":0},{"event_name":"Accursed Blacksmith","player_choice":"Forge","floor":20,"damage_taken":0},{"event_name":"The Mausoleum","player_choice":"Yes","floor":22,"damage_taken":0},{"event_name":"Vampires","player_choice":"Became a vampire","floor":29,"damage_taken":0},{"event_name":"The Library","player_choice":"Heal","floor":30,"damage_taken":0},{"event_name":"Upgrade Shrine","player_choice":"Upgraded","floor":31,"damage_taken":0},{"event_name":"Golden Shrine","player_choice":"Pray","floor":37,"damage_taken":0},{"event_name":"Upgrade Shrine","player_choice":"Upgraded","floor":45,"damage_taken":0},{"event_name":"Mysterious Sphere","player_choice":"Ignore","floor":46,"damage_taken":0}],"boss_relics":[{"not_picked":["Black Star","Mark of Pain"],"picked":"Sozu"},{"not_picked":["Runic Pyramid","Runic Dome"],"picked":"Velvet Choker"}],"potions_floor_spawned":[4,5,6,18,27,33,35,40,44],"seed_played":"7411852735699745933","killed_by":"Awakened One","ascension_level":0,"is_trial":false}