{"gold_per_floor":[119,133,157,157,174,205,0,0,25,59,9,33,0,29,29,107,107,125,93,143,143,160,160],"floor_reached":23,"playtime":1333,"items_purged":["Strike_G","Strike_G"],"score":463,"play_id":"aa711537-b6c3-4f5c-9e8e-d0a83dd3735e","local_time":"20190311034951","is_ascension_mode":true,"campfire_choices":[{"data":"Infinite Blades","floor":8,"key":"SMITH"},{"data":"Catalyst","floor":15,"key":"SMITH"}],"neow_cost":"NONE","seed_source_timestamp":664443778780901,"circlet_count":0,"master_deck":["AscendersBane","Defend_G","Defend_G","Defend_G","Defend_G","Defend_G","Strike_G","Strike_G","Strike_G","Survivor","Neutralize","Poisoned Stab","Flying Knee","Prepared","Predator","Infinite Blades+1","Blur","Footwork","Catalyst+1","Malaise","Concentrate","Skewer","Blade Dance"],"relics":["Runic Pyramid","Smiling Mask","Art of War","Anchor","Omamori","Pen Nib","Juzu Bracelet","Strawberry","Coffee Dripper"],"potions_floor_usage":[10,14,16,18,22],"damage_taken":[{"damage":0,"enemies":"Cultist","floor":1,"turns":5},{"damage":0,"enemies":"Small Slimes","floor":2,"turns":3},{"damage":4,"enemies":"Jaw Worm","floor":5,"turns":4},{"damage":39,"enemies":"3 Sentries","floor":6,"turns":12},{"damage":0,"enemies":"Gremlin Nob","floor":10,"turns":4},{"damage":0,"enemies":"Lagavulin","floor":14,"turns":8},{"damage":11,"enemies":"Slime Boss","floor":16,"turns":10},{"damage":0,"enemies":"Spheric Guardian","floor":18,"turns":5},{"damage":22,"enemies":"2 Thieves","floor":19,"turns":5},{"damage":0,"enemies":"Centurion and Healer","floor":22,"turns":10},{"damage":24,"enemies":"Book of Stabbing","floor":23,"turns":3}],"seed_played":"1156254571277761037","potions_obtained":[{"floor":2,"key":"Block Potion"},{"floor":5,"key":"Weak Potion"},{"floor":14,"key":"AttackPotion"},{"floor":16,"key":"GhostInAJar"},{"floor":19,"key":"EssenceOfSteel"}],"is_trial":false,"path_per_floor":["M","M","T","?","M","E","$","R","T","E","$","T","?","E","R","B",null,"M","M","?","?","M","E"],"character_chosen":"THE_SILENT","items_purchased":["Infinite Blades","Blur"],"campfire_rested":0,"item_purchase_floors":[7,7],"current_hp_per_floor":[59,59,59,48,44,5,5,5,5,5,5,5,5,12,12,1,55,55,33,33,12,12,0],"gold":160,"neow_bonus":"BOSS_RELIC","is_prod":false,"is_daily":false,"chose_seed":false,"campfire_upgraded":2,"win_rate":0,"timestamp":1552290591,"path_taken":["M","M","?","?","?","E","?","R","T","E","$","?","?","E","R","BOSS","M","M","?","?","M","E"],"build_version":"2019-01-23","purchased_purges":2,"victory":false,"max_hp_per_floor":[66,66,66,66,66,66,66,66,66,66,66,66,66,73,73,73,73,73,73,73,78,78,78],"card_choices":[{"not_picked":["Acrobatics","Backflip"],"picked":"Poisoned Stab","floor":1},{"not_picked":["Dodge and Roll","Cloak And Dagger"],"picked":"Flying Knee","floor":2},{"not_picked":["Bane","Cloak And Dagger"],"picked":"Prepared","floor":5},{"not_picked":["Slice","PiercingWail"],"picked":"Predator","floor":6},{"not_picked":["Dagger Throw","Slice"],"picked":"Footwork","floor":10},{"not_picked":["Prepared","Dagger Spray"],"picked":"Catalyst","floor":14},{"not_picked":["Grand Finale","Phantasmal Killer"],"picked":"Malaise","floor":16},{"not_picked":["Sucker Punch","PiercingWail+1"],"picked":"Concentrate","floor":18},{"not_picked":["Blade Dance","PiercingWail"],"picked":"Skewer","floor":19},{"not_picked":["Dagger Spray","Distraction"],"picked":"Blade Dance","floor":22}],"player_experience":1021585,"relics_obtained":[{"floor":3,"key":"Smiling Mask"},{"floor":6,"key":"Anchor"},{"floor":9,"key":"Omamori"},{"floor":10,"key":"Pen Nib"},{"floor":12,"key":"Juzu Bracelet"},{"floor":14,"key":"Strawberry"}],"event_choices":[{"damage_healed":0,"gold_gain":0,"player_choice":"Success","damage_taken":11,"relics_obtained":["Art of War"],"max_hp_gain":0,"max_hp_loss":0,"event_name":"Scrap Ooze","floor":4,"gold_loss":0},{"damage_healed":0,"gold_gain":0,"player_choice":"Left Gold","damage_taken":0,"max_hp_gain":0,"max_hp_loss":0,"event_name":"World of Goop","floor":13,"gold_loss":33},{"damage_healed":0,"gold_gain":50,"player_choice":"Stole From Cult","damage_taken":0,"max_hp_gain":0,"max_hp_loss":0,"event_name":"Nest","floor":20,"gold_loss":0},{"damage_healed":0,"gold_gain":0,"player_choice":"Shed Blood","damage_taken":26,"max_hp_gain":5,"max_hp_loss":0,"event_name":"Forgotten Altar","floor":21,"gold_loss":0}],"is_beta":false,"boss_relics":[{"not_picked":["Empty Cage","Lizard Tail"],"picked":"Coffee Dripper"}],"items_purged_floors":[7,11],"is_endless":false,"potions_floor_spawned":[2,5,14,16,19],"killed_by":"Book of Stabbing","ascension_level":16}