{"gold_per_floor":[115,40,40,40,58,84,9,43,43,43,100,133,133,152,152,226,226,226,49,49,49,49,49,49,49,49,49,49,49,49,49,49,49,49,49,49,49,49,49,49,49,49,49,49,49,49,9,9,9,9],"floor_reached":50,"playtime":2910,"items_purged":["Strike_G"],"score":1443,"play_id":"b007091b-3449-4f30-84d5-3b8e9edd928a","local_time":"20190501111731","is_ascension_mode":true,"campfire_choices":[{"data":"Neutralize","floor":10.0,"key":"SMITH"},{"data":"Survivor","floor":15.0,"key":"SMITH"},{"data":"Finisher","floor":23.0,"key":"SMITH"},{"data":"Cloak And Dagger","floor":25.0,"key":"SMITH"},{"data":"Dagger Spray","floor":27.0,"key":"SMITH"},{"floor":32.0,"key":"REST"},{"data":"Choke","floor":40.0,"key":"SMITH"},{"floor":49,"key":"RECALL"}],"neow_cost":"NONE","seed_source_timestamp":750488253840374,"circlet_count":0,"master_deck":["AscendersBane","Defend_G+1","Defend_G+1","Defend_G+1","Defend_G+1","Defend_G+1","Strike_G+1","Strike_G+1","Survivor+1","Neutralize+1","Cloak And Dagger+1","Predator+1","PiercingWail+1","Infinite Blades+1","Die Die Die+1","Burst+1","Cloak And Dagger+1","Finisher+1","Cloak And Dagger+1","Dagger Spray+1","Corpse Explosion+1","Glass Knife+1","Footwork+1","Necronomicurse","Envenom+1","Blade Dance+1","Writhe","Choke+1","Catalyst","Catalyst+1","PiercingWail","Cloak And Dagger+1","Calculated Gamble"],"special_seed":0,"relics":["Ring of the Serpent","NeowsBlessing","Letter Opener","Ninja Scroll","Strawberry","Pear","PreservedInsect","Ectoplasm","Unceasing Top","Bronze Scales","Lantern","Necronomicon","Mark of the Bloom","Dream Catcher","Nunchaku","Prayer Wheel"],"potions_floor_usage":[44,50],"damage_taken":[{"damage":0.0,"enemies":"2 Louse","floor":1.0,"turns":1.0},{"damage":0.0,"enemies":"Cultist","floor":5.0,"turns":1.0},{"damage":0.0,"enemies":"3 Sentries","floor":6.0,"turns":2.0},{"damage":21.0,"enemies":"Gremlin Nob","floor":8.0,"turns":4.0},{"damage":24.0,"enemies":"3 Sentries","floor":11.0,"turns":8.0},{"damage":8.0,"enemies":"3 Sentries","floor":12.0,"turns":9.0},{"damage":0.0,"enemies":"Jaw Worm","floor":14.0,"turns":3.0},{"damage":13.0,"enemies":"The Guardian","floor":16.0,"turns":15.0},{"damage":1.0,"enemies":"Spheric Guardian","floor":18.0,"turns":4.0},{"damage":4.0,"enemies":"Shell Parasite","floor":20.0,"turns":4.0},{"damage":21.0,"enemies":"Chosen and Byrds","floor":21.0,"turns":4.0},{"damage":0.0,"enemies":"Gremlin Leader","floor":24.0,"turns":2.0},{"damage":0.0,"enemies":"Slavers","floor":28.0,"turns":1.0},{"damage":3.0,"enemies":"Snake Plant","floor":31.0,"turns":3.0},{"damage":24.0,"enemies":"Collector","floor":33.0,"turns":9.0},{"damage":5.0,"enemies":"3 Darklings","floor":35.0,"turns":2.0},{"damage":5.0,"enemies":"Orb Walker","floor":38.0,"turns":2.0},{"damage":10.0,"enemies":"Maw","floor":39.0,"turns":5.0},{"damage":0.0,"enemies":"Nemesis","floor":41.0,"turns":5.0},{"damage":0,"enemies":"Transient","floor":42,"turns":6},{"damage":3,"enemies":"Reptomancer","floor":44,"turns":3},{"damage":20,"enemies":"Writhing Mass","floor":46,"turns":6},{"damage":12,"enemies":"Giant Head","floor":48,"turns":5},{"damage":31,"enemies":"Awakened One","floor":50,"turns":3}],"seed_played":"-1108130235686221973","potions_obtained":[{"floor":6.0,"key":"SteroidPotion"},{"floor":8.0,"key":"Poison Potion"},{"floor":12.0,"key":"Strength Potion"},{"floor":14.0,"key":"Block Potion"},{"floor":16.0,"key":"Block Potion"},{"floor":20.0,"key":"Strength Potion"},{"floor":21.0,"key":"EssenceOfSteel"},{"floor":31.0,"key":"EssenceOfSteel"},{"floor":39.0,"key":"Regen Potion"},{"floor":42,"key":"AttackPotion"},{"floor":48,"key":"PowerPotion"}],"is_trial":false,"path_per_floor":["M","?","?","?","M","E","$","E","T","R","?","E","T","M","R","B",null,"M","$","M","M","?","R","E","R","T","R","E","?","?","M","R","B",null,"M","?","?","M","M","R","E","M","T","E","?","M","$","E","R","B"],"character_chosen":"THE_SILENT","items_purchased":["Finisher","Cloak And Dagger","GhostInAJar","Calculated Gamble"],"campfire_rested":1,"item_purchase_floors":[19,19,19,47],"current_hp_per_floor":[59,59,59,59,59,59,59,38,38,38,21,23,23,23,23,10,65,64,64,60,39,39,39,39,39,39,39,39,18,18,15,39,15,66,61,78,78,73,63,63,63,63,63,60,60,40,40,28,28,0],"gold":9,"neow_bonus":"THREE_ENEMY_KILL","is_prod":false,"is_daily":false,"chose_seed":false,"campfire_upgraded":6,"win_rate":0,"timestamp":1556723851,"path_taken":["M","?","?","?","?","E","$","E","T","R","?","E","?","M","R","BOSS","M","$","M","M","?","R","E","R","T","R","E","?","?","M","R","BOSS","M","?","?","M","M","R","E","M","T","E","?","?","$","E","R","BOSS"],"build_version":"2019-01-23","purchased_purges":1,"victory":false,"max_hp_per_floor":[66,66,66,66,66,66,66,66,66,66,73,83,83,83,83,83,83,83,83,83,83,83,83,83,83,83,83,83,83,83,83,83,83,83,83,83,83,83,83,83,83,83,83,83,83,83,83,83,83,83],"card_choices":[{"not_picked":["Flying Knee","All Out Attack"],"picked":"Cloak And Dagger","floor":1.0},{"not_picked":["Quick Slash","Acrobatics"],"picked":"Predator","floor":5.0},{"not_picked":["Flying Knee","Quick Slash"],"picked":"PiercingWail","floor":6.0},{"not_picked":["Flying Knee","Choke"],"picked":"Infinite Blades","floor":8.0},{"not_picked":["Eviscerate","Choke"],"picked":"Die Die Die","floor":12.0},{"not_picked":["Predator","Flying Knee","Sucker Punch"],"picked":"SKIP","floor":14.0},{"not_picked":["Unload","Doppelganger"],"picked":"Burst","floor":16.0},{"not_picked":["Acrobatics","Catalyst"],"picked":"Cloak And Dagger+1","floor":18.0},{"not_picked":["Quick Slash","Sucker Punch"],"picked":"Dagger Spray","floor":20.0},{"not_picked":["Dagger Spray","Leg Sweep"],"picked":"Corpse Explosion","floor":21.0},{"not_picked":["PiercingWail","Calculated Gamble"],"picked":"Glass Knife","floor":24.0},{"not_picked":["Crippling Poison","Deflect"],"picked":"Footwork","floor":28.0},{"not_picked":["Outmaneuver","Bouncing Flask","Flying Knee"],"picked":"SKIP","floor":31.0},{"not_picked":["Storm of Steel","Burst"],"picked":"Envenom","floor":33.0},{"not_picked":["Catalyst","Choke"],"picked":"Blade Dance+1","floor":35.0},{"not_picked":["Dagger Throw","Bane"],"picked":"Choke","floor":38.0},{"not_picked":["Bane+1","Accuracy"],"picked":"Catalyst","floor":39.0},{"not_picked":["Infinite Blades","Dagger Throw"],"picked":"Catalyst+1","floor":41.0},{"not_picked":["Sucker Punch","Flying Knee+1","Poisoned Stab"],"picked":"SKIP","floor":42},{"not_picked":["Tactician+1","Flying Knee"],"picked":"PiercingWail","floor":44},{"not_picked":["Calculated Gamble","PiercingWail"],"picked":"Cloak And Dagger+1","floor":46},{"not_picked":["Well Laid Plans","Envenom","Underhanded Strike+1"],"picked":"SKIP","floor":48}],"player_experience":2203856,"relics_obtained":[{"floor":6.0,"key":"Letter Opener"},{"floor":9.0,"key":"Ninja Scroll"},{"floor":11.0,"key":"Strawberry"},{"floor":12.0,"key":"Pear"},{"floor":13.0,"key":"PreservedInsect"},{"floor":24.0,"key":"Unceasing Top"},{"floor":26.0,"key":"Bronze Scales"},{"floor":28.0,"key":"Lantern"},{"floor":29.0,"key":"Necronomicon"},{"floor":41.0,"key":"Dream Catcher"},{"floor":44,"key":"Nunchaku"},{"floor":48,"key":"Prayer Wheel"}],"event_choices":[{"cards_removed":["Strike_G"],"damage_healed":0.0,"max_hp_gain":0.0,"max_hp_loss":0.0,"gold_gain":0.0,"event_name":"The Cleric","player_choice":"Card Removal","floor":2.0,"gold_loss":75.0,"damage_taken":0.0},{"damage_healed":0.0,"max_hp_gain":0.0,"max_hp_loss":0.0,"gold_gain":0.0,"event_name":"Living Wall","player_choice":"Grow","floor":3.0,"gold_loss":0.0,"damage_taken":0.0,"cards_upgraded":["Cloak And Dagger"]},{"damage_healed":0.0,"max_hp_gain":0.0,"max_hp_loss":0.0,"gold_gain":0.0,"event_name":"WeMeetAgain","player_choice":"Ignored","floor":4.0,"gold_loss":0.0,"damage_taken":0.0},{"damage_healed":0.0,"max_hp_gain":0.0,"max_hp_loss":0.0,"gold_gain":0.0,"event_name":"Dead Adventurer","player_choice":"Searched \u00271\u0027 times","floor":11.0,"gold_loss":0.0,"damage_taken":0.0},{"damage_healed":0.0,"max_hp_gain":0.0,"max_hp_loss":0.0,"gold_gain":0.0,"event_name":"Beggar","player_choice":"Ignored","floor":22.0,"gold_loss":0.0,"damage_taken":0.0},{"damage_healed":0.0,"max_hp_gain":0.0,"max_hp_loss":0.0,"gold_gain":0.0,"event_name":"Cursed Tome","player_choice":"Obtained Book","floor":29.0,"gold_loss":0.0,"damage_taken":21.0},{"cards_removed":["Strike_G"],"damage_healed":0.0,"max_hp_gain":0.0,"max_hp_loss":0.0,"gold_gain":0.0,"event_name":"Purifier","player_choice":"Purged","floor":30.0,"gold_loss":0.0,"damage_taken":0.0},{"damage_healed":17.0,"max_hp_gain":0.0,"max_hp_loss":0.0,"gold_gain":0.0,"event_name":"Winding Halls","player_choice":"Writhe","floor":36.0,"gold_loss":0.0,"damage_taken":0.0,"cards_obtained":["Writhe"]},{"damage_healed":0.0,"max_hp_gain":0.0,"max_hp_loss":0.0,"gold_gain":0.0,"event_name":"MindBloom","player_choice":"Upgrade","floor":37.0,"gold_loss":0.0,"damage_taken":0.0,"cards_upgraded":["Defend_G","Defend_G","Defend_G","Defend_G","Defend_G","Strike_G","Strike_G","Predator","PiercingWail","Infinite Blades","Die Die Die","Burst","Corpse Explosion","Glass Knife","Footwork","Envenom"],"relics_obtained":["Mark of the Bloom"]},{"damage_healed":0,"gold_gain":50,"player_choice":"Pray","damage_taken":0,"max_hp_gain":0,"max_hp_loss":0,"event_name":"Golden Shrine","floor":45,"gold_loss":0}],"is_beta":false,"boss_relics":[{"not_picked":["Runic Dome","Orrery"],"picked":"Ectoplasm"},{"not_picked":["Calling Bell","Lizard Tail"],"picked":"Ring of the Serpent"}],"items_purged_floors":[7],"is_endless":false,"potions_floor_spawned":[6,8,12,14,16,20,21,31,39,42,48],"killed_by":"Awakened One","ascension_level":20}