{"path_per_floor":["M","M","M","?","?","R","E","R","T","$","?","M","M","M","R"],"character_chosen":"DEFECT","items_purchased":["Gash","Storm"],"gold_per_floor":[115,127,143,143,143,143,168,168,220,118,118,128,144,154,154,154],"floor_reached":16,"campfire_rested":1,"playtime":461,"item_purchase_floors":[10,10],"current_hp_per_floor":[67,67,65,58,58,58,21,43,43,43,36,24,20,10,10,0],"items_purged":[],"gold":154,"score":163,"play_id":"14b39f4b-15d7-4bac-a37c-a3e4dacc1171","local_time":"20180613141852","is_prod":false,"is_daily":false,"chose_seed":false,"is_ascension_mode":true,"campfire_upgraded":2,"win_rate":0,"timestamp":1528924732,"campfire_choices":[{"data":"Zap","floor":6,"key":"SMITH"},{"floor":8,"key":"REST"},{"data":"Static Discharge","floor":15,"key":"SMITH"}],"path_taken":["M","?","?","?","?","R","E","R","T","$","?","M","M","M","R","BOSS"],"build_version":"2018-06-13","seed_source_timestamp":275923488060170,"purchased_purges":0,"victory":false,"master_deck":["Strike_B","Strike_B","Strike_B","Defend_B","Defend_B+1","Defend_B","Defend_B","Zap+1","Dualcast","AscendersBane","Gash","Conserve Battery+1","Go for the Eyes","Gash","Storm","Static Discharge+1","All For One","Gash"],"max_hp_per_floor":[75,75,75,75,75,75,75,75,75,75,75,75,75,75,75,75],"special_seed":0,"relics":["Sozu","Vajra","War Paint"],"card_choices":[{"not_picked":["Force Field","Rip and Tear"],"picked":"Gash","floor":1},{"not_picked":["Compile Driver","Heatsinks","Steam"],"picked":"SKIP","floor":2},{"not_picked":["Consume","Go for the Eyes"],"picked":"Conserve Battery","floor":3},{"not_picked":["Hologram","Force Field"],"picked":"Go for the Eyes","floor":7},{"not_picked":["Coolheaded","Steam"],"picked":"Static Discharge","floor":12},{"not_picked":["Force Field","Aggregate"],"picked":"All For One","floor":13},{"not_picked":["Sunder","Steam Power"],"picked":"Gash","floor":14}],"player_experience":648028,"potions_floor_usage":[],"damage_taken":[{"damage":1,"enemies":"Cultist","floor":1,"turns":3},{"damage":0,"enemies":"2 Louse","floor":2,"turns":4},{"damage":2,"enemies":"Small Slimes","floor":3,"turns":3},{"damage":37,"enemies":"Lagavulin","floor":7,"turns":8},{"damage":12,"enemies":"Looter","floor":12,"turns":3},{"damage":4,"enemies":"Large Slime","floor":13,"turns":5},{"damage":10,"enemies":"2 Fungi Beasts","floor":14,"turns":3},{"damage":10,"enemies":"Hexaghost","floor":16,"turns":3}],"relics_obtained":[{"floor":7,"key":"Vajra"},{"floor":9,"key":"War Paint"}],"event_choices":[{"event_name":"Wheel of Change","player_choice":"Damage","floor":4,"damage_taken":0},{"event_name":"Shining Light","player_choice":"Ignored","floor":5,"damage_taken":0},{"event_name":"Golden Wing","player_choice":"Card Removal","floor":11,"damage_taken":0}],"boss_relics":[],"items_purged_floors":[],"potions_floor_spawned":[1,7,13],"seed_played":"5806163203026312959","killed_by":"Hexaghost","ascension_level":12,"potions_obtained":[],"is_trial":false}