{"path_per_floor":["M","$","?","M","?","R","M","E","T","R","E","R","T","T","R","B",null,"M","M","?","$","M","R","T","$","T","R","M","R","M","$","R"],"character_chosen":"IRONCLAD","items_purchased":["Twin Strike","Vajra","Heavy Blade","Feed"],"gold_per_floor":[114,90,90,107,107,107,118,148,229,229,263,263,289,289,289,394,394,411,421,346,141,156,156,156,18,18,18,29,29,39,39,39],"floor_reached":33,"campfire_rested":1,"playtime":1581,"current_hp_per_floor":[78,78,78,80,80,80,80,76,76,76,38,38,38,38,38,17,64,45,29,29,29,35,35,35,35,35,35,28,52,50,50,50],"items_purged":[],"gold":39,"score":326,"play_id":"fbab0a7f-d85b-4c7e-a6f6-5ad3d2b72093","is_prod":false,"is_daily":false,"is_ascension_mode":true,"campfire_upgraded":7,"path_taken":["M","$","?","M","?","R","?","E","T","R","E","R","?","?","R","BOSS","M","M","?","?","?","R","?","?","T","R","?","R","M","$","R","BOSS"],"build_version":"2018-02-15-PROD1","purchased_purges":1,"victory":false,"master_deck":["Strike_R+1","Strike_R","Strike_R","Strike_R","Strike_R+1","Defend_R","Defend_R","Defend_R","Defend_R","Bash+1","Shockwave+1","Twin Strike+1","Flex+1","Fire Breathing+1","Dual Wield+1","Iron Wave+1","Offering+1","Inflame+1","Whirlwind+1","Heavy Blade+1","Bloodletting+1","Feed+1","Entrench+1","Inflame+1"],"max_hp_per_floor":[80,80,80,80,80,80,80,80,80,80,80,80,80,80,80,80,80,80,80,80,80,80,80,80,80,80,80,80,80,80,80,80],"relics":["Burning Blood","NeowsBlessing","Ornamental Fan","Orichalcum","Gremlin Horn","Molten Egg 2","Whetstone","Bag of Preparation","Question Card","Vajra","Bag of Marbles","Dodecahedron"],"card_choices":[{"not_picked":["Clash","Shrug It Off"],"picked":"Shockwave"},{"not_picked":["Warcry","Headbutt"],"picked":"Flex"},{"not_picked":["Shrug It Off","Pommel Strike"],"picked":"Fire Breathing"},{"not_picked":["Disarm","Headbutt"],"picked":"Dual Wield"},{"not_picked":["Burning Pact","Sever Soul"],"picked":"Iron Wave"},{"not_picked":["Barricade","Juggernaut"],"picked":"Offering"},{"not_picked":["Twin Strike","Whirlwind","Body Slam"],"picked":"Inflame"},{"not_picked":["Perfected Strike","Pommel Strike","Dual Wield"],"picked":"Whirlwind"},{"not_picked":["Iron Wave","Havoc","Whirlwind"],"picked":"Bloodletting"},{"not_picked":["Shrug It Off","Burning Pact","Twin Strike"],"picked":"Entrench"},{"not_picked":["Rampage","True Grit","Clash"],"picked":"Inflame"}],"player_experience":383931,"potions_floor_usage":[8,16,18,22],"damage_taken":[{"damage":0,"enemies":"Jaw Worm","floor":1,"turns":1},{"damage":0,"enemies":"Small Slimes","floor":4,"turns":1},{"damage":0,"enemies":"Cultist","floor":7,"turns":1},{"damage":10,"enemies":"Gremlin Nob","floor":8,"turns":3},{"damage":44,"enemies":"Lagavulin","floor":11,"turns":8},{"damage":27,"enemies":"Slime Boss","floor":16,"turns":8},{"damage":25,"enemies":"2 Thieves","floor":18,"turns":4},{"damage":22,"enemies":"Spheric Guardian","floor":19,"turns":4},{"damage":0,"enemies":"Snecko","floor":22,"turns":2},{"damage":13,"enemies":"Snake Plant","floor":28,"turns":2},{"damage":8,"enemies":"Slaver and Parasite","floor":30,"turns":3},{"damage":82,"enemies":"Automaton","floor":33,"turns":6}],"event_choices":[{"event_name":"Living Wall","player_choice":"Grow","floor":3,"damage_taken":0},{"event_name":"Big Fish","player_choice":"Box","floor":5,"damage_taken":0},{"event_name":"Beggar","player_choice":"Gave Gold","floor":20,"damage_taken":0}],"boss_relics":[{"not_picked":["Pandora\u0027s Box","Calling Bell"],"picked":"Question Card"}],"potions_floor_spawned":[4,7,16,19,30],"seed_played":"6981866587898077594","killed_by":"Automaton","ascension_level":6,"is_trial":false}