{"gold_per_floor":[116,131,181,181,106,106,141,158,158,183,183,203,203,219,219,297,297,314,343,343,363,390,390,421,421,473,473,498,14,31,31,31,106,106,123,345,345,25,41,61,92,92,116,116,116,130,130,141,141,141],"floor_reached":50,"playtime":2282,"items_purged":[],"score":1082,"play_id":"a77b3425-dbed-4114-88c3-1419545d4bfe","local_time":"20190427205123","is_ascension_mode":true,"campfire_choices":[{"data":"Bludgeon","floor":6,"key":"SMITH"},{"data":"Shockwave","floor":11,"key":"SMITH"},{"data":"Bash","floor":13,"key":"SMITH"},{"data":"Power Through","floor":15,"key":"SMITH"},{"floor":23,"key":"RECALL"},{"floor":25,"key":"REST"},{"floor":27,"key":"REST"},{"floor":32,"key":"REST"},{"floor":45,"key":"REST"},{"floor":47,"key":"REST"},{"floor":49,"key":"DIG"}],"neow_cost":"PERCENT_DAMAGE","seed_source_timestamp":440568087861564,"circlet_count":0,"master_deck":["AscendersBane","Defend_R","Defend_R","Defend_R","Defend_R","Bash+1","Bludgeon+1","Shockwave+1","Iron Wave+1","Power Through+1","Bludgeon+1","Corruption","Juggernaut","Cleave+1","Battle Trance","Bite+1","Bite+1","Bite+1","Bite+1","Bite+1","Iron Wave+1","Metallicize","Dark Embrace","Dropkick+1","Pummel+1","Fiend Fire+1","The Bomb","Mind Blast+1","Mayhem","Battle Trance","Clothesline+1"],"relics":["Burning Blood","Happy Flower","Molten Egg 2","Bottled Lightning","Shuriken","Pantograph","Fusion Hammer","Red Mask","Du-Vu Doll","Vajra","Turnip","Bag of Preparation","Pear","Mark of Pain","Shovel","Pen Nib","Omamori","Juzu Bracelet","Champion Belt"],"potions_floor_usage":[18,24,28,39,40,41],"damage_taken":[{"damage":0,"enemies":"Cultist","floor":1,"turns":3},{"damage":11,"enemies":"Jaw Worm","floor":2,"turns":4},{"damage":45,"enemies":"3 Sentries","floor":7,"turns":8},{"damage":0,"enemies":"Small Slimes","floor":8,"turns":5},{"damage":6,"enemies":"Gremlin Nob","floor":10,"turns":3},{"damage":1,"enemies":"Blue Slaver","floor":12,"turns":2},{"damage":3,"enemies":"Looter","floor":14,"turns":3},{"damage":20,"enemies":"Slime Boss","floor":16,"turns":6},{"damage":4,"enemies":"Shell Parasite","floor":18,"turns":4},{"damage":24,"enemies":"Masked Bandits","floor":19,"turns":4},{"damage":0,"enemies":"2 Thieves","floor":21,"turns":3},{"damage":12,"enemies":"Slavers","floor":24,"turns":4},{"damage":37,"enemies":"Gremlin Leader","floor":28,"turns":6},{"damage":8,"enemies":"Snake Plant","floor":30,"turns":3},{"damage":72,"enemies":"Collector","floor":33,"turns":8},{"damage":1,"enemies":"3 Shapes","floor":35,"turns":6},{"damage":16,"enemies":"3 Darklings","floor":39,"turns":3},{"damage":8,"enemies":"Transient","floor":40,"turns":6},{"damage":46,"enemies":"Giant Head","floor":41,"turns":7},{"damage":30,"enemies":"4 Shapes","floor":46,"turns":9},{"damage":0,"enemies":"3 Darklings","floor":48,"turns":2},{"damage":90,"enemies":"Donu and Deca","floor":50,"turns":5}],"seed_played":"4951646781566666875","potions_obtained":[{"floor":8,"key":"Block Potion"},{"floor":10,"key":"FairyPotion"},{"floor":14,"key":"Energy Potion"},{"floor":19,"key":"Strength Potion"},{"floor":30,"key":"SpeedPotion"},{"floor":33,"key":"Fruit Juice"},{"floor":39,"key":"Fire Potion"},{"floor":40,"key":"Block Potion"},{"floor":48,"key":"Fire Potion"}],"is_trial":false,"path_per_floor":["M","M","T","T","?","R","E","M","T","E","R","M","R","M","R","B",null,"M","?","?","M","T","R","E","R","T","R","E","$","M","?","R","B",null,"M","?","?","$","M","M","E","T","T","?","R","M","R","M","R","B"],"character_chosen":"IRONCLAD","items_purchased":["Metallicize","Bag of Preparation","Pear","Shovel"],"campfire_rested":5,"item_purchase_floors":[29,29,29,38],"current_hp_per_floor":[56,51,51,51,51,51,12,18,18,18,18,23,23,26,26,37,66,68,50,50,52,52,52,52,52,52,52,42,52,59,59,62,29,54,62,62,59,59,60,64,33,33,33,23,42,24,43,52,52,0],"gold":141,"neow_bonus":"THREE_RARE_CARDS","is_prod":false,"is_daily":false,"chose_seed":false,"campfire_upgraded":4,"win_rate":0,"timestamp":1556412683,"path_taken":["M","M","?","?","?","R","E","?","T","E","R","M","R","M","R","BOSS","M","?","?","M","?","R","E","R","T","R","E","$","?","?","R","BOSS","M","?","?","$","M","M","E","?","T","?","R","M","R","M","R","BOSS"],"build_version":"2019-01-23","purchased_purges":0,"victory":false,"max_hp_per_floor":[75,75,75,75,75,75,75,75,75,75,75,75,75,75,75,75,75,75,75,52,52,52,52,52,52,52,52,52,62,62,62,62,62,62,62,62,59,59,64,64,64,64,64,64,64,64,64,64,64,64],"card_choices":[{"not_picked":["Demon Form","Limit Break"],"picked":"Bludgeon","floor":0},{"not_picked":["Thunderclap","Iron Wave"],"picked":"Shockwave","floor":1},{"not_picked":["Sword Boomerang","Havoc","Dual Wield"],"picked":"SKIP","floor":2},{"not_picked":["Clash+1","Sword Boomerang+1"],"picked":"Iron Wave+1","floor":7},{"not_picked":["Flex","Shockwave"],"picked":"Power Through","floor":8},{"not_picked":["Sever Soul+1","Rampage+1"],"picked":"Bludgeon+1","floor":10},{"not_picked":["Wild Strike+1","Intimidate"],"picked":"Corruption","floor":12},{"not_picked":["Rage","Havoc","Flex"],"picked":"SKIP","floor":14},{"not_picked":["Berserk","Brutality"],"picked":"Juggernaut","floor":16},{"not_picked":["Twin Strike+1","Perfected Strike+1"],"picked":"Cleave+1","floor":18},{"not_picked":["Rage","Clash+1"],"picked":"Battle Trance","floor":19},{"not_picked":["Heavy Blade+1","Warcry","Havoc"],"picked":"SKIP","floor":21},{"not_picked":["Pummel+1","Cleave+1","Perfected Strike+1"],"picked":"SKIP","floor":24},{"not_picked":["Juggernaut","Perfected Strike+1"],"picked":"Iron Wave+1","floor":28},{"not_picked":["Armaments","Sword Boomerang+1","Carnage+1"],"picked":"SKIP","floor":30},{"not_picked":["Berserk","Offering"],"picked":"Dark Embrace","floor":33},{"not_picked":["Warcry","Seeing Red","Power Through"],"picked":"SKIP","floor":35},{"not_picked":["Warcry","Bloodletting"],"picked":"Dropkick+1","floor":39},{"not_picked":["Havoc+1","Clash+1"],"picked":"Pummel+1","floor":40},{"not_picked":["Havoc+1","Reckless Charge+1"],"picked":"Fiend Fire+1","floor":41},{"not_picked":["PanicButton","Secret Technique"],"picked":"The Bomb","floor":44},{"not_picked":["Impatience","Blind"],"picked":"Mind Blast+1","floor":44},{"not_picked":["Finesse","Dramatic Entrance+1"],"picked":"Mayhem","floor":44},{"not_picked":["Iron Wave+1","Searing Blow+1"],"picked":"Battle Trance","floor":46},{"not_picked":["Rage","Sword Boomerang+1"],"picked":"Clothesline+1","floor":48}],"player_experience":2002509,"relics_obtained":[{"floor":3,"key":"Happy Flower"},{"floor":4,"key":"Molten Egg 2"},{"floor":7,"key":"Bottled Lightning"},{"floor":9,"key":"Shuriken"},{"floor":10,"key":"Pantograph"},{"floor":19,"key":"Red Mask"},{"floor":24,"key":"Du-Vu Doll"},{"floor":26,"key":"Vajra"},{"floor":28,"key":"Turnip"},{"floor":41,"key":"Pen Nib"},{"floor":42,"key":"Omamori"},{"floor":43,"key":"Juzu Bracelet"},{"floor":49,"key":"Champion Belt"}],"event_choices":[{"cards_removed":["Strike_R"],"damage_healed":0,"gold_gain":0,"player_choice":"Card Removal","damage_taken":0,"max_hp_gain":0,"max_hp_loss":0,"event_name":"The Cleric","floor":5,"gold_loss":75},{"damage_healed":0,"gold_gain":0,"player_choice":"Fought Bandits","damage_taken":0,"max_hp_gain":0,"max_hp_loss":0,"event_name":"Masked Bandits","floor":19,"gold_loss":0},{"damage_healed":0,"gold_gain":0,"player_choice":"Became a vampire","damage_taken":0,"max_hp_gain":0,"max_hp_loss":23,"event_name":"Vampires","floor":20,"gold_loss":0,"cards_obtained":["Bite","Bite","Bite","Bite","Bite"]},{"damage_healed":0,"gold_gain":0,"player_choice":"Ignored","damage_taken":0,"max_hp_gain":0,"max_hp_loss":0,"event_name":"Beggar","floor":31,"gold_loss":0},{"damage_healed":0,"gold_gain":222,"player_choice":"Wore Mask","damage_taken":0,"max_hp_gain":0,"max_hp_loss":0,"event_name":"Tomb of Lord Red Mask","floor":36,"gold_loss":0},{"damage_healed":0,"gold_gain":0,"player_choice":"Max HP","damage_taken":0,"max_hp_gain":0,"max_hp_loss":3,"event_name":"Winding Halls","floor":37,"gold_loss":0},{"damage_healed":0,"gold_gain":0,"player_choice":"Memory 3","damage_taken":10,"max_hp_gain":0,"max_hp_loss":0,"event_name":"SensoryStone","floor":44,"gold_loss":0}],"is_beta":false,"boss_relics":[{"not_picked":["Astrolabe","Black Star"],"picked":"Fusion Hammer"},{"not_picked":["Black Blood","Eternal Feather"],"picked":"Mark of Pain"}],"items_purged_floors":[],"is_endless":false,"potions_floor_spawned":[8,10,14,16,19,30,33,39,40,48],"killed_by":"Donu and Deca","ascension_level":20}