{"gold_per_floor":[117,133,113,123,25,54,68,94,94,94,94],"floor_reached":11,"playtime":273,"items_purged":[],"score":166,"play_id":"d169c7da-27db-42a0-a439-0ea588b134af","local_time":"20190502205235","is_ascension_mode":true,"campfire_choices":[{"data":"Perfected Strike","floor":10,"key":"SMITH"}],"neow_cost":"NONE","seed_source_timestamp":874695847264399,"circlet_count":0,"master_deck":["AscendersBane","Strike_R","Strike_R","Strike_R","Strike_R","Strike_R","Defend_R","Defend_R","Defend_R","Defend_R","Bash","Perfected Strike+1","Headbutt","Twin Strike","Swift Strike","Disarm","Perfected Strike"],"relics":["Burning Blood","NeowsBlessing","Dodecahedron","Dream Catcher","Art of War"],"potions_floor_usage":[6,8],"damage_taken":[{"damage":0,"enemies":"Cultist","floor":1,"turns":1},{"damage":0,"enemies":"Small Slimes","floor":2,"turns":1},{"damage":0,"enemies":"2 Louse","floor":4,"turns":1},{"damage":40,"enemies":"Lagavulin","floor":6,"turns":4},{"damage":11,"enemies":"Blue Slaver","floor":7,"turns":3},{"damage":40,"enemies":"3 Sentries","floor":8,"turns":6},{"damage":23,"enemies":"Large Slime","floor":11,"turns":4}],"seed_played":"6365198609892198026","potions_obtained":[{"floor":3,"key":"Energy Potion"},{"floor":7,"key":"Regen Potion"}],"is_trial":false,"path_per_floor":["M","M","?","M","$","E","M","E","T","R","M"],"character_chosen":"IRONCLAD","items_purchased":["Swift Strike"],"campfire_rested":0,"item_purchase_floors":[5],"current_hp_per_floor":[74,75,75,75,75,41,36,17,17,17,0],"gold":94,"neow_bonus":"THREE_ENEMY_KILL","is_prod":false,"is_daily":false,"chose_seed":false,"campfire_upgraded":1,"win_rate":0,"timestamp":1556844755,"path_taken":["M","?","?","?","$","E","M","E","T","R","M"],"build_version":"2019-01-23","purchased_purges":0,"victory":false,"max_hp_per_floor":[75,75,75,75,75,75,75,75,75,75,75],"card_choices":[{"not_picked":["Entrench","Twin Strike"],"picked":"Perfected Strike","floor":1},{"not_picked":["Flex","Anger"],"picked":"Headbutt","floor":2},{"not_picked":["Wild Strike","Battle Trance"],"picked":"Twin Strike","floor":4},{"not_picked":["Warcry","Dropkick"],"picked":"Disarm","floor":6},{"not_picked":["Whirlwind","Berserk"],"picked":"Perfected Strike","floor":7},{"not_picked":["Pummel","Clash","Sentinel"],"picked":"SKIP","floor":8}],"player_experience":2270260,"relics_obtained":[{"floor":6,"key":"Dodecahedron"},{"floor":8,"key":"Dream Catcher"},{"floor":9,"key":"Art of War"}],"event_choices":[{"damage_healed":0,"gold_gain":0,"player_choice":"Bought 1 Potion","damage_taken":0,"max_hp_gain":0,"max_hp_loss":0,"event_name":"The Woman in Blue","floor":3,"gold_loss":0}],"is_beta":false,"boss_relics":[],"items_purged_floors":[],"is_endless":false,"potions_floor_spawned":[7],"killed_by":"Large Slime","ascension_level":20}