{"gold_per_floor":[112,130,130,130,130,130,154,179,250,250,273,304,328,347,347,468,468,481,505,505,66,81,81,101,132,187,187,206,206,230,170,170,296,359,379,457,16,16,31,31],"floor_reached":40,"playtime":6487,"items_purged":["Normality"],"score":431,"play_id":"da8f586b-2350-4198-a887-a882818802ca","local_time":"20190423235356","is_ascension_mode":true,"campfire_choices":[{"floor":6.0,"key":"RECALL"},{"floor":10.0,"key":"REST"},{"floor":15.0,"key":"REST"},{"data":"Defragment","floor":23.0,"key":"SMITH"},{"floor":27.0,"key":"REST"},{"floor":32.0,"key":"REST"}],"neow_cost":"NONE","seed_source_timestamp":0,"circlet_count":0,"master_deck":["Strike_B","Strike_B","Strike_B","Strike_B","Defend_B","Defend_B","Defend_B","Defend_B","Zap","Dualcast+1","Static Discharge","Coolheaded","Loop","Go for the Eyes","Cold Snap","Skim","Doom and Gloom","Defragment+1","Biased Cognition","Conserve Battery","Redo","Defragment","BootSequence+1","Sweeping Beam+1","Leap","BootSequence","Seek","Compile Driver","Amplify"],"special_seed":0,"relics":["Cracked Core","Golden Idol","Mummified Hand","FossilizedHelix","Velvet Choker","Peace Pipe","Girya","Tiny Chest","Tiny House","Dodecahedron","Unceasing Top"],"potions_floor_usage":[40,40,40],"damage_taken":[{"damage":5.0,"enemies":"Small Slimes","floor":1.0,"turns":3.0},{"damage":1.0,"enemies":"Jaw Worm","floor":2.0,"turns":3.0},{"damage":1.0,"enemies":"Cultist","floor":7.0,"turns":3.0},{"damage":0.0,"enemies":"3 Louse","floor":8.0,"turns":4.0},{"damage":11.0,"enemies":"2 Fungi Beasts","floor":11.0,"turns":4.0},{"damage":10.0,"enemies":"3 Sentries","floor":12.0,"turns":5.0},{"damage":26.0,"enemies":"Exordium Thugs","floor":13.0,"turns":6.0},{"damage":0.0,"enemies":"Large Slime","floor":14.0,"turns":5.0},{"damage":39.0,"enemies":"Slime Boss","floor":16.0,"turns":13.0},{"damage":0.0,"enemies":"Spheric Guardian","floor":18.0,"turns":4.0},{"damage":1.0,"enemies":"Chosen","floor":19.0,"turns":5.0},{"damage":0.0,"enemies":"Centurion and Healer","floor":22.0,"turns":8.0},{"damage":0.0,"enemies":"Snecko","floor":24.0,"turns":9.0},{"damage":36.0,"enemies":"Gremlin Leader","floor":25.0,"turns":5.0},{"damage":15.0,"enemies":"Shelled Parasite and Fungi","floor":28.0,"turns":4.0},{"damage":11.0,"enemies":"Centurion and Healer","floor":30.0,"turns":11.0},{"damage":17.0,"enemies":"Champ","floor":33.0,"turns":12.0},{"damage":8.0,"enemies":"Orb Walker","floor":35.0,"turns":4.0},{"damage":9,"enemies":"3 Shapes","floor":39,"turns":3},{"damage":71,"enemies":"Reptomancer","floor":40,"turns":7}],"seed_played":"-4295388686991025311","potions_obtained":[{"floor":11.0,"key":"LiquidBronze"},{"floor":12.0,"key":"LiquidBronze"},{"floor":16.0,"key":"FearPotion"},{"floor":19.0,"key":"Block Potion"},{"floor":24.0,"key":"Energy Potion"},{"floor":28.0,"key":"Ancient Potion"},{"floor":33.0,"key":"LiquidBronze"},{"floor":34.0,"key":"GamblersBrew"},{"floor":35.0,"key":"SpeedPotion"},{"floor":38,"key":"Dexterity Potion"}],"is_trial":false,"path_per_floor":["M","M","?","?","T","R","M","M","T","R","M","E","M","M","R","B",null,"M","M","?","$","M","R","M","E","T","R","M","?","M","?","R","B",null,"M","T","$","?","M","E"],"character_chosen":"DEFECT","items_purchased":["Peace Pipe","Defragment","Unceasing Top","Amplify"],"campfire_rested":4,"item_purchase_floors":[21,21,37,37],"current_hp_per_floor":[77,76,76,56,56,56,55,55,55,79,68,58,32,32,56,17,82,82,81,81,81,81,81,81,45,45,69,54,54,43,43,67,50,87,79,79,79,79,70,0],"gold":31,"neow_bonus":"TEN_PERCENT_HP_BONUS","is_prod":false,"is_daily":false,"chose_seed":false,"campfire_upgraded":1,"win_rate":0,"timestamp":1556056436,"path_taken":["M","M","?","?","?","R","M","M","T","R","M","E","M","?","R","BOSS","M","M","?","$","M","R","?","E","T","R","M","?","M","?","R","BOSS","M","?","$","?","M","E"],"build_version":"2019-01-23","purchased_purges":1,"victory":false,"max_hp_per_floor":[82,82,82,82,82,82,82,82,82,82,82,82,82,82,82,82,82,82,82,82,82,82,82,82,82,82,82,82,82,82,82,82,82,87,87,87,87,87,87,87],"card_choices":[{"not_picked":["Rebound","Go for the Eyes"],"picked":"Static Discharge","floor":1.0},{"not_picked":["Turbo","Steam"],"picked":"Coolheaded","floor":2.0},{"not_picked":["Self Repair","Rebound"],"picked":"Loop","floor":7.0},{"not_picked":["Stack","Cold Snap"],"picked":"Go for the Eyes","floor":8.0},{"not_picked":["Barrage","Capacitor"],"picked":"Cold Snap","floor":11.0},{"not_picked":["Beam Cell","Steam"],"picked":"Skim","floor":12.0},{"not_picked":["Double Energy","Sunder"],"picked":"Doom and Gloom","floor":13.0},{"not_picked":["Reinforced Body","Sweeping Beam"],"picked":"Defragment","floor":14.0},{"not_picked":["Multi-Cast","Rainbow"],"picked":"Biased Cognition","floor":16.0},{"not_picked":["Static Discharge","Gash","Stack"],"picked":"SKIP","floor":18.0},{"not_picked":["Consume","Heatsinks"],"picked":"Conserve Battery","floor":19.0},{"not_picked":["Coolheaded","Chill"],"picked":"BootSequence","floor":22.0},{"not_picked":["Consume","Doom and Gloom"],"picked":"Sweeping Beam+1","floor":24.0},{"not_picked":["Steam","Hologram","Barrage"],"picked":"SKIP","floor":25.0},{"not_picked":["Rainbow","Barrage"],"picked":"Leap","floor":28.0},{"not_picked":["Steam","Tempest","Beam Cell"],"picked":"SKIP","floor":30.0},{"not_picked":["Hyperbeam","Amplify"],"picked":"Seek","floor":33.0},{"not_picked":["Sweeping Beam+1","Turbo"],"picked":"Compile Driver","floor":35.0}],"player_experience":159023,"relics_obtained":[{"floor":9.0,"key":"Mummified Hand"},{"floor":12.0,"key":"FossilizedHelix"},{"floor":25.0,"key":"Girya"},{"floor":26.0,"key":"Tiny Chest"},{"floor":36.0,"key":"Dodecahedron"}],"event_choices":[{"damage_healed":0.0,"max_hp_gain":0.0,"max_hp_loss":0.0,"gold_gain":0.0,"event_name":"Living Wall","player_choice":"Grow","floor":3.0,"gold_loss":0.0,"damage_taken":0.0,"cards_upgraded":["Dualcast"]},{"damage_healed":0.0,"max_hp_gain":0.0,"max_hp_loss":0.0,"gold_gain":0.0,"event_name":"Golden Idol","player_choice":"Take Damage","floor":4.0,"gold_loss":0.0,"damage_taken":20.0,"relics_obtained":["Golden Idol"]},{"damage_healed":0.0,"max_hp_gain":0.0,"max_hp_loss":0.0,"gold_gain":0.0,"event_name":"Match and Keep!","player_choice":"3 cards matched","floor":20.0,"gold_loss":0.0,"damage_taken":0.0,"cards_obtained":["Normality","Redo","Aggregate"]},{"damage_healed":0.0,"max_hp_gain":0.0,"max_hp_loss":0.0,"gold_gain":0.0,"event_name":"The Library","player_choice":"Read","floor":29.0,"gold_loss":0.0,"damage_taken":0.0,"cards_obtained":["BootSequence"]},{"cards_removed":["Aggregate"],"damage_healed":0.0,"max_hp_gain":0.0,"max_hp_loss":0.0,"gold_gain":0.0,"event_name":"Designer","player_choice":"Single Remove","floor":31.0,"gold_loss":60.0,"damage_taken":0.0},{"damage_healed":0,"gold_gain":0,"player_choice":"Got Potions","damage_taken":0,"max_hp_gain":0,"max_hp_loss":0,"event_name":"Lab","floor":38,"gold_loss":0}],"is_beta":false,"boss_relics":[{"not_picked":["Ectoplasm","White Beast Statue"],"picked":"Velvet Choker"},{"not_picked":["FrozenCore","Philosopher\u0027s Stone"],"picked":"Tiny House"}],"items_purged_floors":[21],"is_endless":false,"potions_floor_spawned":[11,12,16,19,24,28,33,35],"killed_by":"Reptomancer","ascension_level":1}