{"gold_per_floor":[366,382,382,332,332,332,332,332,359,259,302,302,326,340,340,463,463,478,478,566,578,590,633,670,682,720,397,418,431,431,446,446,574,574,589,589,602,602,617,658,658,698,698,734,734,752,752,206,206,206],"floor_reached":51,"playtime":4518,"items_purged":["Strike_R","Blood for Blood","Heavy Blade"],"score":1112,"play_id":"a2f72898-26e2-4aa8-86a1-2e8f24aae65a","local_time":"20190511142451","is_ascension_mode":true,"campfire_choices":[{"data":"Whirlwind","floor":6.0,"key":"SMITH"},{"data":"Bash","floor":8.0,"key":"SMITH"},{"floor":12.0,"key":"REST"},{"data":"True Grit","floor":15.0,"key":"SMITH"},{"data":"Barricade","floor":25.0,"key":"SMITH"},{"data":"Evolve","floor":30.0,"key":"SMITH"},{"floor":32.0,"key":"REST"},{"data":"Shockwave","floor":41.0,"key":"SMITH"},{"floor":49,"key":"REST"}],"neow_cost":"CURSE","seed_source_timestamp":583295421861886,"circlet_count":0,"master_deck":["AscendersBane","Bash+1","Power Through","Whirlwind+1","Shrug It Off","Second Wind","Clothesline+1","Ghostly Armor","True Grit+1","Demon Form","Carnage+1","Feel No Pain","Shrug It Off","Rupture","Reckless Charge+1","Evolve+1","J.A.X.","Headbutt","Barricade+1","Flash of Steel","Shockwave+1","Dropkick","Reaper","Reckless Charge+1","Bloodletting+1","Pommel Strike+1","Metallicize+1","Fiend Fire","Exhume","Second Wind+1","Enlightenment","Finesse"],"special_seed":0,"relics":["Burning Blood","Golden Idol","Dream Catcher","Bronze Scales","Pandora\u0027s Box","MawBank","Shuriken","Regal Pillow","Whetstone","Oddly Smooth Stone","Lizard Tail","Bag of Preparation","Peace Pipe","Centennial Puzzle","Smiling Mask","ClockworkSouvenir","Calipers"],"potions_floor_usage":[46],"damage_taken":[{"damage":7.0,"enemies":"Jaw Worm","floor":1.0,"turns":3.0},{"damage":3.0,"enemies":"2 Louse","floor":2.0,"turns":5.0},{"damage":17.0,"enemies":"3 Sentries","floor":11.0,"turns":5.0},{"damage":0.0,"enemies":"Small Slimes","floor":13.0,"turns":2.0},{"damage":0.0,"enemies":"Exordium Wildlife","floor":14.0,"turns":2.0},{"damage":35.0,"enemies":"The Guardian","floor":16.0,"turns":13.0},{"damage":5.0,"enemies":"Chosen","floor":18.0,"turns":8.0},{"damage":42.0,"enemies":"Slavers","floor":23.0,"turns":5.0},{"damage":0.0,"enemies":"3 Byrds","floor":24.0,"turns":4.0},{"damage":2.0,"enemies":"Snecko","floor":28.0,"turns":5.0},{"damage":15.0,"enemies":"Centurion and Healer","floor":29.0,"turns":7.0},{"damage":21.0,"enemies":"Snake Plant","floor":31.0,"turns":4.0},{"damage":23.0,"enemies":"Champ","floor":33.0,"turns":10.0},{"damage":22.0,"enemies":"Orb Walker","floor":35.0,"turns":5.0},{"damage":6.0,"enemies":"3 Shapes","floor":37.0,"turns":14.0},{"damage":45.0,"enemies":"Jaw Worm Horde","floor":39.0,"turns":5.0},{"damage":48.0,"enemies":"Reptomancer","floor":40.0,"turns":9.0},{"damage":55.0,"enemies":"Nemesis","floor":42.0,"turns":15.0},{"damage":15,"enemies":"Giant Head","floor":44,"turns":7},{"damage":28,"enemies":"Spire Growth","floor":46,"turns":6},{"damage":38,"enemies":"Donu and Deca","floor":50,"turns":9}],"seed_played":"-291643421739372240","potions_obtained":[{"floor":1.0,"key":"Poison Potion"},{"floor":2.0,"key":"FearPotion"},{"floor":16.0,"key":"SpeedPotion"},{"floor":23.0,"key":"Ancient Potion"},{"floor":24.0,"key":"Dexterity Potion"},{"floor":35.0,"key":"Energy Potion"},{"floor":44,"key":"AttackPotion"},{"floor":46,"key":"Swift Potion"}],"is_trial":false,"path_per_floor":["M","M","?","?","?","R","?","R","T","$","E","R","M","M","R","B",null,"M","?","T","?","?","E","M","R","T","$","M","M","R","M","R","B",null,"M","?","M","T","M","E","R","E","T","E","?","M","?","$","R","B",null],"character_chosen":"IRONCLAD","items_purchased":["Shrug It Off","Oddly Smooth Stone","Flash of Steel","ClockworkSouvenir","Calipers"],"campfire_rested":3,"item_purchase_floors":[10,27,27,48,48],"current_hp_per_floor":[71,74,54,54,39,39,32,32,32,32,21,44,50,56,56,27,65,66,66,66,66,66,30,36,36,36,36,40,31,31,16,54,37,67,57,57,66,66,56,40,40,65,65,56,56,34,24,24,62,67],"gold":206,"neow_bonus":"TWO_FIFTY_GOLD","is_prod":false,"is_daily":false,"chose_seed":false,"campfire_upgraded":6,"win_rate":0,"timestamp":1557581091,"path_taken":["M","M","?","?","?","R","?","R","T","$","E","R","M","M","R","BOSS","M","?","?","?","?","E","M","R","T","$","?","M","R","M","R","BOSS","M","?","M","?","M","E","R","E","T","E","?","?","?","$","R","BOSS"],"build_version":"2019-01-23","purchased_purges":3,"victory":true,"max_hp_per_floor":[80,80,80,77,77,77,77,77,77,77,77,77,77,77,77,77,77,77,77,77,77,77,77,77,77,77,77,77,77,77,77,77,77,77,77,77,77,77,77,77,77,77,77,77,77,77,77,77,77,77],"card_choices":[{"not_picked":["Fire Breathing","Havoc"],"picked":"Power Through","floor":1.0},{"not_picked":["Iron Wave","Sword Boomerang"],"picked":"Whirlwind","floor":2.0},{"not_picked":["Sever Soul","Clash"],"picked":"Second Wind","floor":11.0},{"not_picked":["Thunderclap","Cleave"],"picked":"Clothesline","floor":12.0},{"not_picked":["Iron Wave","Reckless Charge"],"picked":"Ghostly Armor","floor":13.0},{"not_picked":["Rupture","Fire Breathing"],"picked":"True Grit","floor":14.0},{"not_picked":["Double Tap","Bludgeon"],"picked":"Demon Form","floor":16.0},{"not_picked":["Blood for Blood","Whirlwind+1"],"picked":"Reckless Charge+1","floor":18.0},{"not_picked":["Cleave","True Grit"],"picked":"Headbutt","floor":23.0},{"not_picked":["Whirlwind","Carnage"],"picked":"Barricade","floor":24.0},{"not_picked":["Sword Boomerang","Uppercut+1"],"picked":"Shockwave","floor":28.0},{"not_picked":["Rupture+1","Blood for Blood","Thunderclap"],"picked":"SKIP","floor":29.0},{"not_picked":["Carnage","Intimidate","Perfected Strike"],"picked":"SKIP","floor":31.0},{"not_picked":["Heavy Blade","Metallicize"],"picked":"Dropkick","floor":32.0},{"not_picked":["Impervious","Immolate"],"picked":"Reaper","floor":33.0},{"not_picked":["Spot Weakness","Blood for Blood+1"],"picked":"Reckless Charge+1","floor":35.0},{"not_picked":["Anger","Clash+1"],"picked":"Bloodletting+1","floor":37.0},{"not_picked":["Second Wind+1","Thunderclap"],"picked":"Pommel Strike+1","floor":39.0},{"not_picked":["Shrug It Off","Pommel Strike+1"],"picked":"Metallicize+1","floor":40.0},{"not_picked":["Combust+1","Dual Wield"],"picked":"Fiend Fire","floor":42.0},{"not_picked":["Shrug It Off","True Grit"],"picked":"Exhume","floor":44},{"not_picked":["Anger+1","Iron Wave+1"],"picked":"Second Wind+1","floor":46},{"not_picked":["Secret Weapon","Trip"],"picked":"Enlightenment","floor":47},{"not_picked":["Jack Of All Trades","PanicButton"],"picked":"Finesse","floor":47}],"player_experience":362187,"relics_obtained":[{"floor":9.0,"key":"Dream Catcher"},{"floor":11.0,"key":"Bronze Scales"},{"floor":20.0,"key":"Shuriken"},{"floor":23.0,"key":"Regal Pillow"},{"floor":26.0,"key":"Whetstone"},{"floor":40.0,"key":"Bag of Preparation"},{"floor":42.0,"key":"Peace Pipe"},{"floor":43.0,"key":"Centennial Puzzle"},{"floor":44,"key":"Smiling Mask"}],"event_choices":[{"damage_healed":0.0,"max_hp_gain":0.0,"max_hp_loss":0.0,"gold_gain":0.0,"event_name":"Golden Idol","player_choice":"Take Damage","floor":3.0,"gold_loss":0.0,"damage_taken":20.0,"relics_obtained":["Golden Idol"]},{"cards_removed":["Parasite"],"damage_healed":0.0,"max_hp_gain":0.0,"max_hp_loss":0.0,"gold_gain":0.0,"event_name":"The Cleric","player_choice":"Card Removal","floor":4.0,"gold_loss":50.0,"damage_taken":0.0},{"damage_healed":0.0,"max_hp_gain":0.0,"max_hp_loss":0.0,"gold_gain":0.0,"event_name":"Shining Light","player_choice":"Entered Light","floor":5.0,"gold_loss":0.0,"damage_taken":15.0,"cards_upgraded":["Strike_R","Defend_R"]},{"cards_removed":["Strike_R"],"damage_healed":0.0,"max_hp_gain":0.0,"max_hp_loss":0.0,"gold_gain":0.0,"event_name":"Golden Wing","player_choice":"Card Removal","floor":7.0,"gold_loss":0.0,"damage_taken":7.0},{"damage_healed":0.0,"max_hp_gain":0.0,"max_hp_loss":0.0,"gold_gain":0.0,"event_name":"The Mausoleum","player_choice":"Opened","floor":19.0,"gold_loss":0.0,"damage_taken":0.0,"relics_obtained":["MawBank"]},{"damage_healed":0.0,"max_hp_gain":0.0,"max_hp_loss":0.0,"gold_gain":0.0,"event_name":"The Library","player_choice":"Read","floor":21.0,"gold_loss":0.0,"damage_taken":0.0,"cards_obtained":["Evolve"]},{"damage_healed":0.0,"max_hp_gain":0.0,"max_hp_loss":0.0,"gold_gain":0.0,"event_name":"Drug Dealer","player_choice":"Obtain J.A.X.","floor":22.0,"gold_loss":0.0,"damage_taken":0.0,"cards_obtained":["J.A.X."]},{"damage_healed":0.0,"max_hp_gain":0.0,"max_hp_loss":0.0,"gold_gain":0.0,"event_name":"Tomb of Lord Red Mask","player_choice":"Ignored","floor":36.0,"gold_loss":0.0,"damage_taken":0.0},{"cards_removed":["Double Tap"],"damage_healed":0,"gold_gain":0,"player_choice":"Purged","damage_taken":0,"max_hp_gain":0,"max_hp_loss":0,"event_name":"Purifier","floor":45,"gold_loss":0},{"damage_healed":0,"gold_gain":0,"player_choice":"Memory 3","damage_taken":10,"max_hp_gain":0,"max_hp_loss":0,"event_name":"SensoryStone","floor":47,"gold_loss":0}],"is_beta":false,"boss_relics":[{"not_picked":["Orrery","Empty Cage"],"picked":"Pandora\u0027s Box"},{"not_picked":["Runic Pyramid","Runic Cube"],"picked":"Lizard Tail"}],"items_purged_floors":[10,27,48],"is_endless":false,"potions_floor_spawned":[1,2,16,23,24,29,35,39,44,46],"ascension_level":11}