{"path_per_floor":["M","M","$","?","M","R","M","R","T","E","$","R","?","M","R","B",null,"M","?","?","$","M","R","T","R","T","M","?","M","M","?","R","B",null,"M","$","M"],"character_chosen":"IRONCLAD","items_purchased":["Vajra","Panacea","Block Potion","Bottled Lightning","Lantern"],"gold_per_floor":[368,385,93,93,109,109,129,129,199,231,33,33,33,50,50,147,147,162,87,2,2,16,16,16,16,16,26,26,40,57,57,57,162,162,174,49,63],"floor_reached":38,"campfire_rested":0,"playtime":2221,"current_hp_per_floor":[37,36,36,36,42,42,46,46,46,42,42,42,68,67,67,59,75,59,59,59,59,70,70,70,70,70,42,68,63,58,58,58,25,66,57,57,27],"items_purged":[],"gold":63,"score":454,"play_id":"f59435cc-5b95-4247-8fd1-917cacd3bfee","is_prod":false,"is_daily":false,"is_ascension_mode":true,"campfire_upgraded":7,"path_taken":["M","?","$","?","M","R","M","R","T","E","$","R","?","M","R","BOSS","M","?","?","$","M","R","?","R","T","M","?","?","M","?","R","BOSS","M","$","?","M"],"build_version":"2018-02-15-PROD1","purchased_purges":1,"victory":false,"master_deck":["Strike_R+1","Strike_R+1","Strike_R+1","Strike_R+1","Strike_R+1","Defend_R+1","Defend_R+1","Defend_R+1","Defend_R+1","Bash","Body Slam+1","Inflame+1","Panacea+1","Metallicize+1","Impervious","Cleave","Heavy Blade+1","Heavy Blade+1","Body Slam+1","Seeing Red+1","Demon Form+1","Demon Form","Iron Wave+1","Shrug It Off"],"max_hp_per_floor":[80,80,80,80,80,80,80,80,80,80,80,80,80,80,80,80,80,80,80,80,80,80,80,80,80,80,80,80,80,80,80,80,80,80,80,80,80],"relics":["Burning Blood","Vajra","Kunai","The Courier","Bottled Lightning","Velvet Choker","Paper Frog","Ginger","Champion Belt","Sozu","Lantern"],"card_choices":[{"not_picked":["Warcry","Clothesline"],"picked":"Body Slam"},{"not_picked":["Thunderclap","Blood for Blood"],"picked":"Inflame"},{"not_picked":["Infernal Blade","Body Slam"],"picked":"Metallicize"},{"not_picked":["Uppercut","Heavy Blade"],"picked":"Impervious"},{"not_picked":["Warcry","Flex"],"picked":"Cleave"},{"not_picked":["Twin Strike","Anger"],"picked":"Heavy Blade"},{"not_picked":["Berserk","Exhume"],"picked":"Juggernaut"},{"not_picked":["Armaments","Twin Strike"],"picked":"Heavy Blade"},{"not_picked":["Anger","Heavy Blade"],"picked":"Body Slam"},{"not_picked":["Reckless Charge","Rampage"],"picked":"Seeing Red"},{"not_picked":["Havoc","Clothesline"],"picked":"Demon Form"},{"not_picked":["Offering","Bludgeon"],"picked":"Demon Form"},{"not_picked":["Twin Strike","Anger"],"picked":"Iron Wave"},{"not_picked":["Cleave","Hemokinesis"],"picked":"Shrug It Off"}],"player_experience":380406,"potions_floor_usage":[5,10,10,22,30,30],"damage_taken":[{"damage":1,"enemies":"Cultist","floor":1,"turns":4},{"damage":7,"enemies":"Small Slimes","floor":2,"turns":5},{"damage":0,"enemies":"Jaw Worm","floor":5,"turns":2},{"damage":2,"enemies":"2 Fungi Beasts","floor":7,"turns":5},{"damage":10,"enemies":"3 Sentries","floor":10,"turns":6},{"damage":7,"enemies":"Looter","floor":14,"turns":3},{"damage":14,"enemies":"The Guardian","floor":16,"turns":11},{"damage":22,"enemies":"Spheric Guardian","floor":18,"turns":5},{"damage":4,"enemies":"Chosen","floor":22,"turns":4},{"damage":34,"enemies":"Snake Plant","floor":27,"turns":3},{"damage":11,"enemies":"Cultist and Chosen","floor":29,"turns":5},{"damage":17,"enemies":"Sentry and Sphere","floor":30,"turns":4},{"damage":39,"enemies":"Collector","floor":33,"turns":7},{"damage":15,"enemies":"Orb Walker","floor":35,"turns":3},{"damage":36,"enemies":"3 Darklings","floor":37,"turns":4},{"damage":30,"enemies":"Sphere and 2 Shapes","floor":38,"turns":5}],"event_choices":[{"event_name":"Golden Wing","player_choice":"Ignored","floor":4,"damage_taken":0},{"event_name":"Big Fish","player_choice":"Banana","floor":13,"damage_taken":0},{"event_name":"Beggar","player_choice":"Gave Gold","floor":19,"damage_taken":0},{"event_name":"Addict","player_choice":"Obtained Relic","floor":20,"damage_taken":0},{"event_name":"The Library","player_choice":"Heal","floor":28,"damage_taken":0},{"event_name":"Back to Basics","player_choice":"Simplicity","floor":31,"damage_taken":0}],"boss_relics":[{"not_picked":["Calling Bell","Mark of Pain"],"picked":"Velvet Choker"},{"not_picked":["Philosopher\u0027s Stone","White Beast Statue"],"picked":"Sozu"}],"potions_floor_spawned":[2,7,16,18,27,35,37],"seed_played":"-2610648587921829681","killed_by":"Sphere and 2 Shapes","ascension_level":6,"is_trial":false}