{"gold_per_floor":[109,128,128,9,32,70,70,70,70,145,145,179,179,202,202,298,298,321,321,321,166,176,176,203,219,219,67,67,98,112,139,139,216,216,235,235,255,271,47,78,78,113,138,38,57,57,57,82,82,82,82,82,15,45,45],"floor_reached":55,"playtime":2726,"items_purged":["Strike_G+1","Strike_G"],"score":1590,"play_id":"3a896a0d-cde7-4f11-b48b-0445d2c082af","local_time":"20190325003701","is_ascension_mode":true,"campfire_choices":[{"data":"Deadly Poison","floor":7.0,"key":"SMITH"},{"floor":11.0,"key":"REST"},{"data":"Crippling Poison","floor":13.0,"key":"SMITH"},{"data":"Sucker Punch","floor":15.0,"key":"SMITH"},{"data":"Malaise","floor":23.0,"key":"SMITH"},{"data":"After Image","floor":28.0,"key":"SMITH"},{"floor":32.0,"key":"REST"},{"floor":47,"key":"REST"},{"floor":49,"key":"RECALL"},{"data":"Corpse Explosion","floor":52,"key":"SMITH"}],"neow_cost":"CURSE","seed_source_timestamp":996597447612133,"circlet_count":0,"master_deck":["AscendersBane","Defend_G+1","Defend_G","Defend_G","Defend_G","Defend_G","Strike_G","Strike_G","Strike_G","Survivor","Neutralize","Clumsy","After Image+1","Sucker Punch+1","Dagger Spray","Footwork","Crippling Poison+1","Deadly Poison+1","After Image","Malaise+1","Backflip","Infinite Blades","Cloak And Dagger","Backflip","Blur","Corpse Explosion+1","Acrobatics","Backflip","Well Laid Plans","PiercingWail","Malaise","Dodge and Roll","Finesse","Dark Shackles","Flash of Steel","Crippling Poison"],"special_seed":0,"relics":["Ring of the Snake","Bloody Idol","Incense Burner","Thread and Needle","Bag of Marbles","White Beast Statue","Darkstone Periapt","Mercury Hourglass","Bronze Scales","Gremlin Horn","Turnip","Sozu","PreservedInsect","Happy Flower","Ancient Tea Set","Sundial","Vajra"],"potions_floor_usage":[55],"damage_taken":[{"damage":0.0,"enemies":"Jaw Worm","floor":1.0,"turns":5.0},{"damage":0.0,"enemies":"Small Slimes","floor":2.0,"turns":4.0},{"damage":0.0,"enemies":"2 Louse","floor":5.0,"turns":2.0},{"damage":12.0,"enemies":"Lagavulin","floor":6.0,"turns":14.0},{"damage":0.0,"enemies":"3 Sentries","floor":12.0,"turns":10.0},{"damage":0.0,"enemies":"2 Fungi Beasts","floor":14.0,"turns":3.0},{"damage":7.0,"enemies":"Hexaghost","floor":16.0,"turns":12.0},{"damage":0.0,"enemies":"Shell Parasite","floor":18.0,"turns":7.0},{"damage":0.0,"enemies":"Chosen","floor":22.0,"turns":6.0},{"damage":0.0,"enemies":"Gremlin Leader","floor":24.0,"turns":11.0},{"damage":11.0,"enemies":"3 Cultists","floor":25.0,"turns":6.0},{"damage":5.0,"enemies":"Book of Stabbing","floor":29.0,"turns":5.0},{"damage":15.0,"enemies":"Shelled Parasite and Fungi","floor":30.0,"turns":6.0},{"damage":19.0,"enemies":"Slavers","floor":31.0,"turns":4.0},{"damage":29.0,"enemies":"Automaton","floor":33.0,"turns":14.0},{"damage":10.0,"enemies":"3 Shapes","floor":35.0,"turns":2.0},{"damage":0,"enemies":"3 Darklings","floor":37,"turns":5},{"damage":0,"enemies":"Sphere and 2 Shapes","floor":38,"turns":5},{"damage":0,"enemies":"Nemesis","floor":40,"turns":9},{"damage":27,"enemies":"Giant Head","floor":42,"turns":12},{"damage":7,"enemies":"4 Shapes","floor":45,"turns":3},{"damage":2,"enemies":"Reptomancer","floor":48,"turns":6},{"damage":5,"enemies":"Awakened One","floor":50,"turns":22},{"damage":0,"enemies":"Shield and Spear","floor":54,"turns":5},{"damage":64,"enemies":"The Heart","floor":55,"turns":14}],"seed_played":"-980834319233398748","potions_obtained":[{"floor":1.0,"key":"Weak Potion"},{"floor":6.0,"key":"Weak Potion"},{"floor":14.0,"key":"Fire Potion"},{"floor":16.0,"key":"Block Potion"},{"floor":24.0,"key":"LiquidBronze"},{"floor":25.0,"key":"Explosive Potion"},{"floor":29.0,"key":"Explosive Potion"},{"floor":30.0,"key":"FearPotion"},{"floor":31.0,"key":"Block Potion"},{"floor":33.0,"key":"GamblersBrew"}],"is_trial":false,"path_per_floor":["M","M","?","$","M","E","R","?","T","?","R","E","R","M","R","B",null,"M","?","?","$","M","R","E","M","T","$","R","E","M","E","R","B",null,"M","?","M","M","$","E","?","E","T","$","M","?","R","E","R","B",null,"R","$","E","B"],"character_chosen":"THE_SILENT","items_purchased":["Footwork","Crippling Poison","Infinite Blades","Bronze Scales","Well Laid Plans","PreservedInsect","Crippling Poison"],"campfire_rested":3,"item_purchase_floors":[4,4,21,27,39,39,53],"current_hp_per_floor":[59,59,59,59,59,47,47,29,29,18,36,36,36,36,36,29,52,52,52,52,52,57,57,60,54,54,54,54,54,44,30,48,24,51,46,46,51,56,56,60,60,38,43,43,41,31,49,52,52,47,57,57,57,60,0],"gold":45,"neow_bonus":"THREE_RARE_CARDS","is_prod":false,"is_daily":false,"chose_seed":false,"campfire_upgraded":6,"win_rate":0,"timestamp":1553488621,"path_taken":["M","M","?","$","M","E","R","?","T","?","R","E","R","M","R","BOSS","M","?","?","$","M","R","E","M","T","$","R","E","M","E","R","BOSS","M","?","M","M","$","E","?","E","T","$","?","?","R","E","R","BOSS","R","$","E","BOSS"],"build_version":"2019-03-15","purchased_purges":2,"victory":false,"max_hp_per_floor":[66,66,60,60,60,60,60,60,60,60,60,60,60,60,60,60,60,60,60,60,60,60,60,60,60,60,60,60,60,60,60,60,60,60,60,60,60,60,60,60,60,60,60,60,60,60,60,60,60,60,60,60,60,60,60],"card_choices":[{"not_picked":["Malaise","Wraith Form v2"],"picked":"After Image","floor":0.0},{"not_picked":["Setup","Bane"],"picked":"Sucker Punch","floor":1.0},{"not_picked":["Deflect","Dodge and Roll"],"picked":"Dagger Spray","floor":2.0},{"not_picked":["Prepared","Acrobatics"],"picked":"Deadly Poison","floor":5.0},{"not_picked":["Flechettes","Bane"],"picked":"After Image","floor":6.0},{"not_picked":["Flying Knee","Deflect","Sucker Punch"],"picked":"SKIP","floor":12.0},{"not_picked":["Acrobatics","Underhanded Strike","Masterful Stab"],"picked":"SKIP","floor":14.0},{"not_picked":["Unload","Phantasmal Killer"],"picked":"Malaise","floor":16.0},{"not_picked":["Calculated Gamble","Tactician","Outmaneuver"],"picked":"SKIP","floor":18.0},{"not_picked":["Masterful Stab","Escape Plan"],"picked":"Cloak And Dagger","floor":22.0},{"not_picked":["Distraction","Deflect","Infinite Blades"],"picked":"SKIP","floor":24.0},{"not_picked":["Deflect","Concentrate","Poisoned Stab"],"picked":"SKIP","floor":25.0},{"not_picked":["Acrobatics","Deadly Poison","Bane"],"picked":"SKIP","floor":29.0},{"not_picked":["Quick Slash","Deflect"],"picked":"Backflip","floor":30.0},{"not_picked":["Venomology","Dagger Spray"],"picked":"Blur","floor":31.0},{"not_picked":["Grand Finale","Die Die Die"],"picked":"Corpse Explosion","floor":33.0},{"not_picked":["Dagger Spray","Poisoned Stab"],"picked":"Acrobatics","floor":35.0},{"not_picked":["Poisoned Stab","Blade Dance"],"picked":"Backflip","floor":37},{"not_picked":["Distraction","Poisoned Stab","Outmaneuver"],"picked":"SKIP","floor":38},{"not_picked":["Finisher","Masterful Stab"],"picked":"PiercingWail","floor":40},{"not_picked":["Calculated Gamble","Sucker Punch"],"picked":"Malaise","floor":42},{"not_picked":["Acrobatics","Calculated Gamble"],"picked":"Dodge and Roll","floor":45},{"not_picked":["Impatience","Purity"],"picked":"Finesse","floor":46},{"not_picked":["Purity","Forethought"],"picked":"Dark Shackles","floor":46},{"not_picked":["Swift Strike","Trip"],"picked":"Flash of Steel","floor":46},{"not_picked":["Slice","Well Laid Plans","Deflect"],"picked":"SKIP","floor":48},{"not_picked":["Dagger Spray","Doppelganger","Blade Dance"],"picked":"SKIP","floor":54}],"player_experience":2282369,"relics_obtained":[{"floor":6.0,"key":"Incense Burner"},{"floor":9.0,"key":"Thread and Needle"},{"floor":12.0,"key":"Bag of Marbles"},{"floor":24.0,"key":"Darkstone Periapt"},{"floor":26.0,"key":"Mercury Hourglass"},{"floor":29.0,"key":"Gremlin Horn"},{"floor":31.0,"key":"Turnip"},{"floor":40,"key":"Happy Flower"},{"floor":42,"key":"Ancient Tea Set"},{"floor":48,"key":"Sundial"},{"floor":54,"key":"Vajra"}],"event_choices":[{"damage_healed":0.0,"max_hp_gain":0.0,"max_hp_loss":6.0,"gold_gain":0.0,"event_name":"Golden Idol","player_choice":"Lose Max HP","floor":3.0,"gold_loss":0.0,"damage_taken":0.0,"relics_obtained":["Golden Idol"]},{"damage_healed":0.0,"max_hp_gain":0.0,"max_hp_loss":0.0,"gold_gain":0.0,"event_name":"Shining Light","player_choice":"Entered Light","floor":8.0,"gold_loss":0.0,"damage_taken":18.0,"cards_upgraded":["Defend_G","Strike_G"]},{"damage_healed":0.0,"max_hp_gain":0.0,"max_hp_loss":0.0,"gold_gain":75.0,"event_name":"World of Goop","player_choice":"Gather Gold","floor":10.0,"gold_loss":0.0,"damage_taken":11.0},{"damage_healed":0.0,"max_hp_gain":0.0,"max_hp_loss":0.0,"gold_gain":0.0,"event_name":"Forgotten Altar","player_choice":"Gave Idol","floor":19.0,"relics_lost":["Golden Idol"],"gold_loss":0.0,"damage_taken":0.0,"relics_obtained":["Bloody Idol"]},{"damage_healed":0.0,"max_hp_gain":0.0,"max_hp_loss":0.0,"gold_gain":0.0,"event_name":"The Library","player_choice":"Read","floor":20.0,"gold_loss":0.0,"damage_taken":0.0,"cards_obtained":["Backflip"]},{"damage_healed":0,"gold_gain":0,"player_choice":"Ignored","damage_taken":0,"max_hp_gain":0,"max_hp_loss":0,"event_name":"Mysterious Sphere","floor":36,"gold_loss":0},{"damage_healed":0,"gold_gain":0,"player_choice":"Full Heal","damage_taken":0,"max_hp_gain":0,"max_hp_loss":0,"event_name":"Wheel of Change","floor":41,"gold_loss":0},{"damage_healed":0,"gold_gain":0,"player_choice":"Memory 3","damage_taken":10,"max_hp_gain":0,"max_hp_loss":0,"event_name":"SensoryStone","floor":46,"gold_loss":0}],"is_beta":true,"boss_relics":[{"not_picked":["Snecko Eye","HoveringKite"],"picked":"White Beast Statue"},{"not_picked":["Astrolabe","Runic Pyramid"],"picked":"Sozu"}],"items_purged_floors":[21,44],"is_endless":false,"potions_floor_spawned":[1,6,14,16,18,22,24,25,29,30,31,33,35,37,38,40,42,45,48,54],"killed_by":"The Heart","ascension_level":15}