{"path_per_floor":["M","?","?","?","M","R","E","M","T","?","R","M","E","M","R","B"],"character_chosen":"IRONCLAD","items_purchased":[],"gold_per_floor":[111,111,111,172,187,187,218,229,229,229,229,244,277,289,289,394],"floor_reached":17,"campfire_rested":1,"playtime":1152,"current_hp_per_floor":[80,64,52,52,61,61,33,42,42,47,47,52,32,42,73,24],"items_purged":[],"gold":394,"play_id":"bfef2842-97e5-4df4-acf8-7f09ba380b28","is_prod":false,"is_daily":false,"is_ascension_mode":false,"campfire_upgraded":1,"path_taken":["M","?","?","?","?","R","E","M","T","?","R","M","E","M","R","BOSS"],"build_version":"2018-02-01-PROD3","purchased_purges":0,"victory":false,"master_deck":["Strike_R","Strike_R","Strike_R","Strike_R","Strike_R+1","Defend_R","Defend_R","Defend_R","Defend_R+1","Bash","Feed+1","Thunderclap","Rupture","Shockwave","Heavy Blade","Heavy Blade","Flex","Pummel","Dark Embrace","Shrug It Off","Infernal Blade","Barricade","Hemokinesis","True Grit"],"max_hp_per_floor":[80,80,80,80,83,83,87,91,91,96,96,100,100,104,104,104],"relics":["Burning Blood","Letter Opener","Happy Flower","Shovel","Dream Catcher","Bronze Scales","Orrery"],"card_choices":[{"not_picked":["Clash","Power Through"],"picked":"Feed"},{"not_picked":["Wild Strike","Armaments"],"picked":"Thunderclap"},{"not_picked":["Double Tap","Seeing Red"],"picked":"Rupture"},{"not_picked":["Cleave","Warcry"],"picked":"Shockwave"},{"not_picked":["Pommel Strike","Dual Wield"],"picked":"Heavy Blade"},{"not_picked":["Sword Boomerang","Bludgeon"],"picked":"Heavy Blade"},{"not_picked":["Perfected Strike","Clash"],"picked":"Flex"},{"not_picked":["Evolve","Perfected Strike"],"picked":"Pummel"},{"not_picked":["Barricade","Reaper"],"picked":"Dark Embrace"},{"not_picked":["Sever Soul","Whirlwind"],"picked":"Shrug It Off"},{"not_picked":["Corruption","Anger"],"picked":"Infernal Blade"},{"not_picked":["Intimidate","Combust"],"picked":"Barricade"},{"not_picked":["Clothesline","Twin Strike"],"picked":"Hemokinesis"},{"not_picked":["Heavy Blade","Thunderclap"],"picked":"True Grit"}],"player_experience":80429,"potions_floor_usage":[13,13],"damage_taken":[{"damage":4,"enemies":"2 Louse","floor":1,"turns":4},{"damage":0,"enemies":"Small Slimes","floor":5,"turns":4},{"damage":38,"enemies":"3 Sentries","floor":7,"turns":10},{"damage":1,"enemies":"Jaw Worm","floor":8,"turns":4},{"damage":5,"enemies":"Looter","floor":12,"turns":3},{"damage":26,"enemies":"Lagavulin","floor":13,"turns":6},{"damage":0,"enemies":"Exordium Wildlife","floor":14,"turns":3},{"damage":55,"enemies":"The Guardian","floor":16,"turns":10}],"event_choices":[{"event_name":"Shining Light","player_choice":"Entered Light","floor":2,"damage_taken":0},{"event_name":"Scrap Ooze","player_choice":"success","floor":3,"damage_taken":12},{"event_name":"Golden Wing","player_choice":"Gained Gold","floor":4,"damage_taken":0},{"event_name":"Big Fish","player_choice":"Donut","floor":10,"damage_taken":0}],"boss_relics":[{"not_picked":["Runic Cube","Snecko Eye"],"picked":"Orrery"}],"potions_floor_spawned":[7,8,12],"seed_played":"-3537137024985318810","ascension_level":0,"is_trial":false}