{"gold_per_floor":[110,110,110,125,48,48,67,93,93,93,112,112,126,144,144,144],"floor_reached":16,"playtime":315,"items_purged":[],"score":204,"play_id":"d957ceec-6e00-4da3-b09d-3edc6952d039","local_time":"20190105172336","is_ascension_mode":true,"campfire_choices":[{"data":"Hyperbeam","floor":6,"key":"SMITH"},{"data":"Defragment","floor":10,"key":"SMITH"},{"data":"White Noise","floor":12,"key":"SMITH"},{"floor":15,"key":"REST"}],"neow_cost":"NONE","seed_source_timestamp":324353068610414,"circlet_count":0,"master_deck":["AscendersBane","Strike_B","Strike_B","Strike_B","Defend_B","Defend_B","Defend_B","Defend_B","Zap","Dualcast","Hyperbeam+1","Sweeping Beam","Leap","Defragment+1","White Noise+1","Glacier","Coolheaded"],"relics":["Cracked Core","Bottled Tornado","Mummified Hand"],"potions_floor_usage":[],"damage_taken":[{"damage":10,"enemies":"2 Louse","floor":1,"turns":2},{"damage":7,"enemies":"Jaw Worm","floor":4,"turns":3},{"damage":0,"enemies":"Cultist","floor":7,"turns":2},{"damage":11,"enemies":"3 Sentries","floor":8,"turns":3},{"damage":0,"enemies":"Large Slime","floor":11,"turns":4},{"damage":9,"enemies":"Red Slaver","floor":13,"turns":2},{"damage":13,"enemies":"Blue Slaver","floor":14,"turns":2},{"damage":34,"enemies":"Hexaghost","floor":16,"turns":11}],"seed_played":"-2098403748781443663","potions_obtained":[{"floor":4,"key":"FocusPotion"},{"floor":7,"key":"GamblersBrew"}],"is_trial":false,"path_per_floor":["M","?","?","M","$","R","M","E","T","R","M","R","M","M","R","B"],"character_chosen":"DEFECT","items_purchased":["Defragment"],"campfire_rested":1,"item_purchase_floors":[5],"current_hp_per_floor":[54,47,47,40,40,40,40,29,29,29,29,29,20,7,28,0],"gold":144,"neow_bonus":"ONE_RANDOM_RARE_CARD","is_prod":false,"is_daily":false,"chose_seed":false,"campfire_upgraded":3,"win_rate":0,"timestamp":1546734216,"path_taken":["M","?","?","M","$","R","?","E","T","R","M","R","M","M","R","BOSS"],"build_version":"2019-01-03v4","purchased_purges":0,"victory":false,"max_hp_per_floor":[71,71,71,71,71,71,71,71,71,71,71,71,71,71,71,71],"card_choices":[{"not_picked":["Go for the Eyes","Hologram"],"picked":"Sweeping Beam","floor":1},{"not_picked":["Turbo","Redo"],"picked":"Leap","floor":4},{"not_picked":["Barrage","Go for the Eyes","Sweeping Beam"],"picked":"SKIP","floor":7},{"not_picked":["Reprogram","Gash","Rip and Tear"],"picked":"SKIP","floor":8},{"not_picked":["Steam Power","Seek"],"picked":"White Noise","floor":11},{"not_picked":["Double Energy","Undo"],"picked":"Glacier","floor":13},{"not_picked":["Go for the Eyes","Steam"],"picked":"Coolheaded","floor":14}],"player_experience":1025019,"relics_obtained":[{"floor":8,"key":"Bottled Tornado"},{"floor":9,"key":"Mummified Hand"}],"event_choices":[{"cards_removed":["Strike_B"],"damage_healed":0,"gold_gain":0,"player_choice":"Card Removal","damage_taken":7,"max_hp_gain":0,"max_hp_loss":0,"event_name":"Golden Wing","floor":2,"gold_loss":0},{"damage_healed":0,"gold_gain":0,"player_choice":"0 cards matched","damage_taken":0,"max_hp_gain":0,"max_hp_loss":0,"event_name":"Match and Keep!","floor":3,"gold_loss":0,"cards_obtained":[]}],"is_beta":true,"boss_relics":[],"items_purged_floors":[],"is_endless":false,"potions_floor_spawned":[4,7],"killed_by":"Hexaghost","ascension_level":20}