{"gold_per_floor":[117,30,43,62,62,62,112,112,135,160,180,180,199,228,228,228],"floor_reached":16,"playtime":792,"items_purged":[],"score":220,"play_id":"0f03b7f8-0e5e-492d-b0c6-35268019e40c","local_time":"20190508181245","is_ascension_mode":true,"campfire_choices":[{"data":"Neutralize","floor":6,"key":"SMITH"},{"data":"Quick Slash","floor":8,"key":"SMITH"},{"floor":12,"key":"REST"},{"data":"Well Laid Plans","floor":15,"key":"SMITH"}],"neow_cost":"NONE","seed_source_timestamp":119465727049554,"circlet_count":0,"master_deck":["AscendersBane","Defend_G","Defend_G","Defend_G","Defend_G","Defend_G","Strike_G","Strike_G","Strike_G","Strike_G","Strike_G","Survivor","Neutralize+1","Dagger Spray","Well Laid Plans+1","Quick Slash+1","Flechettes","PiercingWail","Wraith Form v2","Acrobatics","Deflect"],"relics":["Ring of the Snake","Smiling Mask","Prayer Wheel","Ornamental Fan"],"potions_floor_usage":[14,16],"damage_taken":[{"damage":1,"enemies":"Small Slimes","floor":1,"turns":4},{"damage":3,"enemies":"2 Louse","floor":3,"turns":4},{"damage":0,"enemies":"Cultist","floor":4,"turns":4},{"damage":53,"enemies":"Gremlin Nob","floor":10,"turns":5},{"damage":0,"enemies":"Looter","floor":11,"turns":4},{"damage":1,"enemies":"3 Louse","floor":13,"turns":3},{"damage":2,"enemies":"Lagavulin","floor":14,"turns":8},{"damage":59,"enemies":"The Guardian","floor":16,"turns":15}],"seed_played":"-1864916212129492777","potions_obtained":[{"floor":10,"key":"Block Potion"},{"floor":11,"key":"PowerPotion"}],"is_trial":false,"path_per_floor":["M","$","M","M","?","R","?","R","T","E","M","R","M","E","R","B"],"character_chosen":"THE_SILENT","items_purchased":["Well Laid Plans"],"campfire_rested":1,"item_purchase_floors":[2],"current_hp_per_floor":[64,64,61,61,66,66,66,66,66,13,13,36,35,33,33,0],"gold":228,"neow_bonus":"TEN_PERCENT_HP_BONUS","is_prod":false,"is_daily":false,"chose_seed":false,"campfire_upgraded":3,"win_rate":0,"timestamp":1557364365,"path_taken":["M","$","M","M","?","R","?","R","T","E","M","R","?","E","R","BOSS"],"build_version":"2019-05-07","purchased_purges":0,"victory":false,"max_hp_per_floor":[72,72,72,72,77,77,77,77,77,77,77,77,77,77,77,77],"card_choices":[{"not_picked":["Quick Slash","Bane"],"picked":"Dagger Spray","floor":1},{"not_picked":["Infinite Blades","Acrobatics"],"picked":"Quick Slash","floor":3},{"not_picked":["Dagger Throw","Reflex"],"picked":"Flechettes","floor":4},{"not_picked":["Expertise","Flying Knee"],"picked":"PiercingWail","floor":10},{"not_picked":["Dodge and Roll","Bane"],"picked":"Wraith Form v2","floor":11},{"not_picked":["Quick Slash","Calculated Gamble"],"picked":"Acrobatics","floor":11},{"not_picked":["Tactician","Bane"],"picked":"Deflect","floor":13},{"not_picked":["Poisoned Stab","Distraction","Blade Dance"],"picked":"SKIP","floor":13},{"not_picked":["Unload","Concentrate","Dagger Spray"],"picked":"SKIP","floor":14}],"player_experience":6283602,"relics_obtained":[{"floor":9,"key":"Smiling Mask"},{"floor":10,"key":"Prayer Wheel"},{"floor":14,"key":"Ornamental Fan"}],"event_choices":[{"damage_healed":0,"gold_gain":0,"player_choice":"Donut","damage_taken":0,"max_hp_gain":5,"max_hp_loss":0,"event_name":"Big Fish","floor":5,"gold_loss":0},{"damage_healed":0,"gold_gain":50,"player_choice":"Pray","damage_taken":0,"max_hp_gain":0,"max_hp_loss":0,"event_name":"Golden Shrine","floor":7,"gold_loss":0}],"is_beta":true,"boss_relics":[],"items_purged_floors":[],"is_endless":false,"potions_floor_spawned":[10,11],"killed_by":"The Guardian","ascension_level":20}