{"path_per_floor":["M","M","?","M","M","R","M","$","T","R","M","$","?","$","R","B",null,"M","?","M","$","M","R","M","R","T"],"character_chosen":"DEFECT","items_purchased":["Ball Lightning","Loop","Finesse"],"gold_per_floor":[117,127,127,146,163,163,173,98,122,122,141,15,15,15,15,110,110,124,124,137,46,60,60,75,75,123,123],"floor_reached":27,"campfire_rested":2,"playtime":941,"current_hp_per_floor":[74,74,74,73,68,68,65,65,65,65,59,59,44,44,44,16,75,41,41,21,21,17,39,2,24,24,0],"items_purged":["Strike_B"],"gold":123,"score":215,"play_id":"4c5fd2fa-cc4e-4157-bf43-0c61a7e35b53","local_time":"20180427145054","is_prod":false,"is_daily":false,"chose_seed":false,"is_ascension_mode":true,"campfire_upgraded":3,"timestamp":1524865854,"path_taken":["M","M","?","M","?","R","M","$","T","R","M","$","?","?","R","BOSS","M","?","M","$","M","R","M","R","T","E"],"build_version":"2018-04-26v2","seed_source_timestamp":163632491303792,"purchased_purges":1,"victory":false,"master_deck":["Strike_B","Strike_B","Strike_B","Defend_B","Defend_B","Defend_B","Defend_B","Zap+1","Dualcast","Reboot","Cold Snap","Heatsinks","Leap","Sweeping Beam+1","Ball Lightning+1","Chaos+1","Ball Lightning+1","Loop+1","Echo Form+1","Cold Snap+1","Finesse","Capacitor","Allocate"],"max_hp_per_floor":[75,75,75,75,75,75,75,75,75,75,75,75,75,75,75,75,75,75,75,75,75,75,75,75,75,75,75],"relics":["Cracked Core","Pen Nib","Philosopher\u0027s Stone","Dream Catcher"],"card_choices":[{"not_picked":["Flux Capacitor","Rebound"],"picked":"Cold Snap","floor":1},{"not_picked":["Reinforced Body","Hello World"],"picked":"Heatsinks","floor":2},{"not_picked":["Auto Shields","Cold Snap"],"picked":"Leap","floor":4},{"not_picked":["Streamline","Amplify"],"picked":"Sweeping Beam","floor":5},{"not_picked":["Hologram","Leap"],"picked":"Ball Lightning","floor":7},{"not_picked":["Doom and Gloom","Capacitor"],"picked":"Chaos","floor":11},{"not_picked":["Fission","Redo"],"picked":"Echo Form","floor":16},{"not_picked":["Sweeping Beam","Beam Cell"],"picked":"Cold Snap","floor":18},{"not_picked":["Sweeping Beam","Beam Cell"],"picked":"Capacitor","floor":22},{"not_picked":["Skim","Cold Snap"],"picked":"Allocate","floor":24}],"player_experience":524742,"potions_floor_usage":[16,22,22,27],"damage_taken":[{"damage":1,"enemies":"Small Slimes","floor":1,"turns":3},{"damage":0,"enemies":"Cultist","floor":2,"turns":4},{"damage":1,"enemies":"Jaw Worm","floor":4,"turns":4},{"damage":5,"enemies":"Lots of Slimes","floor":5,"turns":5},{"damage":3,"enemies":"Exordium Thugs","floor":7,"turns":3},{"damage":6,"enemies":"Exordium Wildlife","floor":11,"turns":4},{"damage":28,"enemies":"The Guardian","floor":16,"turns":8},{"damage":34,"enemies":"3 Byrds","floor":18,"turns":3},{"damage":20,"enemies":"2 Thieves","floor":20,"turns":3},{"damage":4,"enemies":"Centurion and Healer","floor":22,"turns":5},{"damage":37,"enemies":"Snake Plant","floor":24,"turns":4},{"damage":26,"enemies":"Slavers","floor":27,"turns":1}],"event_choices":[{"event_name":"Upgrade Shrine","player_choice":"Upgraded","floor":3,"damage_taken":0},{"event_name":"Shining Light","player_choice":"Entered Light","floor":13,"damage_taken":0},{"event_name":"Accursed Blacksmith","player_choice":"Forge","floor":19,"damage_taken":0}],"boss_relics":[{"not_picked":["Pandora\u0027s Box","Tiny House"],"picked":"Philosopher\u0027s Stone"}],"potions_floor_spawned":[1,4,7,11,18],"seed_played":"-321056926565365639","killed_by":"Slavers","ascension_level":1,"is_trial":false}