{"gold_per_floor":[113,124,124,143,163,192,209,209,209,209,209,241,241,259,259,259],"floor_reached":16,"playtime":764,"items_purged":[],"score":224,"play_id":"7127fd9d-3ac0-4a85-8cee-ee4562bf5dd8","local_time":"20190318142631","is_ascension_mode":true,"campfire_choices":[{"data":"Armaments","floor":8,"key":"SMITH"},{"data":"True Grit","floor":10,"key":"SMITH"},{"data":"Flame Barrier","floor":15,"key":"SMITH"}],"neow_cost":"NONE","seed_source_timestamp":132496579342901,"circlet_count":0,"master_deck":["AscendersBane","Strike_R","Strike_R","Strike_R","Defend_R","Defend_R","Defend_R","Defend_R","Bash","Anger","Flame Barrier+1","Pommel Strike","Armaments+1","Twin Strike","True Grit+1","Offering","Shrug It Off"],"relics":["Burning Blood","Regal Pillow","Paper Frog","Omamori","FaceOfCleric"],"potions_floor_usage":[7,12,12,12],"damage_taken":[{"damage":3,"enemies":"2 Louse","floor":1,"turns":3},{"damage":1,"enemies":"Cultist","floor":2,"turns":3},{"damage":7,"enemies":"Jaw Worm","floor":4,"turns":3},{"damage":6,"enemies":"Looter","floor":5,"turns":3},{"damage":35,"enemies":"Lagavulin","floor":6,"turns":6},{"damage":13,"enemies":"Lots of Slimes","floor":7,"turns":5},{"damage":13,"enemies":"Gremlin Nob","floor":12,"turns":5},{"damage":2,"enemies":"2 Fungi Beasts","floor":14,"turns":4},{"damage":44,"enemies":"The Guardian","floor":16,"turns":14}],"seed_played":"-7928185173174150020","potions_obtained":[{"floor":5,"key":"BloodPotion"},{"floor":7,"key":"EntropicBrew"}],"is_trial":false,"path_per_floor":["M","M","?","M","M","E","M","R","T","R","?","E","?","M","R","B"],"character_chosen":"IRONCLAD","items_purchased":[],"campfire_rested":0,"item_purchase_floors":[],"current_hp_per_floor":[78,82,82,81,81,52,53,53,53,53,46,39,39,44,44,0],"gold":259,"neow_bonus":"TEN_PERCENT_HP_BONUS","is_prod":false,"is_daily":false,"chose_seed":false,"campfire_upgraded":3,"win_rate":0,"timestamp":1552933591,"path_taken":["M","M","?","?","M","E","M","R","T","R","?","E","?","M","R","BOSS"],"build_version":"2019-01-23","purchased_purges":0,"victory":false,"max_hp_per_floor":[82,82,82,82,82,82,82,82,82,82,82,82,82,83,83,83],"card_choices":[{"not_picked":["Heavy Blade","Armaments"],"picked":"Anger","floor":1},{"not_picked":["Twin Strike","True Grit"],"picked":"Flame Barrier","floor":2},{"not_picked":["Perfected Strike","Rampage"],"picked":"Pommel Strike","floor":4},{"not_picked":["Wild Strike","Infernal Blade"],"picked":"Armaments","floor":5},{"not_picked":["Heavy Blade","Havoc"],"picked":"Twin Strike","floor":6},{"not_picked":["Blood for Blood","Heavy Blade"],"picked":"True Grit","floor":7},{"not_picked":["Battle Trance","Fire Breathing"],"picked":"Offering","floor":12},{"not_picked":["Heavy Blade","Headbutt"],"picked":"Shrug It Off","floor":14}],"player_experience":1212956,"relics_obtained":[{"floor":6,"key":"Regal Pillow"},{"floor":9,"key":"Paper Frog"},{"floor":12,"key":"Omamori"}],"event_choices":[{"cards_removed":["Strike_R"],"damage_healed":0,"gold_gain":0,"player_choice":"Offered Basic","damage_taken":0,"max_hp_gain":0,"max_hp_loss":0,"event_name":"Bonfire Elementals","floor":3,"gold_loss":0},{"cards_removed":["Strike_R"],"damage_healed":0,"gold_gain":0,"player_choice":"Card Removal","damage_taken":7,"max_hp_gain":0,"max_hp_loss":0,"event_name":"Golden Wing","floor":11,"gold_loss":0},{"damage_healed":0,"gold_gain":0,"player_choice":"Trade","damage_taken":0,"relics_obtained":["FaceOfCleric"],"max_hp_gain":0,"max_hp_loss":0,"event_name":"FaceTrader","floor":13,"gold_loss":0}],"is_beta":false,"boss_relics":[],"items_purged_floors":[],"is_endless":false,"potions_floor_spawned":[5,7],"killed_by":"The Guardian","ascension_level":20}