{"path_per_floor":["M","?","M","M","M","R","E","R","T","E","M","M","R","$","R","B",null,"M","?","?","?","M"],"character_chosen":"THE_SILENT","items_purchased":["Juzu Bracelet","Footwork"],"gold_per_floor":[109,109,128,144,158,158,183,183,183,213,232,244,244,32,32,137,137,150,150,150,65,85],"floor_reached":23,"campfire_rested":0,"playtime":1917,"current_hp_per_floor":[65,65,63,63,47,53,24,30,30,22,15,10,16,16,22,21,70,35,35,19,19,15],"items_purged":[],"gold":85,"play_id":"e1d2cf1c-3189-4d26-94eb-35ef9b6ea7ca","is_prod":false,"is_daily":false,"is_ascension_mode":false,"campfire_upgraded":4,"path_taken":["M","?","M","?","M","R","E","R","T","E","M","M","R","?","R","BOSS","M","?","?","?","M","E"],"build_version":"2018-02-01-PROD3","purchased_purges":0,"victory":false,"master_deck":["Defend_G+1","Defend_G+1","Defend_G+1","Defend_G+1","Defend_G+1","Strike_G+1","Strike_G+1","Strike_G+1","Strike_G+1","Strike_G+1","Survivor","Neutralize+1","Caltrops+1","Blade Dance","Wraith Form+1","Well Laid Plans+1","Flying Knee","Sucker Punch","Footwork+1","Venomology","Quick Slash","Necronomicurse","Skewer+1"],"max_hp_per_floor":[70,70,70,70,70,70,70,70,70,70,70,70,70,70,70,70,70,70,70,70,70,70],"relics":["Eternal Feather","Dream Catcher","Sundial","Lantern","Juzu Bracelet","Black Star","Necronomicon","Ornamental Fan"],"card_choices":[{"not_picked":["Dodge and Roll","PiercingWail"],"picked":"Caltrops"},{"not_picked":["Masterful Stab","Sucker Punch"],"picked":"Blade Dance"},{"not_picked":["Poisoned Stab","Deadly Poison"],"picked":"Wraith Form"},{"not_picked":["Deadly Poison","Dodge and Roll"],"picked":"Well Laid Plans"},{"not_picked":["Well Laid Plans","PiercingWail"],"picked":"Flying Knee"},{"not_picked":["Well Laid Plans","Deflect"],"picked":"Sucker Punch"},{"not_picked":["Night Terror","Bullet Time"],"picked":"Venomology"},{"not_picked":["Deadly Poison","Sucker Punch"],"picked":"Quick Slash"},{"not_picked":["Heel Hook","Blur"],"picked":"Skewer"}],"player_experience":59405,"potions_floor_usage":[7,10,10,16,22,22,22],"damage_taken":[{"damage":5,"enemies":"2 Louse","floor":1,"turns":4},{"damage":2,"enemies":"Cultist","floor":3,"turns":4},{"damage":0,"enemies":"Jaw Worm","floor":4,"turns":4},{"damage":16,"enemies":"Lots of Slimes","floor":5,"turns":3},{"damage":29,"enemies":"Lagavulin","floor":7,"turns":8},{"damage":8,"enemies":"3 Sentries","floor":10,"turns":7},{"damage":7,"enemies":"Red Slaver","floor":11,"turns":5},{"damage":5,"enemies":"Looter","floor":12,"turns":3},{"damage":1,"enemies":"Hexaghost","floor":16,"turns":9},{"damage":35,"enemies":"Spheric Guardian","floor":18,"turns":6},{"damage":16,"enemies":"2 Thieves","floor":22,"turns":5},{"damage":19,"enemies":"Slavers","floor":23,"turns":3}],"event_choices":[{"event_name":"Living Wall","player_choice":"Grow","floor":2,"damage_taken":0},{"event_name":"Back to Basics","player_choice":"Simplicity","floor":19,"damage_taken":0},{"event_name":"Cursed Tome","player_choice":"Obtained Book","floor":20,"damage_taken":0},{"event_name":"Addict","player_choice":"Obtained Relic","floor":21,"damage_taken":0}],"boss_relics":[{"not_picked":["Question Card","Orrery"],"picked":"Black Star"}],"potions_floor_spawned":[4,5,7,11,12,22],"seed_played":"-3099402189982140700","killed_by":"Slavers","ascension_level":0,"is_trial":false}