{"gold_per_floor":[99,99,99,99,99,99,99,15,15,15,15,15,15,15,15,15,15,0,0,0,0,0],"floor_reached":22,"playtime":1183,"items_purged":[],"score":400,"play_id":"319d8ae5-68a0-4ae4-ae0f-724bc5340126","local_time":"20190505034219","is_ascension_mode":true,"campfire_choices":[{"floor":11,"key":"REST"},{"data":"Footwork","floor":13,"key":"SMITH"},{"data":"Neutralize","floor":15,"key":"SMITH"}],"neow_cost":"NONE","seed_source_timestamp":1071192123948184,"circlet_count":0,"master_deck":["AscendersBane","Defend_G","Defend_G","Defend_G","Defend_G","Defend_G","Strike_G+1","Strike_G","Strike_G+1","Strike_G","Survivor","Neutralize+1","Backstab","Poisoned Stab","Quick Slash","Backflip","Footwork+1","PiercingWail","Blur","Night Terror","Bouncing Flask"],"relics":["Ectoplasm","Mummified Hand","Boot","Gremlin Horn","Bottled Tornado","Orichalcum","Sozu"],"potions_floor_usage":[6,21],"damage_taken":[{"damage":0,"enemies":"Small Slimes","floor":1,"turns":5},{"damage":2,"enemies":"Jaw Worm","floor":3,"turns":3},{"damage":0,"enemies":"2 Louse","floor":5,"turns":3},{"damage":7,"enemies":"Lagavulin","floor":6,"turns":6},{"damage":15,"enemies":"Gremlin Nob","floor":10,"turns":4},{"damage":16,"enemies":"3 Sentries","floor":12,"turns":9},{"damage":9,"enemies":"The Guardian","floor":16,"turns":17},{"damage":0,"enemies":"2 Thieves","floor":18,"turns":5},{"damage":14,"enemies":"3 Byrds","floor":21,"turns":5},{"damage":42,"enemies":"Cultist and Chosen","floor":22,"turns":7}],"seed_played":"3091925596360992772","potions_obtained":[{"floor":1,"key":"GhostInAJar"},{"floor":10,"key":"Energy Potion"},{"floor":16,"key":"FearPotion"}],"is_trial":false,"path_per_floor":["M","?","M","T","M","E","?","$","T","E","R","E","R","?","R","B",null,"M","?","?","M","M"],"character_chosen":"THE_SILENT","items_purchased":["Footwork"],"campfire_rested":1,"item_purchase_floors":[8],"current_hp_per_floor":[59,39,37,37,37,30,30,30,30,15,34,18,18,11,11,2,50,50,50,50,36,0],"gold":0,"neow_bonus":"BOSS_RELIC","is_prod":false,"is_daily":false,"chose_seed":false,"campfire_upgraded":2,"win_rate":0,"timestamp":1557042139,"path_taken":["M","?","M","?","?","E","?","$","T","E","R","E","R","?","R","BOSS","M","?","?","M","?"],"build_version":"2019-01-23","purchased_purges":0,"victory":false,"max_hp_per_floor":[66,66,66,66,66,66,66,66,66,66,66,66,66,66,66,66,66,66,66,66,66,66],"card_choices":[{"not_picked":["Acrobatics","Escape Plan"],"picked":"Backstab","floor":1},{"not_picked":["Distraction","Accuracy"],"picked":"Poisoned Stab","floor":3},{"not_picked":["Sucker Punch","Blade Dance"],"picked":"Quick Slash","floor":5},{"not_picked":["Infinite Blades","Backstab"],"picked":"Backflip","floor":6},{"not_picked":["Heel Hook","Flying Knee"],"picked":"PiercingWail","floor":10},{"not_picked":["Deflect","Outmaneuver"],"picked":"Blur","floor":12},{"not_picked":["A Thousand Cuts","Wraith Form v2"],"picked":"Night Terror","floor":16},{"not_picked":["Flying Knee+1","Tactician+1"],"picked":"Bouncing Flask","floor":18},{"not_picked":["Accuracy","Terror+1","Dagger Spray"],"picked":"SKIP","floor":21}],"player_experience":2375607,"relics_obtained":[{"floor":4,"key":"Mummified Hand"},{"floor":6,"key":"Boot"},{"floor":9,"key":"Gremlin Horn"},{"floor":10,"key":"Bottled Tornado"},{"floor":12,"key":"Orichalcum"}],"event_choices":[{"damage_healed":0,"gold_gain":0,"player_choice":"Entered Light","damage_taken":20,"max_hp_gain":0,"max_hp_loss":0,"event_name":"Shining Light","floor":2,"gold_loss":0,"cards_upgraded":["Strike_G","Strike_G"]},{"damage_healed":0,"gold_gain":0,"player_choice":"Ignored","damage_taken":0,"max_hp_gain":0,"max_hp_loss":0,"event_name":"Liars Game","floor":7,"gold_loss":0},{"cards_removed":["Strike_G"],"damage_healed":0,"gold_gain":0,"player_choice":"Card Removal","damage_taken":7,"max_hp_gain":0,"max_hp_loss":0,"event_name":"Golden Wing","floor":14,"gold_loss":0},{"damage_healed":0,"gold_gain":0,"player_choice":"Ignored","damage_taken":0,"max_hp_gain":0,"max_hp_loss":0,"event_name":"The Mausoleum","floor":19,"gold_loss":0},{"damage_healed":0,"gold_gain":0,"player_choice":"Ignored","damage_taken":0,"max_hp_gain":0,"max_hp_loss":0,"event_name":"Beggar","floor":20,"gold_loss":0}],"is_beta":false,"boss_relics":[{"not_picked":["Philosopher\u0027s Stone","Lizard Tail"],"picked":"Sozu"}],"items_purged_floors":[],"is_endless":false,"potions_floor_spawned":[1,10,16,18,21],"killed_by":"Cultist and Chosen","ascension_level":20}