{"gold_per_floor":[115,130,142,142,142,142,166,166,166,185,185,185,213,266,278,379,391,423,435,447,734,159,159,199,199,199,238,238,252,252,299,299,299],"floor_reached":33,"playtime":1618,"items_purged":["Regret"],"score":534,"play_id":"918fc4d0-d4b5-4360-8a6c-bb99c7b6187c","local_time":"20190314024043","is_ascension_mode":true,"campfire_choices":[{"data":"Venomology","floor":6,"key":"SMITH"},{"data":"Neutralize","floor":8,"key":"SMITH"},{"data":"Noxious Fumes","floor":15,"key":"SMITH"},{"data":"After Image","floor":23,"key":"SMITH"},{"data":"Endless Agony","floor":25,"key":"SMITH"},{"data":"All Out Attack","floor":28,"key":"SMITH"},{"data":"Swift Strike","floor":32,"key":"SMITH"}],"neow_cost":"NONE","seed_source_timestamp":54739194949343,"circlet_count":0,"master_deck":["AscendersBane","Defend_G","Defend_G","Defend_G","Defend_G","Defend_G","Survivor","Neutralize+1","Venomology+1","Endless Agony+1","All Out Attack+1","Leg Sweep","Injury","Tactician","Dagger Spray+1","Noxious Fumes+1","Dodge and Roll","After Image+1","Bite","Bite","Bite","Bite","Bite","Regret","Swift Strike+1","Accuracy","Choke+1"],"relics":["Ring of the Snake","Shuriken","Golden Idol","Oddly Smooth Stone","MawBank","Happy Flower","WristBlade","PreservedInsect","Tiny Chest","OrangePellets","Anchor","The Courier","Pear","Omamori"],"potions_floor_usage":[1,3,7,10,14,16,16,16,24,29,30,30,33],"damage_taken":[{"damage":11,"enemies":"Jaw Worm","floor":1,"turns":7},{"damage":3,"enemies":"2 Louse","floor":2,"turns":3},{"damage":0,"enemies":"Small Slimes","floor":3,"turns":2},{"damage":4,"enemies":"2 Fungi Beasts","floor":7,"turns":3},{"damage":6,"enemies":"Exordium Thugs","floor":10,"turns":5},{"damage":0,"enemies":"Looter","floor":13,"turns":3},{"damage":9,"enemies":"Lagavulin","floor":14,"turns":6},{"damage":23,"enemies":"Hexaghost","floor":16,"turns":10},{"damage":19,"enemies":"Spheric Guardian","floor":18,"turns":6},{"damage":26,"enemies":"Book of Stabbing","floor":24,"turns":6},{"damage":11,"enemies":"Gremlin Leader","floor":27,"turns":5},{"damage":0,"enemies":"Shell Parasite","floor":29,"turns":4},{"damage":0,"enemies":"Cultist and Chosen","floor":30,"turns":4},{"damage":89,"enemies":"Champ","floor":33,"turns":10}],"seed_played":"-7994761291487572993","potions_obtained":[{"floor":2,"key":"Block Potion"},{"floor":10,"key":"Explosive Potion"},{"floor":27,"key":"Energy Potion"}],"is_trial":false,"path_per_floor":["M","M","M","?","?","R","M","R","T","M","?","?","M","E","R","B",null,"M","?","T","?","$","R","E","R","T","E","R","M","M","T","R","B"],"character_chosen":"THE_SILENT","items_purchased":["Tiny Chest","Swift Strike","Accuracy","OrangePellets"],"campfire_rested":0,"item_purchase_floors":[22,22,22,22],"current_hp_per_floor":[48,45,45,45,45,45,41,41,41,35,35,35,35,26,26,3,50,31,31,31,31,31,31,15,15,15,22,22,28,34,34,34,0],"gold":299,"neow_bonus":"ONE_RANDOM_RARE_CARD","is_prod":false,"is_daily":false,"chose_seed":false,"campfire_upgraded":7,"win_rate":0,"timestamp":1552545643,"path_taken":["M","M","M","?","?","R","M","R","T","M","?","?","M","E","R","BOSS","M","?","?","?","$","R","E","R","T","E","R","?","M","?","R","BOSS"],"build_version":"2019-01-23","purchased_purges":1,"victory":false,"max_hp_per_floor":[66,66,66,66,66,66,66,66,66,66,66,66,66,66,66,66,66,66,46,46,46,46,46,46,46,46,56,56,56,56,56,56,56],"card_choices":[{"not_picked":["Dagger Spray","Flying Knee"],"picked":"Endless Agony","floor":1},{"not_picked":["Slice","Dodge and Roll"],"picked":"All Out Attack","floor":2},{"not_picked":["Sucker Punch","Dagger Throw"],"picked":"Leg Sweep","floor":3},{"not_picked":["Acrobatics","Caltrops"],"picked":"Tactician","floor":7},{"not_picked":["Night Terror","Prepared"],"picked":"Dagger Spray","floor":10},{"not_picked":["Bane","Deadly Poison"],"picked":"Noxious Fumes","floor":13},{"not_picked":["Quick Slash","Outmaneuver"],"picked":"Dodge and Roll","floor":14},{"not_picked":["Corpse Explosion","Envenom"],"picked":"After Image","floor":16},{"not_picked":["Deflect","Outmaneuver","Deadly Poison"],"picked":"SKIP","floor":18},{"not_picked":["Dodge and Roll","A Thousand Cuts"],"picked":"Choke+1","floor":24},{"not_picked":["Dodge and Roll","Backflip","Quick Slash+1"],"picked":"SKIP","floor":27},{"not_picked":["Escape Plan","Sucker Punch","Dash"],"picked":"SKIP","floor":29}],"player_experience":1110054,"relics_obtained":[{"floor":9,"key":"Oddly Smooth Stone"},{"floor":14,"key":"Happy Flower"},{"floor":20,"key":"PreservedInsect"},{"floor":24,"key":"Anchor"},{"floor":26,"key":"The Courier"},{"floor":27,"key":"Pear"},{"floor":31,"key":"Omamori"}],"event_choices":[{"damage_healed":0,"gold_gain":0,"player_choice":"Box","damage_taken":0,"relics_obtained":["Shuriken"],"max_hp_gain":0,"max_hp_loss":0,"event_name":"Big Fish","floor":4,"gold_loss":0,"cards_obtained":["Regret"]},{"damage_healed":0,"gold_gain":0,"player_choice":"Take Wound","damage_taken":0,"relics_obtained":["Golden Idol"],"max_hp_gain":0,"max_hp_loss":0,"event_name":"Golden Idol","floor":5,"gold_loss":0,"cards_obtained":["Injury"]},{"damage_healed":0,"gold_gain":0,"player_choice":"Grow","damage_taken":0,"max_hp_gain":0,"max_hp_loss":0,"event_name":"Living Wall","floor":11,"gold_loss":0,"cards_upgraded":["Dagger Spray"]},{"damage_healed":0,"gold_gain":0,"player_choice":"Gave Potion","damage_taken":0,"relics_obtained":["MawBank"],"max_hp_gain":0,"max_hp_loss":0,"event_name":"WeMeetAgain","floor":12,"gold_loss":0},{"damage_healed":0,"gold_gain":0,"player_choice":"Became a vampire","damage_taken":0,"max_hp_gain":0,"max_hp_loss":20,"event_name":"Vampires","floor":19,"gold_loss":0,"cards_obtained":["Bite","Bite","Bite","Bite","Bite"]},{"damage_healed":0,"gold_gain":275,"player_choice":"Desecrate","damage_taken":0,"max_hp_gain":0,"max_hp_loss":0,"event_name":"Golden Shrine","floor":21,"gold_loss":0,"cards_obtained":["Regret"]}],"is_beta":false,"boss_relics":[{"not_picked":["Philosopher\u0027s Stone","Snecko Eye"],"picked":"WristBlade"}],"items_purged_floors":[22],"is_endless":false,"potions_floor_spawned":[2,7,10,13,27],"killed_by":"Champ","ascension_level":16}