{"path_per_floor":["M","?","$","M","M","R","E","R","T","?","E","M","$","?","R","B",null,"M","$","?","M","M","R","?","?","T","E","M","R","E","M","R","B",null,"M","M","?","$","M","E","R","?","T","M","T","M","?","M","R"],"character_chosen":"IRONCLAD","items_purchased":["Bandage Up","Body Slam","Dramatic Entrance","Inflame","Bottled Tornado"],"gold_per_floor":[110,110,12,32,51,51,79,79,130,130,159,179,38,94,94,193,193,213,131,46,62,75,75,75,75,75,100,118,118,145,155,155,259,259,276,296,296,43,62,121,121,0,0,12,12,32,32,48,48,48],"floor_reached":50,"campfire_rested":0,"playtime":1839,"current_hp_per_floor":[86,86,86,83,81,81,61,61,61,61,61,71,71,63,63,24,72,82,82,82,88,62,62,46,46,46,32,42,42,37,57,57,49,78,76,66,66,66,74,68,68,68,68,54,54,43,43,57,57,0],"items_purged":[],"gold":48,"score":857,"play_id":"422b411c-21f2-4790-ae23-e46685a1c871","local_time":"20180326161129","is_prod":false,"is_daily":false,"is_ascension_mode":true,"campfire_upgraded":8,"timestamp":1522095089,"path_taken":["M","?","$","M","M","R","E","R","T","?","E","?","?","?","R","BOSS","M","$","?","?","M","R","?","?","T","E","M","R","E","?","R","BOSS","M","?","?","$","?","E","R","?","T","M","?","M","?","?","R","BOSS"],"build_version":"2018-03-22v2","purchased_purges":1,"victory":false,"master_deck":["Strike_R","Strike_R+1","Strike_R","Strike_R+1","Defend_R","Defend_R","Defend_R","Defend_R","Bash+1","AscendersBane","Thunderclap+1","Bandage Up","Entrench+1","Ghostly Armor","Whirlwind+1","Body Slam+1","Dramatic Entrance","Whirlwind+1","Offering","Inflame+1","Inflame+1","Heavy Blade","Battle Trance","Necronomicurse","Heavy Blade+1","Uppercut","Flex+1","Offering","Inflame+1","Seeing Red","Flex+1","Berserk","Headbutt+1"],"max_hp_per_floor":[88,88,88,88,88,88,88,88,88,88,88,88,88,88,88,88,88,88,88,88,88,88,88,88,88,88,88,88,88,88,88,88,88,88,88,88,88,88,88,88,88,88,88,88,88,88,88,88,88,88],"relics":["Burning Blood","Paper Frog","Whetstone","Bottled Lightning","Gambling Chip","Philosopher\u0027s Stone","Blood Vial","Necronomicon","Ice Cream","Meat on the Bone","Gremlin Horn","Velvet Choker","Bottled Tornado","Tiny Chest","Red Mask","Charon\u0027s Ashes","Shovel"],"card_choices":[{"not_picked":["Warcry","Heavy Blade"],"picked":"Thunderclap","floor":1},{"not_picked":["Clothesline","Corruption"],"picked":"Entrench","floor":4},{"not_picked":["Armaments","Clothesline"],"picked":"Ghostly Armor","floor":5},{"not_picked":["Corruption","Anger"],"picked":"Whirlwind","floor":7},{"not_picked":["Metallicize","Clothesline"],"picked":"Whirlwind","floor":14},{"not_picked":["Brutality","Limit Break"],"picked":"Offering","floor":16},{"not_picked":["Flame Barrier","Rampage"],"picked":"Inflame","floor":18},{"not_picked":["True Grit","Metallicize"],"picked":"Heavy Blade","floor":21},{"not_picked":["Perfected Strike","Second Wind"],"picked":"Battle Trance","floor":22},{"not_picked":["Havoc","Spot Weakness"],"picked":"Heavy Blade","floor":27},{"not_picked":["Iron Wave","Cleave"],"picked":"Uppercut","floor":28},{"not_picked":["Twin Strike","Entrench"],"picked":"Flex","floor":31},{"not_picked":["Feed","Juggernaut"],"picked":"Offering","floor":33},{"not_picked":["True Grit","Flex"],"picked":"Inflame","floor":39},{"not_picked":["Rupture","Armaments"],"picked":"Seeing Red","floor":40},{"not_picked":["Flame Barrier","Body Slam"],"picked":"Flex","floor":46},{"not_picked":["Shrug It Off","Evolve"],"picked":"Headbutt","floor":48}],"player_experience":604076,"potions_floor_usage":[11,12,16,27,27,28,33,40,50,50,50],"damage_taken":[{"damage":0,"enemies":"Small Slimes","floor":1,"turns":3},{"damage":13,"enemies":"2 Louse","floor":4,"turns":3},{"damage":12,"enemies":"Jaw Worm","floor":5,"turns":2},{"damage":30,"enemies":"3 Sentries","floor":7,"turns":12},{"damage":16,"enemies":"Gremlin Nob","floor":11,"turns":3},{"damage":0,"enemies":"3 Louse","floor":12,"turns":1},{"damage":18,"enemies":"3 Sentries","floor":14,"turns":3},{"damage":49,"enemies":"Slime Boss","floor":16,"turns":10},{"damage":0,"enemies":"Spheric Guardian","floor":18,"turns":3},{"damage":4,"enemies":"Chosen","floor":21,"turns":3},{"damage":32,"enemies":"Centurion and Healer","floor":22,"turns":3},{"damage":26,"enemies":"Book of Stabbing","floor":27,"turns":2},{"damage":14,"enemies":"Snecko","floor":28,"turns":3},{"damage":29,"enemies":"Gremlin Leader","floor":30,"turns":3},{"damage":4,"enemies":"Cultist and Chosen","floor":31,"turns":2},{"damage":32,"enemies":"Champ","floor":33,"turns":5},{"damage":14,"enemies":"3 Shapes","floor":35,"turns":1},{"damage":22,"enemies":"Orb Walker","floor":36,"turns":2},{"damage":4,"enemies":"Maw","floor":39,"turns":3},{"damage":14,"enemies":"Giant Head","floor":40,"turns":3},{"damage":26,"enemies":"Sphere and 2 Shapes","floor":44,"turns":2},{"damage":35,"enemies":"4 Shapes","floor":46,"turns":2},{"damage":10,"enemies":"3 Darklings","floor":48,"turns":2},{"damage":76,"enemies":"Awakened One","floor":50,"turns":3}],"event_choices":[{"event_name":"Living Wall","player_choice":"Grow","floor":2,"damage_taken":0},{"event_name":"Upgrade Shrine","player_choice":"Upgraded","floor":10,"damage_taken":0},{"event_name":"Dead Adventurer","player_choice":"Searched \u00273\u0027 times","floor":14,"damage_taken":0},{"event_name":"Addict","player_choice":"Obtained Relic","floor":20,"damage_taken":0},{"event_name":"Cursed Tome","player_choice":"Obtained Book","floor":24,"damage_taken":0},{"event_name":"Drug Dealer","player_choice":"Ignored","floor":25,"damage_taken":0},{"event_name":"Mysterious Sphere","player_choice":"Ignore","floor":37,"damage_taken":0},{"event_name":"Tomb of Lord Red Mask","player_choice":"Paid","floor":42,"damage_taken":0},{"event_name":"Transmorgrifier","player_choice":"Transform","floor":47,"damage_taken":0}],"boss_relics":[{"not_picked":["Lizard Tail","Runic Pyramid"],"picked":"Philosopher\u0027s Stone"},{"not_picked":["Pandora\u0027s Box","Calling Bell"],"picked":"Velvet Choker"}],"potions_floor_spawned":[5,11,14,21,22,27,30,31,35,39,40,46,48],"seed_played":"-3376194989731332946","killed_by":"Awakened One","ascension_level":12,"is_trial":false}