{"gold_per_floor":[110,57,57,76,76,76,117,117,117,117,160,180,194,233,233,328,328,352,352,366,386,386,386,425,30,30,30,30,30,53,103,103,196,196,216,216,216,232,286,286,325,325,350,364,395,285,329,329,329,329,329,329,329,10,10],"floor_reached":55,"playtime":4827,"items_purged":["Sunder"],"score":2028,"play_id":"cfb9776f-78e5-42bc-947f-df302362efb7","local_time":"20190503091259","is_ascension_mode":true,"campfire_choices":[{"data":"Dualcast","floor":6.0,"key":"SMITH"},{"data":"Streamline","floor":8.0,"key":"SMITH"},{"data":"Gash","floor":10.0,"key":"SMITH"},{"floor":15.0,"key":"REST"},{"data":"Ghostly","floor":23.0,"key":"SMITH"},{"data":"Ghostly","floor":27.0,"key":"SMITH"},{"data":"Ghostly","floor":32.0,"key":"SMITH"},{"data":"Echo Form","floor":40.0,"key":"SMITH"},{"floor":42.0,"key":"RECALL"},{"floor":49.0,"key":"REST"},{"data":"Conserve Battery","floor":53,"key":"SMITH"}],"neow_cost":"NONE","seed_source_timestamp":914231589806911,"circlet_count":0,"master_deck":["AscendersBane","Strike_B","Defend_B","Defend_B","Defend_B","Defend_B","Zap+1","Dualcast+1","Cold Snap","Cold Snap","Gash+1","Streamline+1","Electrodynamics","Skim","Gash","Echo Form+1","Conserve Battery+1","Turbo","Ghostly+1","Ghostly+1","Ghostly+1","Stack+1","Genetic Algorithm","Biased Cognition","Conserve Battery","Chill","Gash+1","Steam+1","Turbo+1","Static Discharge+1","Self Repair+1","Glacier+1","Coolheaded+1"],"special_seed":0,"relics":["Cracked Core","NeowsBlessing","Golden Idol","Kunai","Emotion Chip","Blue Candle","Centennial Puzzle","Runic Pyramid","Gremlin Horn","Letter Opener","Nunchaku","Lizard Tail","Lantern","Mummified Hand","Juzu Bracelet","Toxic Egg 2"],"potions_floor_usage":[51,55,55],"damage_taken":[{"damage":0.0,"enemies":"Jaw Worm","floor":1.0,"turns":1.0},{"damage":0.0,"enemies":"Small Slimes","floor":4.0,"turns":1.0},{"damage":0.0,"enemies":"3 Sentries","floor":7.0,"turns":1.0},{"damage":6.0,"enemies":"Gremlin Nob","floor":11.0,"turns":3.0},{"damage":0.0,"enemies":"Cultist","floor":12.0,"turns":3.0},{"damage":9.0,"enemies":"Blue Slaver","floor":13.0,"turns":2.0},{"damage":17.0,"enemies":"Lagavulin","floor":14.0,"turns":6.0},{"damage":36.0,"enemies":"The Guardian","floor":16.0,"turns":10.0},{"damage":8.0,"enemies":"2 Thieves","floor":18.0,"turns":3.0},{"damage":14.0,"enemies":"Shell Parasite","floor":20.0,"turns":4.0},{"damage":18.0,"enemies":"Centurion and Healer","floor":21.0,"turns":5.0},{"damage":0.0,"enemies":"Gremlin Leader","floor":24.0,"turns":6.0},{"damage":8.0,"enemies":"Cultist and Chosen","floor":29.0,"turns":5.0},{"damage":0.0,"enemies":"Snake Plant","floor":30.0,"turns":5.0},{"damage":9.0,"enemies":"Collector","floor":33.0,"turns":10.0},{"damage":0.0,"enemies":"3 Shapes","floor":35.0,"turns":3.0},{"damage":0.0,"enemies":"3 Darklings","floor":38.0,"turns":6.0},{"damage":15.0,"enemies":"Reptomancer","floor":41.0,"turns":8.0},{"damage":0.0,"enemies":"Sphere and 2 Shapes","floor":44.0,"turns":6.0},{"damage":0.0,"enemies":"Nemesis","floor":45.0,"turns":11.0},{"damage":4.0,"enemies":"Giant Head","floor":47.0,"turns":13.0},{"damage":46.0,"enemies":"Time Eater","floor":50.0,"turns":19.0},{"damage":25,"enemies":"Awakened One","floor":51,"turns":21},{"damage":39,"enemies":"Shield and Spear","floor":55,"turns":9}],"seed_played":"-8085182120027353813","potions_obtained":[{"floor":4.0,"key":"Dexterity Potion"},{"floor":11.0,"key":"FearPotion"},{"floor":13.0,"key":"Regen Potion"},{"floor":14.0,"key":"Energy Potion"},{"floor":21.0,"key":"Ancient Potion"},{"floor":24.0,"key":"Fruit Juice"},{"floor":30.0,"key":"SpeedPotion"},{"floor":35.0,"key":"SkillPotion"},{"floor":44.0,"key":"Ancient Potion"}],"is_trial":false,"path_per_floor":["M","$","?","M","?","R","E","R","T","R","E","M","M","E","R","B",null,"M","?","M","M","?","R","E","$","T","R","$","M","M","?","R","B",null,"M","?","?","M","T","R","E","R","T","M","E","?","E","?","R","B","B",null,"R","$","E"],"character_chosen":"DEFECT","items_purchased":["Cold Snap","Genetic Algorithm","Letter Opener","FocusPotion","Glacier+1","Coolheaded+1","GamblersBrew","Dexterity Potion"],"campfire_rested":2,"item_purchase_floors":[2,25,25,25,54,54,54,54],"current_hp_per_floor":[64,64,64,64,40,40,40,40,40,40,34,34,25,23,44,8,55,47,47,33,15,15,15,15,20,20,20,20,12,12,12,12,3,31,31,31,31,31,31,31,16,16,16,16,16,16,12,12,24,40,35,39,39,39,0],"gold":10,"neow_bonus":"THREE_ENEMY_KILL","is_prod":false,"is_daily":false,"chose_seed":false,"campfire_upgraded":8,"win_rate":0,"timestamp":1556889179,"path_taken":["M","$","?","M","?","R","E","R","T","R","E","M","M","E","R","BOSS","M","?","M","?","?","R","E","$","T","R","?","M","M","?","R","BOSS","M","?","?","?","?","R","E","R","T","M","E","?","E","?","R","BOSS","BOSS","R","$","E"],"build_version":"2019-01-23","purchased_purges":1,"victory":false,"max_hp_per_floor":[71,71,71,71,71,71,71,71,71,71,71,71,71,71,71,71,71,71,71,71,71,35,35,35,40,40,40,40,40,40,40,40,40,40,40,40,40,40,40,40,40,40,40,40,40,40,40,40,40,40,40,40,40,40,40],"card_choices":[{"not_picked":["Streamline","Stack"],"picked":"Cold Snap","floor":1.0},{"not_picked":["Compile Driver","Leap"],"picked":"Gash","floor":4.0},{"not_picked":["Turbo","Steam Power"],"picked":"Streamline","floor":7.0},{"not_picked":["Hologram","FTL"],"picked":"Electrodynamics","floor":11.0},{"not_picked":["Rebound","Stack","Chaos"],"picked":"SKIP","floor":12.0},{"not_picked":["Melter","Sunder"],"picked":"Skim","floor":13.0},{"not_picked":["Coolheaded","Tempest"],"picked":"Gash","floor":14.0},{"not_picked":["Rainbow","Multi-Cast"],"picked":"Echo Form","floor":16.0},{"not_picked":["Barrage","Streamline"],"picked":"Conserve Battery","floor":18.0},{"not_picked":["Heatsinks","Static Discharge"],"picked":"Turbo","floor":20.0},{"not_picked":["Tempest","Rebound"],"picked":"Sunder","floor":21.0},{"not_picked":["Melter","Beam Cell"],"picked":"Stack+1","floor":24.0},{"not_picked":["Heatsinks","Barrage","Conserve Battery"],"picked":"SKIP","floor":29.0},{"not_picked":["Sweeping Beam","Steam","Scrape"],"picked":"SKIP","floor":30.0},{"not_picked":["Fission","Rainbow"],"picked":"Biased Cognition","floor":33.0},{"not_picked":["Lockon","Redo+1"],"picked":"Conserve Battery","floor":35.0},{"not_picked":["Undo","Rip and Tear"],"picked":"Gash","floor":38.0},{"not_picked":["Conserve Battery+1","Beam Cell"],"picked":"Steam+1","floor":41.0},{"not_picked":["Leap+1","Loop"],"picked":"Turbo+1","floor":44.0},{"not_picked":["Redo","White Noise"],"picked":"Static Discharge+1","floor":45.0},{"not_picked":["Streamline","Defragment"],"picked":"Self Repair+1","floor":47.0}],"player_experience":2289166,"relics_obtained":[{"floor":7.0,"key":"Kunai"},{"floor":9.0,"key":"Emotion Chip"},{"floor":11.0,"key":"Blue Candle"},{"floor":14.0,"key":"Centennial Puzzle"},{"floor":24.0,"key":"Gremlin Horn"},{"floor":26.0,"key":"Nunchaku"},{"floor":39.0,"key":"Lantern"},{"floor":41.0,"key":"Mummified Hand"},{"floor":45.0,"key":"Juzu Bracelet"},{"floor":47.0,"key":"Toxic Egg 2"}],"event_choices":[{"damage_healed":0.0,"max_hp_gain":0.0,"max_hp_loss":0.0,"gold_gain":0.0,"event_name":"Living Wall","player_choice":"Grow","floor":3.0,"gold_loss":0.0,"damage_taken":0.0,"cards_upgraded":["Zap"]},{"damage_healed":0.0,"max_hp_gain":0.0,"max_hp_loss":0.0,"gold_gain":0.0,"event_name":"Golden Idol","player_choice":"Take Damage","floor":5.0,"gold_loss":0.0,"damage_taken":24.0,"relics_obtained":["Golden Idol"]},{"cards_removed":["Strike_B"],"damage_healed":0.0,"max_hp_gain":0.0,"max_hp_loss":0.0,"gold_gain":0.0,"event_name":"Purifier","player_choice":"Purged","floor":19.0,"gold_loss":0.0,"damage_taken":0.0},{"damage_healed":0.0,"max_hp_gain":0.0,"max_hp_loss":36.0,"gold_gain":0.0,"event_name":"Ghosts","player_choice":"Became a Ghost","floor":22.0,"gold_loss":0.0,"damage_taken":0.0,"cards_obtained":["Ghostly","Ghostly","Ghostly"]},{"damage_healed":0.0,"max_hp_gain":0.0,"max_hp_loss":0.0,"gold_gain":50.0,"event_name":"Nest","player_choice":"Stole From Cult","floor":31.0,"gold_loss":0.0,"damage_taken":0.0},{"damage_healed":0.0,"max_hp_gain":0.0,"max_hp_loss":0.0,"gold_gain":0.0,"event_name":"SensoryStone","player_choice":"Memory 1","floor":36.0,"gold_loss":0.0,"damage_taken":0.0},{"damage_healed":0.0,"max_hp_gain":0.0,"max_hp_loss":0.0,"gold_gain":0.0,"cards_transformed":["Strike_B"],"event_name":"Transmorgrifier","player_choice":"Transformed","floor":37.0,"gold_loss":0.0,"damage_taken":0.0,"cards_obtained":["Chill"]},{"cards_removed":["Strike_B"],"damage_healed":0.0,"max_hp_gain":0.0,"max_hp_loss":0.0,"gold_gain":0.0,"event_name":"Designer","player_choice":"Upgrade and Remove","floor":46.0,"gold_loss":110.0,"damage_taken":0.0,"cards_upgraded":["Gash"]},{"damage_healed":0.0,"max_hp_gain":0.0,"max_hp_loss":0.0,"gold_gain":0.0,"event_name":"Tomb of Lord Red Mask","player_choice":"Ignored","floor":48.0,"gold_loss":0.0,"damage_taken":0.0}],"is_beta":false,"boss_relics":[{"not_picked":["Cursed Key","Snecko Eye"],"picked":"Runic Pyramid"},{"not_picked":["Orrery","Empty Cage"],"picked":"Lizard Tail"}],"items_purged_floors":[54],"is_endless":false,"potions_floor_spawned":[4,11,13,14,21,24,29,30,35,44],"killed_by":"Shield and Spear","ascension_level":20}