{"gold_per_floor":[359,13,13,13,27,27,61,76,76,76,176,176,176,199,199,327,327,348,98,113,138,161,201,201,225,249,273,273,309,28,28,28,147,147,167,500,117,133,143,143,158,188,188,207,207,217,233,28,28,28],"floor_reached":51,"playtime":4997,"items_purged":["Strike_R","Strike_R","Strike_R"],"score":744,"play_id":"a3ed4663-72f3-47e7-89d6-79e315b6d854","local_time":"20180723200213","is_ascension_mode":false,"campfire_choices":[{"data":"Bash","floor":6,"key":"SMITH"},{"data":"Inflame","floor":10,"key":"SMITH"},{"data":"Ghostly Armor","floor":12,"key":"SMITH"},{"data":"Defend_R","floor":15,"key":"SMITH"},{"data":"Disarm","floor":24,"key":"SMITH"},{"data":"Metallicize","floor":28,"key":"SMITH"},{"data":"Shockwave","floor":32,"key":"SMITH"},{"data":"Defend_R","floor":40,"key":"SMITH"},{"data":"Defend_R","floor":45,"key":"SMITH"},{"floor":49,"key":"REST"}],"neow_cost":"FIFTY_PERCENT_DAMAGE","seed_source_timestamp":554583717913716,"circlet_count":0,"master_deck":["Strike_R+1","Strike_R+1","Defend_R","Defend_R+1","Defend_R+1","Defend_R+1","Bash+1","Ghostly Armor+1","Pommel Strike+1","Ghostly Armor+1","Inflame+1","Uppercut+1","Feed+1","Sword Boomerang+1","Body Slam+1","Metallicize+1","Disarm+1","Sword Boomerang+1","Warcry","Shockwave+1","Berserk","Sword Boomerang+1","Combust"],"relics":["Burning Blood","ClockworkSouvenir","Pen Nib","Paper Frog","Molten Egg 2","Busted Crown","Bronze Scales","Meat on the Bone","Strawberry","Whetstone","Strange Spoon","Lizard Tail","Bag of Marbles","Omamori","Happy Flower"],"potions_floor_usage":[7,22,25,27,33,50,50,50],"damage_taken":[{"damage":3,"enemies":"Small Slimes","floor":1,"turns":4},{"damage":2,"enemies":"Jaw Worm","floor":5,"turns":3},{"damage":20,"enemies":"3 Sentries","floor":7,"turns":9},{"damage":2,"enemies":"2 Louse","floor":8,"turns":3},{"damage":5,"enemies":"Looter","floor":14,"turns":3},{"damage":16,"enemies":"Hexaghost","floor":16,"turns":10},{"damage":2,"enemies":"Shell Parasite","floor":18,"turns":6},{"damage":0,"enemies":"Spheric Guardian","floor":20,"turns":3},{"damage":5,"enemies":"Chosen and Byrds","floor":21,"turns":5},{"damage":0,"enemies":"Centurion and Healer","floor":22,"turns":4},{"damage":31,"enemies":"Slavers","floor":23,"turns":6},{"damage":21,"enemies":"Sentry and Sphere","floor":25,"turns":6},{"damage":0,"enemies":"Snake Plant","floor":27,"turns":2},{"damage":9,"enemies":"Book of Stabbing","floor":29,"turns":5},{"damage":38,"enemies":"Automaton","floor":33,"turns":10},{"damage":12,"enemies":"Flame Bruiser 1 Orb","floor":35,"turns":6},{"damage":7,"enemies":"3 Shapes","floor":38,"turns":9},{"damage":33,"enemies":"Sphere and 2 Shapes","floor":39,"turns":6},{"damage":12,"enemies":"4 Shapes","floor":41,"turns":4},{"damage":6,"enemies":"Nemesis","floor":42,"turns":7},{"damage":7,"enemies":"Flame Bruiser 2 Orb","floor":44,"turns":5},{"damage":1,"enemies":"Maw","floor":46,"turns":6},{"damage":3,"enemies":"Transient","floor":47,"turns":5},{"damage":37,"enemies":"Time Eater","floor":50,"turns":8}],"seed_played":"-2291232596836821199","potions_obtained":[{"floor":1,"key":"EssenceOfSteel"},{"floor":14,"key":"Block Potion"},{"floor":16,"key":"Strength Potion"},{"floor":21,"key":"Regen Potion"},{"floor":23,"key":"Weak Potion"},{"floor":38,"key":"PowerPotion"},{"floor":46,"key":"SteroidPotion"}],"is_trial":false,"path_per_floor":["M","$","?","?","M","R","E","M","T","R","?","R","?","M","R","B",null,"M","$","M","M","M","E","R","M","T","M","R","E","$","?","R","B",null,"M","?","$","M","M","R","M","E","T","M","R","M","M","$","R","B"],"character_chosen":"IRONCLAD","items_purchased":["ClockworkSouvenir","Pen Nib","Bronze Scales","Body Slam+1","Strange Spoon","Shockwave","Bag of Marbles","Strength Potion","Dexterity Potion","Sword Boomerang+1","Combust"],"campfire_rested":1,"item_purchase_floors":[2,2,19,19,30,30,37,37,37,37,48],"current_hp_per_floor":[43,43,43,27,31,31,17,21,21,21,21,21,21,22,22,12,80,84,84,84,88,92,71,71,71,78,84,84,81,81,81,81,65,107,101,101,101,108,81,81,79,79,79,78,78,83,86,86,119,88],"gold":28,"neow_bonus":"TWO_FIFTY_GOLD","is_prod":false,"is_daily":false,"chose_seed":false,"campfire_upgraded":9,"win_rate":0,"timestamp":1532390533,"path_taken":["M","$","?","?","M","R","E","M","T","R","?","R","?","M","R","BOSS","M","$","M","M","M","E","R","?","T","M","R","E","$","?","R","BOSS","M","?","$","M","M","R","M","E","T","M","R","M","M","$","R","BOSS"],"build_version":"2018-07-19v2","purchased_purges":3,"victory":true,"max_hp_per_floor":[80,80,80,80,80,80,80,80,80,80,80,80,80,80,80,80,80,84,84,84,88,92,96,96,96,103,103,103,103,103,103,103,107,107,107,107,107,115,115,115,119,119,119,119,119,119,119,119,119,119],"card_choices":[{"not_picked":["Pummel","Twin Strike"],"picked":"Ghostly Armor","floor":1},{"not_picked":["Anger","Hemokinesis"],"picked":"Pommel Strike","floor":5},{"not_picked":["Anger","Barricade"],"picked":"Ghostly Armor","floor":7},{"not_picked":["Wild Strike","Evolve"],"picked":"Inflame","floor":8},{"not_picked":["Iron Wave+1","Headbutt+1"],"picked":"Uppercut+1","floor":14},{"not_picked":["Brutality","Dark Embrace"],"picked":"Feed+1","floor":16},{"not_picked":[],"picked":"Sword Boomerang+1","floor":18},{"not_picked":["Perfected Strike+1"],"picked":"SKIP","floor":20},{"not_picked":[],"picked":"Metallicize","floor":21},{"not_picked":["Perfected Strike+1"],"picked":"SKIP","floor":22},{"not_picked":[],"picked":"Disarm","floor":23},{"not_picked":["Armaments"],"picked":"SKIP","floor":25},{"not_picked":[],"picked":"Sword Boomerang+1","floor":27},{"not_picked":[],"picked":"Warcry","floor":29},{"not_picked":[],"picked":"Berserk","floor":33},{"not_picked":["Feel No Pain+1"],"picked":"SKIP","floor":35},{"not_picked":["Pommel Strike+1"],"picked":"SKIP","floor":38},{"not_picked":["Pommel Strike+1"],"picked":"SKIP","floor":38},{"not_picked":["Armaments+1"],"picked":"SKIP","floor":39},{"not_picked":["Anger+1"],"picked":"SKIP","floor":41},{"not_picked":["Cleave+1"],"picked":"SKIP","floor":42},{"not_picked":["Iron Wave+1"],"picked":"SKIP","floor":44},{"not_picked":["Iron Wave+1"],"picked":"SKIP","floor":46},{"not_picked":["Sever Soul+1"],"picked":"SKIP","floor":47}],"player_experience":167021,"relics_obtained":[{"floor":7,"key":"Paper Frog"},{"floor":9,"key":"Molten Egg 2"},{"floor":23,"key":"Meat on the Bone"},{"floor":26,"key":"Strawberry"},{"floor":29,"key":"Whetstone"},{"floor":42,"key":"Omamori"},{"floor":43,"key":"Happy Flower"}],"event_choices":[{"event_name":"Golden Idol","player_choice":"Take Wound","floor":3,"damage_taken":0},{"event_name":"Shining Light","player_choice":"Entered Light","floor":4,"damage_taken":0},{"event_name":"Wheel of Change","player_choice":"Gold","floor":11,"damage_taken":0},{"event_name":"Fountain of Cleansing","player_choice":"Removed Curse","floor":13,"damage_taken":0},{"event_name":"Drug Dealer","player_choice":"Ignored","floor":31,"damage_taken":0},{"event_name":"The Moai Head","player_choice":"Gave Idol","floor":36,"damage_taken":0}],"is_beta":false,"boss_relics":[{"not_picked":["Runic Dome","Coffee Dripper"],"picked":"Busted Crown"},{"not_picked":["Empty Cage","Eternal Feather"],"picked":"Lizard Tail"}],"items_purged_floors":[19,37,48],"is_endless":false,"potions_floor_spawned":[1,14,16,21,22,23,38,42,44,46],"ascension_level":0}