{"gold_per_floor":[118,135,148,208,208,237,237,251,251,261,294,306,341,356,356,435,435,453,472,483,502,417,417,451,451,451,451,466,466,481,170,170,170],"floor_reached":33,"playtime":1477,"items_purged":[],"score":582,"play_id":"93007eea-3a93-46fd-87d5-aca8c035a0ea","local_time":"20190506063251","is_ascension_mode":true,"campfire_choices":[{"data":"Perfected Strike","floor":7.0,"key":"SMITH"},{"data":"Disarm","floor":15,"key":"SMITH"},{"floor":23,"key":"REST"},{"data":"Juggernaut","floor":25,"key":"SMITH"},{"data":"Immolate","floor":27,"key":"SMITH"},{"floor":32,"key":"REST"}],"neow_cost":"NONE","seed_source_timestamp":1167508985417717,"circlet_count":0,"master_deck":["AscendersBane","Strike_R","Strike_R","Strike_R","Strike_R","Strike_R","Defend_R","Defend_R","Defend_R","Defend_R","Bash","Perfected Strike+1","Clothesline","Disarm+1","Shrug It Off","Pommel Strike","Metallicize","Juggernaut+1","Pommel Strike","Immolate+1","Heavy Blade+1","Wild Strike","Corruption","Sentinel","Body Slam+1","Dark Embrace","Demon Form","Shrug It Off"],"special_seed":0,"relics":["Burning Blood","Strawberry","The Courier","Red Skull","Bottled Tornado","Self Forming Clay","Eternal Feather","Regal Pillow","Pen Nib","Bottled Lightning","Tiny Chest"],"potions_floor_usage":[14,20,21,30,33],"damage_taken":[{"damage":2.0,"enemies":"2 Louse","floor":1.0,"turns":3.0},{"damage":5.0,"enemies":"Small Slimes","floor":2.0,"turns":3.0},{"damage":4.0,"enemies":"Cultist","floor":3.0,"turns":3.0},{"damage":49.0,"enemies":"Lagavulin","floor":6.0,"turns":8.0},{"damage":3.0,"enemies":"Looter","floor":8.0,"turns":3.0},{"damage":15.0,"enemies":"Exordium Wildlife","floor":10.0,"turns":6.0},{"damage":12.0,"enemies":"3 Sentries","floor":11.0,"turns":4.0},{"damage":1.0,"enemies":"2 Fungi Beasts","floor":12.0,"turns":3.0},{"damage":29,"enemies":"Gremlin Nob","floor":13,"turns":4},{"damage":16,"enemies":"3 Louse","floor":14,"turns":6},{"damage":15,"enemies":"Hexaghost","floor":16,"turns":10},{"damage":36,"enemies":"Shell Parasite","floor":18,"turns":4},{"damage":25,"enemies":"2 Thieves","floor":19,"turns":5},{"damage":8,"enemies":"Snake Plant","floor":20,"turns":4},{"damage":18,"enemies":"Cultist and Chosen","floor":21,"turns":5},{"damage":38,"enemies":"Book of Stabbing","floor":24,"turns":5},{"damage":20,"enemies":"3 Cultists","floor":28,"turns":5},{"damage":27,"enemies":"Shelled Parasite and Fungi","floor":30,"turns":3},{"damage":81,"enemies":"Collector","floor":33,"turns":7}],"seed_played":"-1629777503122049928","potions_obtained":[{"floor":1.0,"key":"SteroidPotion"},{"floor":6.0,"key":"Fire Potion"},{"floor":8.0,"key":"Explosive Potion"},{"floor":13,"key":"Regen Potion"},{"floor":16,"key":"Dexterity Potion"},{"floor":18,"key":"EssenceOfSteel"},{"floor":24,"key":"Weak Potion"},{"floor":30,"key":"BloodPotion"}],"is_trial":false,"path_per_floor":["M","M","M","?","?","E","R","M","T","M","E","M","E","M","R","B",null,"M","M","M","M","?","R","E","R","T","R","M","T","M","$","R","B"],"character_chosen":"IRONCLAD","items_purchased":["Tiny Chest","Demon Form","Fire Potion","EssenceOfSteel","Shrug It Off"],"campfire_rested":2,"item_purchase_floors":[31,31,31,31,31],"current_hp_per_floor":[79,80,82,82,89,46,46,49,49,40,34,39,16,21,21,12,70,40,21,19,7,7,60,28,43,43,58,44,44,23,23,79,0],"gold":170,"neow_bonus":"TEN_PERCENT_HP_BONUS","is_prod":false,"is_daily":false,"chose_seed":false,"campfire_upgraded":4,"win_rate":0,"timestamp":1557138771,"path_taken":["M","M","M","?","?","E","R","M","T","M","E","M","E","M","R","BOSS","M","M","?","M","?","R","E","R","T","R","M","?","M","$","R","BOSS"],"build_version":"2019-01-23","purchased_purges":0,"victory":false,"max_hp_per_floor":[82,82,82,82,89,89,89,89,89,89,89,89,89,89,89,89,89,89,89,89,89,89,89,89,89,89,89,89,89,89,89,89,89],"card_choices":[{"not_picked":["Ghostly Armor","Warcry"],"picked":"Perfected Strike","floor":1.0},{"not_picked":["Twin Strike","Warcry"],"picked":"Clothesline","floor":2.0},{"not_picked":["Pommel Strike","Anger"],"picked":"Disarm","floor":3.0},{"not_picked":["Pommel Strike","Sever Soul"],"picked":"Shrug It Off","floor":6.0},{"not_picked":["Thunderclap","Rupture"],"picked":"Pommel Strike","floor":8.0},{"not_picked":["Warcry","Sword Boomerang"],"picked":"Metallicize","floor":10.0},{"not_picked":["Sword Boomerang","Ghostly Armor"],"picked":"Juggernaut","floor":11.0},{"not_picked":["Anger","Cleave"],"picked":"Pommel Strike","floor":12.0},{"not_picked":["Flex","Clash","Sever Soul"],"picked":"SKIP","floor":13},{"not_picked":["Combust","Clash","Flex"],"picked":"SKIP","floor":14},{"not_picked":["Feed","Offering"],"picked":"Immolate","floor":16},{"not_picked":["Anger","Havoc"],"picked":"Heavy Blade+1","floor":18},{"not_picked":["Thunderclap","Warcry"],"picked":"Wild Strike","floor":19},{"not_picked":["Rage","Entrench"],"picked":"Corruption","floor":20},{"not_picked":["Cleave","Headbutt+1"],"picked":"Sentinel","floor":21},{"not_picked":["Bloodletting","Whirlwind"],"picked":"Body Slam+1","floor":24},{"not_picked":["Twin Strike","Clothesline"],"picked":"Dark Embrace","floor":28},{"not_picked":["Headbutt","Flex","Dropkick"],"picked":"SKIP","floor":30}],"player_experience":2384523,"relics_obtained":[{"floor":6.0,"key":"The Courier"},{"floor":9.0,"key":"Red Skull"},{"floor":11.0,"key":"Bottled Tornado"},{"floor":13,"key":"Self Forming Clay"},{"floor":24,"key":"Pen Nib"},{"floor":26,"key":"Bottled Lightning"}],"event_choices":[{"damage_healed":0.0,"max_hp_gain":0.0,"max_hp_loss":0.0,"gold_gain":60.0,"event_name":"Golden Wing","player_choice":"Gained Gold","floor":4.0,"gold_loss":0.0,"damage_taken":0.0},{"damage_healed":0.0,"max_hp_gain":0.0,"max_hp_loss":0.0,"gold_gain":0.0,"event_name":"WeMeetAgain","player_choice":"Gave Potion","floor":5.0,"gold_loss":0.0,"damage_taken":0.0,"relics_obtained":["Strawberry"]},{"damage_healed":0,"gold_gain":0,"player_choice":"Obtained Relic","damage_taken":0,"relics_obtained":["Regal Pillow"],"max_hp_gain":0,"max_hp_loss":0,"event_name":"Addict","floor":22,"gold_loss":85}],"is_beta":false,"boss_relics":[{"not_picked":["Pandora\u0027s Box","Empty Cage"],"picked":"Eternal Feather"}],"items_purged_floors":[],"is_endless":false,"potions_floor_spawned":[1,6,8,13,16,18,24,30],"killed_by":"Collector","ascension_level":20}