{"gold_per_floor":[10,85,101,101,101,134,149,149,149,160,160,160,191,210,210,312,312,330,330,32,49,49,49,49,61,114,130,163,176,176,176,176,271,271,288,288,304,404,415,441,441,441,441,58,91,91,103,128,128,128,128,128,48,73,73],"floor_reached":56,"playtime":6461,"items_purged":["Dodge and Roll"],"score":1491,"play_id":"e9d98c63-572a-4a89-9e38-f4a83ab197c5","local_time":"20190423205204","is_ascension_mode":true,"campfire_choices":[{"data":"Neutralize","floor":8,"key":"SMITH"},{"data":"Night Terror","floor":11,"key":"SMITH"},{"floor":15,"key":"REST"},{"data":"Writhe","floor":23,"key":"PURGE"},{"floor":30,"key":"REST"},{"data":"Caltrops","floor":32,"key":"SMITH"},{"floor":42,"key":"RECALL"},{"data":"After Image","floor":46,"key":"SMITH"},{"floor":49,"key":"REST"},{"data":"Leg Sweep","floor":52,"key":"SMITH"}],"neow_cost":"NO_GOLD","seed_source_timestamp":0,"circlet_count":0,"master_deck":["Defend_G+1","Defend_G+1","Defend_G+1","Defend_G+1","Defend_G+1","Strike_G+1","Strike_G+1","Strike_G+1","Survivor","Neutralize+1","Flechettes+1","Night Terror+1","Backflip","Blur","Dark Shackles","Escape Plan","Backstab+1","PiercingWail","After Image","Well Laid Plans","Leg Sweep+1","Caltrops+1","After Image+1","Panache","Magnetism","Escape Plan+1","Caltrops+1","PiercingWail+1","Noxious Fumes"],"special_seed":0,"relics":["Ring of the Snake","Nunchaku","Peace Pipe","Pantograph","Singing Bowl","Sozu","Mummified Hand","Regal Pillow","Bag of Marbles","Whetstone","Busted Crown","Turnip","Dream Catcher","Ice Cream","Calipers","Blue Candle","Shuriken","Happy Flower"],"potions_floor_usage":[6,16,18],"damage_taken":[{"damage":0.0,"enemies":"Small Slimes","floor":1.0,"turns":3.0},{"damage":0.0,"enemies":"Cultist","floor":3.0,"turns":5.0},{"damage":15,"enemies":"3 Sentries","floor":6,"turns":19},{"damage":0,"enemies":"2 Louse","floor":7,"turns":3},{"damage":2,"enemies":"Large Slime","floor":10,"turns":16},{"damage":23,"enemies":"Lagavulin","floor":13,"turns":9},{"damage":0,"enemies":"Lots of Slimes","floor":14,"turns":2},{"damage":41,"enemies":"The Guardian","floor":16,"turns":21},{"damage":9,"enemies":"2 Thieves","floor":18,"turns":5},{"damage":0,"enemies":"Shell Parasite","floor":21,"turns":7},{"damage":52,"enemies":"Cultist and Chosen","floor":25,"turns":19},{"damage":0,"enemies":"Chosen and Byrds","floor":27,"turns":6},{"damage":0,"enemies":"Book of Stabbing","floor":28,"turns":8},{"damage":0,"enemies":"Centurion and Healer","floor":29,"turns":6},{"damage":41,"enemies":"Champ","floor":33,"turns":14},{"damage":6,"enemies":"3 Darklings","floor":35,"turns":6},{"damage":0,"enemies":"3 Shapes","floor":37,"turns":1},{"damage":9,"enemies":"Mind Bloom Boss Battle","floor":38,"turns":7},{"damage":0,"enemies":"Maw","floor":39,"turns":7},{"damage":17,"enemies":"Reptomancer","floor":40,"turns":8},{"damage":3,"enemies":"Nemesis","floor":45,"turns":7},{"damage":0,"enemies":"Sphere and 2 Shapes","floor":47,"turns":5},{"damage":0,"enemies":"Reptomancer","floor":48,"turns":6},{"damage":4,"enemies":"Time Eater","floor":50,"turns":11},{"damage":0,"enemies":"Shield and Spear","floor":54,"turns":9},{"damage":62,"enemies":"The Heart","floor":55,"turns":8}],"seed_played":"-224893185685432303","potions_obtained":[{"floor":1.0,"key":"SkillPotion"},{"floor":14,"key":"Energy Potion"},{"floor":16,"key":"Regen Potion"}],"is_trial":false,"path_per_floor":["M","?","M","?","?","E","M","R","T","M","R","?","E","M","R","B",null,"M","?","$","M","?","R","?","M","T","M","E","M","R","$","R","B",null,"M","?","M","?","M","E","T","R","T","$","E","R","M","E","R","B",null,"R","$","E","B",null],"character_chosen":"THE_SILENT","items_purchased":["Mummified Hand","Well Laid Plans","Calipers","Noxious Fumes"],"campfire_rested":3,"item_purchase_floors":[20,20,44,53],"current_hp_per_floor":[70,59,59,59,59,44,44,44,44,42,42,30,7,9,30,14,72,72,72,72,72,72,72,72,22,22,24,26,26,64,64,64,37,78,74,69,69,73,75,58,58,58,58,58,57,57,59,59,90,86,90,90,90,92,30],"gold":73,"neow_bonus":"TRANSFORM_TWO_CARDS","is_prod":false,"is_daily":false,"chose_seed":false,"campfire_upgraded":5,"win_rate":0,"timestamp":1556049124,"path_taken":["M","?","M","?","?","E","?","R","T","M","R","?","E","M","R","BOSS","M","?","$","?","?","R","?","M","T","M","E","M","R","$","R","BOSS","M","?","M","?","M","E","?","R","T","$","E","R","M","E","R","BOSS","R","$","E","BOSS"],"build_version":"2019-01-23","purchased_purges":1,"victory":true,"max_hp_per_floor":[70,70,70,70,70,70,70,70,70,70,70,70,70,72,72,72,72,72,72,72,72,72,72,72,74,74,76,78,78,78,78,78,78,78,80,80,80,82,84,84,84,84,84,84,86,86,88,88,90,90,90,90,90,92,92],"card_choices":[{"not_picked":["Caltrops","Acrobatics"],"picked":"Backflip","floor":1.0},{"not_picked":["Underhanded Strike","Escape Plan"],"picked":"Blur","floor":3.0},{"not_picked":["Prepared","Outmaneuver"],"picked":"Escape Plan","floor":6},{"not_picked":["Dagger Spray","Bane","Grand Finale"],"picked":"SKIP","floor":7},{"not_picked":["Poisoned Stab","Deadly Poison"],"picked":"Backstab","floor":10},{"not_picked":["Deadly Poison","Backflip"],"picked":"PiercingWail","floor":13},{"not_picked":["Distraction","Backstab","Well Laid Plans"],"picked":"Singing Bowl","floor":14},{"not_picked":["Night Terror","Phantasmal Killer"],"picked":"After Image","floor":16},{"not_picked":["Concentrate","Prepared"],"picked":"Dodge and Roll","floor":18},{"not_picked":["Prepared","Tactician"],"picked":"Leg Sweep","floor":21},{"not_picked":["Poisoned Stab","Prepared","Finisher"],"picked":"Singing Bowl","floor":25},{"not_picked":["Wraith Form v2","Finisher","Accuracy"],"picked":"Singing Bowl","floor":27},{"not_picked":["Outmaneuver","Backflip","Dagger Throw"],"picked":"Singing Bowl","floor":28},{"not_picked":["Dodge and Roll","Cloak And Dagger+1"],"picked":"Caltrops","floor":29},{"not_picked":["Die Die Die","A Thousand Cuts"],"picked":"After Image","floor":33},{"not_picked":["Sucker Punch"],"picked":"Singing Bowl","floor":35},{"not_picked":[],"picked":"Panache","floor":36},{"not_picked":[],"picked":"Magnetism","floor":36},{"not_picked":[],"picked":"Escape Plan+1","floor":37},{"not_picked":["Underhanded Strike+1"],"picked":"Singing Bowl","floor":38},{"not_picked":["Deadly Poison"],"picked":"Singing Bowl","floor":39},{"not_picked":[],"picked":"Caltrops+1","floor":40},{"not_picked":["Dash+1"],"picked":"Singing Bowl","floor":45},{"not_picked":["Catalyst+1"],"picked":"Singing Bowl","floor":47},{"not_picked":[],"picked":"PiercingWail+1","floor":48},{"not_picked":["PiercingWail"],"picked":"Singing Bowl","floor":49},{"not_picked":["Blur+1"],"picked":"Singing Bowl","floor":54}],"player_experience":187973,"relics_obtained":[{"floor":6,"key":"Nunchaku"},{"floor":9,"key":"Peace Pipe"},{"floor":13,"key":"Singing Bowl"},{"floor":26,"key":"Bag of Marbles"},{"floor":28,"key":"Whetstone"},{"floor":38,"key":"Turnip"},{"floor":40,"key":"Dream Catcher"},{"floor":43,"key":"Ice Cream"},{"floor":45,"key":"Blue Candle"},{"floor":48,"key":"Shuriken"},{"floor":54,"key":"Happy Flower"}],"event_choices":[{"damage_healed":0.0,"max_hp_gain":0.0,"max_hp_loss":0.0,"gold_gain":75.0,"event_name":"World of Goop","player_choice":"Gather Gold","floor":2.0,"gold_loss":0.0,"damage_taken":11.0},{"damage_healed":0,"gold_gain":0,"player_choice":"Ignored","damage_taken":0,"max_hp_gain":0,"max_hp_loss":0,"event_name":"Liars Game","floor":4,"gold_loss":0},{"damage_healed":0,"gold_gain":0,"player_choice":"1 cards matched","damage_taken":0,"max_hp_gain":0,"max_hp_loss":0,"event_name":"Match and Keep!","floor":5,"gold_loss":0,"cards_obtained":["Dark Shackles"]},{"damage_healed":0,"gold_gain":0,"player_choice":"Success","damage_taken":12,"relics_obtained":["Pantograph"],"max_hp_gain":0,"max_hp_loss":0,"event_name":"Scrap Ooze","floor":12,"gold_loss":0},{"damage_healed":0,"gold_gain":0,"player_choice":"Ignored","damage_taken":0,"max_hp_gain":0,"max_hp_loss":0,"event_name":"N\u0027loth","floor":19,"gold_loss":0},{"damage_healed":0,"gold_gain":0,"player_choice":"Opened","damage_taken":0,"relics_obtained":["Regal Pillow"],"max_hp_gain":0,"max_hp_loss":0,"event_name":"The Mausoleum","floor":22,"gold_loss":0,"cards_obtained":["Writhe"]},{"damage_healed":0,"gold_gain":0,"player_choice":"Simplicity","damage_taken":0,"max_hp_gain":0,"max_hp_loss":0,"event_name":"Back to Basics","floor":24,"gold_loss":0,"cards_upgraded":["Defend_G","Defend_G","Defend_G","Defend_G","Defend_G","Strike_G","Strike_G","Strike_G"]},{"damage_healed":0,"gold_gain":0,"player_choice":"Memory 2","damage_taken":5,"max_hp_gain":0,"max_hp_loss":0,"event_name":"SensoryStone","floor":36,"gold_loss":0},{"damage_healed":0,"gold_gain":0,"player_choice":"Fight","damage_taken":0,"max_hp_gain":0,"max_hp_loss":0,"event_name":"MindBloom","floor":38,"gold_loss":0}],"is_beta":false,"boss_relics":[{"not_picked":["Fusion Hammer","White Beast Statue"],"picked":"Sozu"},{"not_picked":["Runic Pyramid","Empty Cage"],"picked":"Busted Crown"}],"items_purged_floors":[44],"is_endless":false,"potions_floor_spawned":[1,14,16,25,27,28,38,39,45,48,54],"ascension_level":4}