{"path_per_floor":["M","M","?","$","M","R","?","R","T","R","E","M","?","?","R","B",null,"M","M","?","?","$","R","E","M","T","M","R","$","R","E","R"],"character_chosen":"IRONCLAD","items_purchased":["Headbutt"],"gold_per_floor":[116,134,134,59,79,79,154,154,181,181,211,228,228,228,228,307,307,321,331,331,331,207,207,238,256,308,318,318,193,193,227,227,227],"floor_reached":33,"campfire_rested":1,"playtime":1709,"current_hp_per_floor":[75,75,52,52,55,55,44,44,44,44,48,50,50,55,55,59,80,80,81,60,60,60,60,44,29,29,38,38,38,38,19,44,0],"items_purged":["Decay","Strike_R","Parasite"],"gold":227,"score":492,"play_id":"c9ef917a-df9b-4064-b366-f67cae072032","local_time":"20180414135712","is_prod":false,"is_daily":false,"chose_seed":false,"is_ascension_mode":true,"campfire_upgraded":7,"timestamp":1523728632,"path_taken":["M","M","?","$","M","R","?","R","T","R","E","M","?","?","R","BOSS","M","?","?","?","$","R","E","?","T","M","R","?","R","E","R","BOSS"],"build_version":"2018-04-12","seed_source_timestamp":144091338158579,"purchased_purges":3,"victory":false,"master_deck":["Strike_R","Strike_R+1","Strike_R","Defend_R","Defend_R","Defend_R","Defend_R+1","Bash","AscendersBane","Searing Blow+6","Shrug It Off","Battle Trance","Feel No Pain","Spot Weakness","Feed","Armaments+1","Headbutt","Infernal Blade","Seeing Red"],"max_hp_per_floor":[75,75,75,75,75,75,75,75,75,75,82,82,82,87,87,87,87,87,87,87,87,87,87,87,87,87,87,87,84,84,84,84,84],"relics":["Burning Blood","Magic Flower","Art of War","Strawberry","Cursed Key","Nilry\u0027s Codex","Bag of Preparation","Anchor","Blood Vial"],"card_choices":[{"not_picked":["Body Slam","Flex"],"picked":"Searing Blow","floor":1},{"not_picked":["Clash","Searing Blow"],"picked":"Shrug It Off","floor":2},{"not_picked":["Shockwave","Thunderclap"],"picked":"Battle Trance","floor":5},{"not_picked":["Pummel","Fire Breathing"],"picked":"Feel No Pain","floor":11},{"not_picked":["Shrug It Off","Power Through"],"picked":"Spot Weakness","floor":12},{"not_picked":["Immolate","Dark Embrace"],"picked":"Feed","floor":16},{"not_picked":["Perfected Strike","Clothesline"],"picked":"Armaments","floor":18},{"not_picked":["Immolate","Clothesline"],"picked":"Infernal Blade","floor":27},{"not_picked":["Body Slam","Anger"],"picked":"Seeing Red","floor":31}],"player_experience":860346,"potions_floor_usage":[11,19,24,31,33],"damage_taken":[{"damage":1,"enemies":"2 Louse","floor":1,"turns":3},{"damage":0,"enemies":"Small Slimes","floor":2,"turns":3},{"damage":6,"enemies":"Cultist","floor":5,"turns":3},{"damage":32,"enemies":"Lagavulin","floor":11,"turns":7},{"damage":7,"enemies":"3 Louse","floor":12,"turns":4},{"damage":5,"enemies":"The Guardian","floor":16,"turns":10},{"damage":9,"enemies":"Shell Parasite","floor":18,"turns":5},{"damage":8,"enemies":"3 Byrds","floor":19,"turns":6},{"damage":45,"enemies":"Book of Stabbing","floor":24,"turns":6},{"damage":24,"enemies":"Snake Plant","floor":25,"turns":2},{"damage":0,"enemies":"Centurion and Healer","floor":27,"turns":3},{"damage":28,"enemies":"Gremlin Leader","floor":31,"turns":10},{"damage":62,"enemies":"Automaton","floor":33,"turns":6}],"event_choices":[{"event_name":"Shining Light","player_choice":"Entered Light","floor":3,"damage_taken":0},{"event_name":"World of Goop","player_choice":"Gather Gold","floor":7,"damage_taken":0},{"event_name":"Purifier","player_choice":"One Purge","floor":13,"damage_taken":0},{"event_name":"Big Fish","player_choice":"Donut","floor":14,"damage_taken":0},{"event_name":"Cursed Tome","player_choice":"Obtained Book","floor":20,"damage_taken":0},{"event_name":"Ghosts","player_choice":"Ignored","floor":21,"damage_taken":0}],"boss_relics":[{"not_picked":["Pandora\u0027s Box","Eternal Feather"],"picked":"Cursed Key"}],"potions_floor_spawned":[1,11,18,24,25],"seed_played":"-831324080664287752","killed_by":"Automaton","ascension_level":15,"is_trial":false}