{"gold_per_floor":[112,112,130,147,160,173,191,122,122,122,122,142,154,173,173,173],"floor_reached":16,"playtime":769,"items_purged":[],"score":98,"play_id":"528b08d4-83b4-48f2-a554-38e889ab6f3b","local_time":"20190304002938","is_ascension_mode":false,"campfire_choices":[{"data":"Accuracy","floor":11,"key":"SMITH"},{"floor":15,"key":"REST"}],"neow_cost":"NONE","seed_source_timestamp":199050707202770,"circlet_count":0,"master_deck":["Defend_G","Defend_G","Defend_G","Defend_G","Defend_G","Strike_G","Strike_G","Strike_G","Strike_G","Strike_G","Survivor","Neutralize","Outmaneuver+1","Underhanded Strike","Dagger Spray","Dagger Spray","Sucker Punch","Accuracy+1","Poisoned Stab","Slice"],"relics":["Ring of the Snake","Snake Skull"],"potions_floor_usage":[6,7,16],"damage_taken":[{"damage":2,"enemies":"2 Louse","floor":1,"turns":3},{"damage":1,"enemies":"Cultist","floor":3,"turns":4},{"damage":0,"enemies":"Small Slimes","floor":4,"turns":5},{"damage":4,"enemies":"Exordium Thugs","floor":5,"turns":5},{"damage":0,"enemies":"Lots of Slimes","floor":6,"turns":2},{"damage":13,"enemies":"Gremlin Gang","floor":7,"turns":5},{"damage":13,"enemies":"Large Slime","floor":12,"turns":5},{"damage":11,"enemies":"Lots of Slimes","floor":13,"turns":3},{"damage":12,"enemies":"Looter","floor":14,"turns":4},{"damage":68,"enemies":"The Guardian","floor":16,"turns":12}],"seed_played":"-1823831176574336698","potions_obtained":[{"floor":4,"key":"Energy Potion"},{"floor":6,"key":"SkillPotion"},{"floor":13,"key":"Energy Potion"}],"is_trial":false,"path_per_floor":["M","?","M","M","M","M","M","$","T","?","R","M","M","M","R","B"],"character_chosen":"THE_SILENT","items_purchased":["Accuracy"],"campfire_rested":1,"item_purchase_floors":[8],"current_hp_per_floor":[75,75,74,74,70,70,57,57,57,57,57,44,33,21,44,0],"gold":173,"neow_bonus":"TEN_PERCENT_HP_BONUS","is_prod":false,"is_daily":false,"chose_seed":false,"campfire_upgraded":1,"win_rate":0,"timestamp":1551677378,"path_taken":["M","?","M","M","M","M","M","?","T","?","R","M","M","M","R","BOSS"],"build_version":"2019-01-23","purchased_purges":0,"victory":false,"max_hp_per_floor":[77,77,77,77,77,77,77,77,77,77,77,77,77,77,77,77],"card_choices":[{"not_picked":["Bane","Concentrate"],"picked":"Outmaneuver","floor":1},{"not_picked":["Reflex","Setup","Quick Slash"],"picked":"SKIP","floor":3},{"not_picked":["Night Terror","Quick Slash"],"picked":"Underhanded Strike","floor":4},{"not_picked":["Dodge and Roll","Acrobatics"],"picked":"Dagger Spray","floor":5},{"not_picked":["Catalyst","Poisoned Stab"],"picked":"Dagger Spray","floor":6},{"not_picked":["PiercingWail","Endless Agony"],"picked":"Sucker Punch","floor":7},{"not_picked":["Sucker Punch","Acrobatics","Endless Agony"],"picked":"SKIP","floor":12},{"not_picked":["Quick Slash","Wraith Form v2"],"picked":"Poisoned Stab","floor":13},{"not_picked":["Underhanded Strike","Acrobatics"],"picked":"Slice","floor":14}],"player_experience":627399,"relics_obtained":[{"floor":9,"key":"Snake Skull"}],"event_choices":[{"damage_healed":0,"gold_gain":0,"player_choice":"Upgraded","damage_taken":0,"max_hp_gain":0,"max_hp_loss":0,"event_name":"Upgrade Shrine","floor":2,"gold_loss":0,"cards_upgraded":["Outmaneuver"]},{"damage_healed":0,"gold_gain":0,"player_choice":"Ignored","damage_taken":0,"max_hp_gain":0,"max_hp_loss":0,"event_name":"NoteForYourself","floor":10,"gold_loss":0}],"is_beta":false,"boss_relics":[],"items_purged_floors":[],"is_endless":false,"potions_floor_spawned":[4,6,13],"killed_by":"The Guardian","ascension_level":0}