{"gold_per_floor":[118,133,133,54,54,54,73,107,161,31,41,41,41,54,54,54],"floor_reached":16,"playtime":377,"items_purged":["Strike_R"],"score":200,"play_id":"43b3f702-fead-4aa9-9728-5290b4d213f4","local_time":"20190217153815","is_ascension_mode":true,"campfire_choices":[{"data":"Bash","floor":6,"key":"SMITH"},{"data":"True Grit","floor":13,"key":"SMITH"},{"data":"Inflame","floor":15,"key":"SMITH"}],"neow_cost":"NONE","seed_source_timestamp":191086868292858,"circlet_count":0,"master_deck":["AscendersBane","Strike_R","Strike_R","Strike_R","Defend_R","Defend_R","Defend_R","Defend_R","Bash+1","Clash","Armaments","Inflame+1","Carnage","Clothesline","True Grit+1","Iron Wave","Clothesline"],"relics":["Burning Blood","Omamori","Blood Vial","PreservedInsect"],"potions_floor_usage":[8],"damage_taken":[{"damage":6,"enemies":"Cultist","floor":1,"turns":3},{"damage":7,"enemies":"Small Slimes","floor":2,"turns":4},{"damage":12,"enemies":"Jaw Worm","floor":7,"turns":3},{"damage":32,"enemies":"Gremlin Nob","floor":8,"turns":4},{"damage":18,"enemies":"Exordium Wildlife","floor":11,"turns":7},{"damage":7,"enemies":"Gremlin Gang","floor":14,"turns":6},{"damage":46,"enemies":"The Guardian","floor":16,"turns":8}],"seed_played":"-1170471672056221696","potions_obtained":[{"floor":2,"key":"Energy Potion"},{"floor":11,"key":"LiquidBronze"},{"floor":14,"key":"Dexterity Potion"}],"is_trial":false,"path_per_floor":["M","M","?","$","T","R","M","E","T","$","M","?","R","M","R","B"],"character_chosen":"IRONCLAD","items_purchased":["Inflame","True Grit"],"campfire_rested":0,"item_purchase_floors":[4,10],"current_hp_per_floor":[68,67,56,56,56,56,50,24,24,24,14,39,39,40,40,0],"gold":54,"neow_bonus":"REMOVE_CARD","is_prod":false,"is_daily":false,"chose_seed":false,"campfire_upgraded":3,"win_rate":0,"timestamp":1550443095,"path_taken":["M","?","?","?","?","R","?","E","T","$","?","?","R","M","R","BOSS"],"build_version":"2019-02-06","purchased_purges":1,"victory":false,"max_hp_per_floor":[75,75,75,75,75,75,75,75,75,75,75,75,75,75,75,75],"card_choices":[{"not_picked":["Body Slam","Combust"],"picked":"Clash","floor":1},{"not_picked":["Evolve","Pommel Strike"],"picked":"Armaments","floor":2},{"not_picked":["Sword Boomerang","Headbutt"],"picked":"Carnage","floor":7},{"not_picked":["Pommel Strike","Thunderclap"],"picked":"Clothesline","floor":8},{"not_picked":["Twin Strike","Dark Embrace"],"picked":"Iron Wave","floor":11},{"not_picked":["Clash","Warcry"],"picked":"Clothesline","floor":14}],"player_experience":1103757,"relics_obtained":[{"floor":5,"key":"Omamori"},{"floor":8,"key":"Blood Vial"},{"floor":9,"key":"PreservedInsect"}],"event_choices":[{"damage_healed":0,"gold_gain":0,"player_choice":"Damaged","damage_taken":11,"max_hp_gain":0,"max_hp_loss":0,"event_name":"Wheel of Change","floor":3,"gold_loss":0},{"damage_healed":25,"gold_gain":0,"player_choice":"Banana","damage_taken":0,"max_hp_gain":0,"max_hp_loss":0,"event_name":"Big Fish","floor":12,"gold_loss":0}],"is_beta":true,"boss_relics":[],"items_purged_floors":[10],"is_endless":false,"potions_floor_spawned":[2,11,14],"killed_by":"The Guardian","ascension_level":20}