{"gold_per_floor":[113,18,31,45,45,45,80,80,80,108,122,47,59,70,70,146,146,146,146,61,11,11,11,11,11,11,11,11,11,11,11,11,11],"floor_reached":33,"playtime":1224,"items_purged":["Strike_R"],"score":599,"play_id":"1b5ceeef-8351-4e96-8571-119a27fbbcaf","local_time":"20190324235022","is_ascension_mode":true,"campfire_choices":[{"data":"Inflame","floor":6,"key":"SMITH"},{"data":"Juggernaut","floor":8,"key":"SMITH"},{"floor":15,"key":"REST"},{"floor":24,"key":"REST"},{"floor":28,"key":"REST"},{"floor":32,"key":"RECALL"}],"neow_cost":"NONE","seed_source_timestamp":995364265166980,"circlet_count":0,"master_deck":["AscendersBane","Strike_R","Strike_R","Strike_R","Strike_R","Defend_R","Defend_R","Defend_R","Defend_R","Bash+1","Twin Strike","Inflame+1","Headbutt","Juggernaut+1","Pommel Strike+1","Shrug It Off","Shrug It Off","Offering","Evolve+1","Feel No Pain+1","Disarm+1","Armaments+1","Burning Pact+1"],"relics":["Burning Blood","Molten Egg 2","Ornamental Fan","Oddly Smooth Stone","Ectoplasm","Toxic Egg 2","Darkstone Periapt","Pocketwatch","Mummified Hand","Letter Opener"],"potions_floor_usage":[10,16,23,25,30,33],"damage_taken":[{"damage":4,"enemies":"Small Slimes","floor":1,"turns":4},{"damage":7,"enemies":"Jaw Worm","floor":3,"turns":3},{"damage":3,"enemies":"2 Louse","floor":4,"turns":2},{"damage":20,"enemies":"Lagavulin","floor":7,"turns":7},{"damage":16,"enemies":"3 Sentries","floor":10,"turns":6},{"damage":15,"enemies":"Exordium Thugs","floor":11,"turns":4},{"damage":10,"enemies":"Red Slaver","floor":13,"turns":2},{"damage":14,"enemies":"3 Louse","floor":14,"turns":4},{"damage":29,"enemies":"Slime Boss","floor":16,"turns":8},{"damage":3,"enemies":"Chosen","floor":18,"turns":4},{"damage":7,"enemies":"Spheric Guardian","floor":19,"turns":3},{"damage":25,"enemies":"Shelled Parasite and Fungi","floor":22,"turns":6},{"damage":41,"enemies":"Book of Stabbing","floor":23,"turns":5},{"damage":6,"enemies":"Gremlin Leader","floor":25,"turns":6},{"damage":18,"enemies":"Snake Plant","floor":27,"turns":6},{"damage":15,"enemies":"Book of Stabbing","floor":30,"turns":6},{"damage":0,"enemies":"Centurion and Healer","floor":31,"turns":5},{"damage":88,"enemies":"Automaton","floor":33,"turns":12}],"seed_played":"-7880531081895503260","potions_obtained":[{"floor":1,"key":"PowerPotion"},{"floor":3,"key":"Energy Potion"},{"floor":13,"key":"SneckoOil"},{"floor":16,"key":"EssenceOfSteel"},{"floor":23,"key":"AttackPotion"},{"floor":25,"key":"BloodPotion"},{"floor":27,"key":"Regen Potion"},{"floor":31,"key":"Poison Potion"}],"is_trial":false,"path_per_floor":["M","$","M","M","?","R","E","R","T","E","M","$","M","M","R","B",null,"M","M","?","?","M","E","R","E","T","M","R","$","E","M","R","B"],"character_chosen":"IRONCLAD","items_purchased":["Inflame","Headbutt"],"campfire_rested":3,"item_purchase_floors":[2,2],"current_hp_per_floor":[70,70,69,72,72,72,58,58,58,48,39,39,35,27,49,26,63,66,65,65,65,46,11,33,33,33,21,43,43,49,55,55,0],"gold":11,"neow_bonus":"UPGRADE_CARD","is_prod":false,"is_daily":false,"chose_seed":false,"campfire_upgraded":2,"win_rate":0,"timestamp":1553485822,"path_taken":["M","$","M","M","?","R","E","R","T","E","M","$","M","M","R","BOSS","M","M","?","?","?","E","R","E","T","M","R","?","E","M","R","BOSS"],"build_version":"2019-03-15","purchased_purges":1,"victory":false,"max_hp_per_floor":[75,75,75,75,75,75,75,75,75,75,75,75,75,75,75,75,75,75,75,75,75,75,75,75,75,75,75,75,75,75,75,75,75],"card_choices":[{"not_picked":["Armaments","Perfected Strike"],"picked":"Twin Strike","floor":1},{"not_picked":["Clothesline","Body Slam"],"picked":"Juggernaut","floor":3},{"not_picked":["Iron Wave","Body Slam","Rampage"],"picked":"SKIP","floor":4},{"not_picked":["Anger","Body Slam"],"picked":"Pommel Strike","floor":7},{"not_picked":["Wild Strike+1","Disarm"],"picked":"Shrug It Off","floor":10},{"not_picked":["Entrench","Intimidate"],"picked":"Shrug It Off","floor":11},{"not_picked":["Clothesline+1","Sword Boomerang+1","Flex"],"picked":"SKIP","floor":13},{"not_picked":["Havoc","Twin Strike+1","Thunderclap+1"],"picked":"SKIP","floor":14},{"not_picked":["Exhume","Brutality"],"picked":"Offering","floor":16},{"not_picked":["Headbutt+1","Anger+1","Perfected Strike+1"],"picked":"SKIP","floor":18},{"not_picked":["Heavy Blade+1","Infernal Blade","Cleave+1"],"picked":"SKIP","floor":19},{"not_picked":["Dual Wield+1","Infernal Blade+1"],"picked":"Evolve+1","floor":22},{"not_picked":["Combust","Iron Wave+1"],"picked":"Feel No Pain+1","floor":23},{"not_picked":["Searing Blow+1","True Grit+1"],"picked":"Disarm+1","floor":25},{"not_picked":["Uppercut+1","Evolve"],"picked":"Armaments+1","floor":27},{"not_picked":["Heavy Blade+1","Fire Breathing+1","Whirlwind+1"],"picked":"SKIP","floor":30},{"not_picked":["Armaments+1","Feel No Pain"],"picked":"Burning Pact+1","floor":31}],"player_experience":2281145,"relics_obtained":[{"floor":7,"key":"Molten Egg 2"},{"floor":9,"key":"Ornamental Fan"},{"floor":10,"key":"Oddly Smooth Stone"},{"floor":23,"key":"Darkstone Periapt"},{"floor":25,"key":"Pocketwatch"},{"floor":26,"key":"Mummified Hand"},{"floor":30,"key":"Letter Opener"}],"event_choices":[{"damage_healed":0,"gold_gain":0,"player_choice":"Ignored","damage_taken":0,"max_hp_gain":0,"max_hp_loss":0,"event_name":"Liars Game","floor":5,"gold_loss":0},{"damage_healed":0,"gold_gain":0,"player_choice":"Obtained Relic","damage_taken":0,"relics_obtained":["Toxic Egg 2"],"max_hp_gain":0,"max_hp_loss":0,"event_name":"Addict","floor":20,"gold_loss":85},{"damage_healed":0,"gold_gain":0,"player_choice":"Bet on Murderer","damage_taken":0,"max_hp_gain":0,"max_hp_loss":0,"event_name":"The Joust","floor":21,"gold_loss":50}],"is_beta":true,"boss_relics":[{"not_picked":["Busted Crown","Lizard Tail"],"picked":"Ectoplasm"}],"items_purged_floors":[12],"is_endless":false,"potions_floor_spawned":[1,3,7,13,16,23,25,27,31],"killed_by":"Automaton","ascension_level":15}