{"path_per_floor":["M","M","M","M","?","R","M","E","T","E","R","M","R","E","R"],"character_chosen":"IRONCLAD","items_purchased":[],"gold_per_floor":[116,132,146,159,159,159,177,211,287,322,322,342,342,375,375,375],"floor_reached":16,"campfire_rested":0,"playtime":835,"current_hp_per_floor":[61,65,71,75,75,75,53,35,35,24,24,29,29,21,21,0],"items_purged":[],"gold":375,"score":214,"play_id":"97356e3e-a38a-414b-86fe-831b5319daf7","local_time":"20180419220034","is_prod":false,"is_daily":false,"chose_seed":false,"is_ascension_mode":true,"campfire_upgraded":4,"timestamp":1524189634,"path_taken":["M","M","M","M","?","R","?","E","T","E","R","M","R","E","R","BOSS"],"build_version":"2018-04-19","seed_source_timestamp":375289925468712,"purchased_purges":0,"victory":false,"master_deck":["Strike_R","Strike_R","Strike_R","Strike_R","Strike_R","Defend_R","Defend_R","Defend_R","Bash+1","AscendersBane","Metallicize+1","Flame Barrier+1","Thunderclap","Perfected Strike+1","Twin Strike","Wild Strike","Spot Weakness+1","Twin Strike","True Grit+1"],"max_hp_per_floor":[75,75,75,75,75,75,75,75,75,75,75,75,75,75,75,75],"relics":["Burning Blood","Regal Pillow","Mummified Hand","Toxic Egg 2","Unceasing Top","Dream Catcher"],"card_choices":[{"not_picked":["Dropkick","Thunderclap"],"picked":"Metallicize","floor":1},{"not_picked":["Fire Breathing","Evolve"],"picked":"Flame Barrier","floor":2},{"not_picked":["Flex","Sever Soul"],"picked":"Thunderclap","floor":3},{"not_picked":["Headbutt","Whirlwind"],"picked":"Perfected Strike","floor":4},{"not_picked":["Blood for Blood","Whirlwind"],"picked":"Twin Strike","floor":7},{"not_picked":["Pommel Strike","Iron Wave"],"picked":"Wild Strike","floor":8},{"not_picked":["Warcry","Iron Wave"],"picked":"Spot Weakness","floor":10},{"not_picked":["Intimidate","Heavy Blade"],"picked":"Twin Strike","floor":12},{"not_picked":["Warcry","Armaments"],"picked":"True Grit","floor":14}],"player_experience":907195,"potions_floor_usage":[7,8,14,16],"damage_taken":[{"damage":13,"enemies":"Jaw Worm","floor":1,"turns":5},{"damage":2,"enemies":"Cultist","floor":2,"turns":4},{"damage":0,"enemies":"Small Slimes","floor":3,"turns":4},{"damage":1,"enemies":"3 Louse","floor":4,"turns":5},{"damage":28,"enemies":"Gremlin Gang","floor":7,"turns":5},{"damage":24,"enemies":"Lagavulin","floor":8,"turns":7},{"damage":17,"enemies":"3 Sentries","floor":10,"turns":6},{"damage":1,"enemies":"Looter","floor":12,"turns":2},{"damage":14,"enemies":"Lagavulin","floor":14,"turns":6},{"damage":26,"enemies":"Hexaghost","floor":16,"turns":9}],"event_choices":[{"event_name":"Wheel of Change","player_choice":"Card Removal","floor":5,"damage_taken":0}],"boss_relics":[],"potions_floor_spawned":[1,3,8,10,12],"seed_played":"3743985634893016548","killed_by":"Hexaghost","ascension_level":15,"is_trial":false}