{"path_per_floor":["M","?","?","$","M","R","E","M","T","M","$","?","R","M","R","B",null,"M","?","M","?","M","R","?","R","T","?","$","M","M","E","R","B",null,"M","?","M","?","M","R","M","T","T","M","M","M","?","?","R","B"],"character_chosen":"THE_SILENT","items_purchased":["Dramatic Entrance","Bottled Lightning"],"gold_per_floor":[409,409,409,230,247,247,273,288,288,298,47,47,47,66,66,161,161,181,106,125,25,42,42,42,42,42,42,42,56,66,93,93,192,192,205,205,218,218,228,228,246,272,351,365,382,393,0,0,0,0],"floor_reached":51,"campfire_rested":0,"playtime":1740,"current_hp_per_floor":[63,56,42,42,42,42,42,42,42,40,40,40,40,40,40,18,70,70,70,70,70,64,64,64,64,64,64,64,57,57,51,51,37,70,65,65,63,63,58,58,60,60,60,64,63,62,62,70,70,40],"items_purged":["Pain"],"gold":0,"score":719,"play_id":"ba96e3f2-62bc-4674-8d89-ee2ae3ada26d","local_time":"20180408013115","is_prod":false,"is_daily":false,"is_ascension_mode":false,"campfire_upgraded":8,"timestamp":1523165475,"path_taken":["M","?","?","?","M","R","E","?","T","?","$","?","R","M","R","BOSS","M","?","?","?","M","R","?","R","T","?","$","M","M","E","R","BOSS","M","?","M","?","M","R","M","?","T","M","M","?","?","?","R","BOSS"],"build_version":"2018-04-05v2","purchased_purges":1,"victory":true,"master_deck":["Defend_G+1","Defend_G+1","Defend_G+1","Defend_G+1","Defend_G+1","Strike_G+1","Strike_G+1","Strike_G+1","Strike_G+1","Survivor+1","Neutralize+1","Dramatic Entrance+1","Die Die Die+1","Malaise+1","Dagger Spray+1","Die Die Die+1","Predator","J.A.X.+1","Regret","Terror","Blur+1","Cloak And Dagger+1","Doppelganger+1","Bandage Up","Dodge and Roll+1","Infinite Blades+1","Injury","Decay","Dagger Throw+1","Skewer+1","Quick Slash+1","Writhe"],"max_hp_per_floor":[70,70,70,70,70,70,70,70,70,70,70,70,70,70,70,70,70,70,70,70,70,70,70,70,70,70,70,70,70,70,70,70,70,70,70,70,70,70,70,70,70,70,70,70,70,70,70,70,70,70],"relics":["Calling Bell","Bag of Marbles","Old Coin","War Paint","Du-Vu Doll","Bronze Scales","Anchor","Bottled Lightning","Cursed Key","Meat on the Bone","Orichalcum","Sozu","Regal Pillow","Ornamental Fan","Red Mask"],"card_choices":[{"not_picked":["Endless Agony","Backflip"],"picked":"Die Die Die","floor":5},{"not_picked":["Backflip","Cloak And Dagger"],"picked":"Malaise","floor":8},{"not_picked":["Quick Slash","Dagger Throw"],"picked":"Dagger Spray","floor":14},{"not_picked":["Unload","A Thousand Cuts"],"picked":"Die Die Die","floor":16},{"not_picked":["Choke","Flechettes"],"picked":"Predator","floor":18},{"not_picked":["Backflip","Heel Hook"],"picked":"Blur","floor":30},{"not_picked":["Flying Knee","Sucker Punch"],"picked":"Cloak And Dagger","floor":31},{"not_picked":["Storm of Steel","Corpse Explosion"],"picked":"Doppelganger","floor":33},{"not_picked":["Dramatic Entrance","Good Instincts"],"picked":"Bandage Up","floor":38},{"not_picked":["Slice","Deflect"],"picked":"Dodge and Roll","floor":39},{"not_picked":["Flying Knee","Catalyst"],"picked":"Infinite Blades","floor":41},{"not_picked":["Slice","Outmaneuver"],"picked":"Dagger Throw","floor":44},{"not_picked":["Quick Slash","PiercingWail"],"picked":"Skewer","floor":45},{"not_picked":["Underhanded Strike","Cloak And Dagger"],"picked":"Quick Slash","floor":46}],"player_experience":744497,"potions_floor_usage":[7,16,33,44,50],"damage_taken":[{"damage":7,"enemies":"Jaw Worm","floor":1,"turns":5},{"damage":0,"enemies":"2 Louse","floor":5,"turns":1},{"damage":0,"enemies":"Gremlin Nob","floor":7,"turns":2},{"damage":0,"enemies":"Small Slimes","floor":8,"turns":2},{"damage":2,"enemies":"Exordium Wildlife","floor":10,"turns":2},{"damage":0,"enemies":"Blue Slaver","floor":14,"turns":3},{"damage":22,"enemies":"Slime Boss","floor":16,"turns":8},{"damage":0,"enemies":"Chosen","floor":18,"turns":5},{"damage":0,"enemies":"Shell Parasite","floor":20,"turns":3},{"damage":6,"enemies":"Snake Plant","floor":22,"turns":3},{"damage":7,"enemies":"Centurion and Healer","floor":29,"turns":3},{"damage":0,"enemies":"Snecko","floor":30,"turns":4},{"damage":6,"enemies":"Book of Stabbing","floor":31,"turns":4},{"damage":41,"enemies":"Automaton","floor":33,"turns":8},{"damage":5,"enemies":"3 Darklings","floor":35,"turns":3},{"damage":2,"enemies":"Orb Walker","floor":37,"turns":3},{"damage":9,"enemies":"Sphere and 2 Shapes","floor":39,"turns":3},{"damage":2,"enemies":"3 Darklings","floor":41,"turns":4},{"damage":0,"enemies":"4 Shapes","floor":44,"turns":3},{"damage":5,"enemies":"Maw","floor":45,"turns":6},{"damage":1,"enemies":"Sphere and 2 Shapes","floor":46,"turns":2},{"damage":34,"enemies":"Awakened One","floor":50,"turns":9}],"event_choices":[{"event_name":"Scrap Ooze","player_choice":"success","floor":2,"damage_taken":7},{"event_name":"Shining Light","player_choice":"Entered Light","floor":3,"damage_taken":0},{"event_name":"Living Wall","player_choice":"Forget","floor":12,"damage_taken":0},{"event_name":"Beggar","player_choice":"Gave Gold","floor":19,"damage_taken":0},{"event_name":"Drug Dealer","player_choice":"Got JAXXED","floor":21,"damage_taken":0},{"event_name":"Back to Basics","player_choice":"Simplicity","floor":24,"damage_taken":0},{"event_name":"The Library","player_choice":"Read","floor":27,"damage_taken":0},{"event_name":"SensoryStone","player_choice":"Memory 1","floor":38,"damage_taken":0},{"event_name":"Tomb of Lord Red Mask","player_choice":"Paid","floor":47,"damage_taken":0},{"event_name":"Winding Halls","player_choice":"Writhe","floor":48,"damage_taken":0}],"boss_relics":[{"not_picked":["Lizard Tail","Astrolabe"],"picked":"Cursed Key"},{"not_picked":["Black Star","Runic Dome"],"picked":"Sozu"}],"potions_floor_spawned":[1,8,10,22,29,31,35,41,44,46],"seed_played":"7814435685489116332","ascension_level":0,"is_trial":false}