{"path_per_floor":["M","?","?","M","M","R","E","M","T","E","M","M","R","$","R","B",null,"M","M","?","M","?","R","E","R","T","M","E","$","M","?","R","B",null,"M","?","M","?","$","E","R","M","T","R"],"character_chosen":"IRONCLAD","items_purchased":["Shovel","Pear"],"gold_per_floor":[118,118,179,198,208,208,238,250,250,275,290,310,310,27,27,123,123,134,145,145,158,158,158,188,188,188,204,232,33,46,46,46,141,141,158,0,15,15,15,48,48,59,59,359],"floor_reached":45,"campfire_rested":1,"playtime":3236,"current_hp_per_floor":[80,80,80,80,80,80,71,71,71,61,59,51,51,51,51,24,80,64,58,56,44,44,44,11,11,11,14,8,18,10,10,29,5,66,50,50,61,61,61,45,45,17,17,17],"items_purged":["Strike_R"],"gold":359,"score":494,"play_id":"83b2db40-bf0a-446a-9f92-f7363a5bc95c","is_prod":false,"is_daily":false,"is_ascension_mode":false,"campfire_upgraded":3,"path_taken":["M","?","?","M","?","R","E","M","T","E","M","M","R","$","R","BOSS","M","M","?","M","?","R","E","R","T","M","E","?","M","?","R","BOSS","M","?","M","?","?","E","R","M","T","R","E"],"build_version":"2018-02-08-PROD1","purchased_purges":1,"victory":false,"master_deck":["Defend_R","Defend_R","Defend_R","Bash+1","Hemokinesis+1","Pommel Strike","Clash","Sentinel","Dropkick","Brutality","Inflame+1","Demon Form+1","Rage","Clash","Bite","Bite","Bite","Bite","Bite","Armaments+1","Shockwave","Limit Break","Dark Embrace","Havoc","Offering","Havoc+1","Disarm+1","Juggernaut","Evolve+1"],"max_hp_per_floor":[80,80,80,80,80,80,80,80,80,80,80,80,80,80,80,80,80,80,80,56,56,56,56,56,56,56,56,56,66,66,66,66,66,66,66,66,66,66,66,66,66,66,66,66],"relics":["Smiling Mask","Calipers","The Courier","Shovel","Magic Flower","Sozu","Nloth\u0027s Gift","Thread and Needle","Bronze Scales","Dead Branch","Charon\u0027s Ashes","Paper Frog","Pear","Mark of Pain","Red Mask","Prayer Wheel","Art of War","Old Coin"],"card_choices":[{"not_picked":["Armaments","Rage"],"picked":"Hemokinesis"},{"not_picked":["Shrug It Off","Wild Strike"],"picked":"Pommel Strike"},{"not_picked":["Headbutt","Flex"],"picked":"Clash"},{"not_picked":["Combust","Flex"],"picked":"Sentinel"},{"not_picked":["Entrench","Cleave"],"picked":"Dropkick"},{"not_picked":["Clash","Offering"],"picked":"Brutality"},{"not_picked":["Headbutt","Hemokinesis"],"picked":"Inflame"},{"not_picked":["Barricade","Juggernaut"],"picked":"Demon Form"},{"not_picked":["True Grit","Anger"],"picked":"Rage"},{"not_picked":["Shrug It Off","Sever Soul"],"picked":"Clash"},{"not_picked":["Anger","Hemokinesis"],"picked":"Armaments"},{"not_picked":["Pommel Strike","Shrug It Off"],"picked":"Shockwave"},{"not_picked":["Sever Soul","Clash"],"picked":"Limit Break"},{"not_picked":["Barricade","Shrug It Off"],"picked":"Dark Embrace"},{"not_picked":["Body Slam","Shockwave"],"picked":"Havoc"},{"not_picked":["Impervious","Juggernaut"],"picked":"Offering"},{"not_picked":["Headbutt","True Grit"],"picked":"Havoc"},{"not_picked":["Sword Boomerang","Seeing Red"],"picked":"Disarm"},{"not_picked":["Blood for Blood","Clothesline"],"picked":"Juggernaut"},{"not_picked":["Sever Soul","Headbutt"],"picked":"Evolve"}],"player_experience":193302,"potions_floor_usage":[5,8],"damage_taken":[{"damage":1,"enemies":"2 Louse","floor":1,"turns":4},{"damage":3,"enemies":"Small Slimes","floor":4,"turns":3},{"damage":5,"enemies":"Blue Slaver","floor":5,"turns":2},{"damage":15,"enemies":"Gremlin Nob","floor":7,"turns":3},{"damage":6,"enemies":"3 Louse","floor":8,"turns":2},{"damage":16,"enemies":"3 Sentries","floor":10,"turns":6},{"damage":8,"enemies":"2 Fungi Beasts","floor":11,"turns":3},{"damage":14,"enemies":"Red Slaver","floor":12,"turns":4},{"damage":36,"enemies":"The Guardian","floor":16,"turns":6},{"damage":25,"enemies":"3 Byrds","floor":18,"turns":6},{"damage":15,"enemies":"Chosen","floor":19,"turns":4},{"damage":33,"enemies":"Centurion and Healer","floor":21,"turns":5},{"damage":55,"enemies":"Book of Stabbing","floor":24,"turns":6},{"damage":6,"enemies":"Chosen and Byrds","floor":27,"turns":4},{"damage":17,"enemies":"Slavers","floor":28,"turns":4},{"damage":17,"enemies":"Snecko","floor":30,"turns":4},{"damage":60,"enemies":"Champ","floor":33,"turns":9},{"damage":27,"enemies":"3 Shapes","floor":35,"turns":3},{"damage":8,"enemies":"3 Darklings","floor":37,"turns":3},{"damage":34,"enemies":"Giant Head","floor":40,"turns":7},{"damage":42,"enemies":"4 Shapes","floor":42,"turns":4},{"damage":36,"enemies":"2 Orb Walkers","floor":45,"turns":4}],"event_choices":[{"event_name":"Living Wall","player_choice":"Grow","floor":2,"damage_taken":0},{"event_name":"Golden Wing","player_choice":"Gained Gold","floor":3,"damage_taken":0},{"event_name":"Vampires","player_choice":"Became a vampire","floor":20,"damage_taken":0},{"event_name":"N\u0027loth","player_choice":"Traded a Burning Blood","floor":22,"damage_taken":0},{"event_name":"Back to Basics","player_choice":"Elegance","floor":31,"damage_taken":0},{"event_name":"Tomb of Lord Red Mask","player_choice":"Paid","floor":36,"damage_taken":0},{"event_name":"The Lab","player_choice":"Got Potions","floor":38,"damage_taken":0}],"boss_relics":[{"not_picked":["Runic Cube","Snecko Eye"],"picked":"Sozu"},{"not_picked":["White Beast Statue","Runic Dome"],"picked":"Mark of Pain"}],"potions_floor_spawned":[1,7,12,16,18,27,30,33,37],"seed_played":"7609149417357701439","killed_by":"2 Orb Walkers","ascension_level":0,"is_trial":false}