{"path_per_floor":["M","M","$","M","?","M","R","M","T","M","E","T","R","M","R","B",null,"M","?","$","T","?","R","?","R","T","E","?","$","M","E","R"],"character_chosen":"IRONCLAD","items_purchased":["Vajra","Rage","Pantograph","Flex","Block Potion","Swift Potion"],"gold_per_floor":[213,232,43,56,56,74,74,89,89,108,171,194,194,210,210,309,309,329,329,81,161,61,61,61,61,111,138,138,35,53,85,85,85],"floor_reached":33,"campfire_rested":0,"playtime":1254,"current_hp_per_floor":[71,71,71,69,49,54,54,49,49,50,50,50,50,50,50,21,65,71,71,71,71,71,71,71,71,76,57,57,57,58,54,54,0],"items_purged":[],"gold":85,"score":467,"play_id":"6c503779-f7cc-4027-9ea1-1bc4dad45a7c","local_time":"20180328203615","is_prod":false,"is_daily":false,"is_ascension_mode":true,"campfire_upgraded":6,"timestamp":1522283775,"path_taken":["M","M","$","M","?","M","R","?","T","M","E","?","R","M","R","BOSS","M","?","$","?","?","R","?","R","T","E","?","?","M","E","R","BOSS"],"build_version":"2018-03-22v2","purchased_purges":1,"victory":false,"master_deck":["Strike_R+1","Strike_R+1","Strike_R+1","Strike_R+1","Strike_R+1","Defend_R+1","Defend_R+1","Defend_R+1","Defend_R+1","Bash","AscendersBane","Carnage+1","Shockwave+1","Rage+1","Iron Wave","Inflame+1","Pummel","Whirlwind+1","Juggernaut+1","Second Wind+1","J.A.X.","Flex","Demon Form+1"],"max_hp_per_floor":[80,80,80,80,80,80,80,80,80,80,80,80,80,80,80,80,80,80,80,80,80,80,80,80,80,80,82,82,82,84,84,84,84],"relics":["Burning Blood","Vajra","Bloody Idol","Whetstone","Tiny Chest","Art of War","Runic Dome","Matryoshka","Pantograph","The Courier","War Paint","Ancient Tea Set","Bag of Marbles","Singing Bowl","Meat on the Bone"],"card_choices":[{"not_picked":["Entrench","Havoc"],"picked":"Carnage","floor":1},{"not_picked":["Wild Strike","Burning Pact"],"picked":"Shockwave","floor":2},{"not_picked":["Clash","Exhume"],"picked":"Iron Wave","floor":4},{"not_picked":["Uppercut","Twin Strike"],"picked":"Inflame","floor":6},{"not_picked":["Wild Strike","Reckless Charge"],"picked":"Pummel","floor":8},{"not_picked":["Armaments","Wild Strike"],"picked":"Whirlwind","floor":10},{"not_picked":["Iron Wave","Flex"],"picked":"Juggernaut","floor":11},{"not_picked":["Spot Weakness","Perfected Strike"],"picked":"Second Wind","floor":18},{"not_picked":["Wild Strike","Burning Pact"],"picked":"Demon Form","floor":31}],"player_experience":617612,"potions_floor_usage":[10,11,14,16,16,27,27,31,33,33],"damage_taken":[{"damage":7,"enemies":"Small Slimes","floor":1,"turns":4},{"damage":6,"enemies":"Cultist","floor":2,"turns":4},{"damage":8,"enemies":"Jaw Worm","floor":4,"turns":3},{"damage":1,"enemies":"Exordium Wildlife","floor":6,"turns":4},{"damage":11,"enemies":"Looter","floor":8,"turns":3},{"damage":5,"enemies":"Gremlin Gang","floor":10,"turns":3},{"damage":6,"enemies":"Gremlin Nob","floor":11,"turns":3},{"damage":6,"enemies":"Exordium Thugs","floor":14,"turns":4},{"damage":35,"enemies":"Hexaghost","floor":16,"turns":9},{"damage":0,"enemies":"3 Byrds","floor":18,"turns":4},{"damage":32,"enemies":"Slavers","floor":27,"turns":3},{"damage":12,"enemies":"Spheric Guardian","floor":30,"turns":4},{"damage":15,"enemies":"Gremlin Leader","floor":31,"turns":5},{"damage":83,"enemies":"Automaton","floor":33,"turns":6}],"event_choices":[{"event_name":"Golden Idol","player_choice":"Take Damage","floor":5,"damage_taken":0},{"event_name":"The Mausoleum","player_choice":"Yes","floor":19,"damage_taken":0},{"event_name":"Drug Dealer","player_choice":"Got JAXXED","floor":22,"damage_taken":0},{"event_name":"Forgotten Altar","player_choice":"Gave Idol","floor":24,"damage_taken":0},{"event_name":"Back to Basics","player_choice":"Simplicity","floor":28,"damage_taken":0}],"boss_relics":[{"not_picked":["Question Card","Eternal Feather"],"picked":"Runic Dome"}],"potions_floor_spawned":[1,2,4,10,11,14,18,27],"seed_played":"-2679380219608198720","killed_by":"Automaton","ascension_level":13,"is_trial":false}