{"gold_per_floor":[212,5,15,29,48,48,73,73,73,73,152,152,172,201,201,278,278,291,291,291,206,217,217,252,268,268,268,281,281],"floor_reached":29,"playtime":1241,"items_purged":[],"score":531,"play_id":"185ecff1-27d9-48cd-b588-aed8df8cb432","local_time":"20190504170645","is_ascension_mode":true,"campfire_choices":[{"data":"Bash","floor":6,"key":"SMITH"},{"data":"Hemokinesis","floor":8,"key":"SMITH"},{"floor":10,"key":"REST"},{"data":"Limit Break","floor":15,"key":"SMITH"},{"floor":23,"key":"REST"}],"neow_cost":"NONE","seed_source_timestamp":1032994282822716,"circlet_count":0,"master_deck":["AscendersBane","Strike_R+1","Strike_R+1","Strike_R+1","Strike_R+1","Strike_R+1","Defend_R+1","Defend_R+1","Defend_R+1","Defend_R+1","Bash+1","Inflame+1","Evolve","Shrug It Off","Spot Weakness","Hemokinesis+1","Twin Strike","Limit Break+1","Demon Form","Shrug It Off+1","Clothesline+1","Heavy Blade","Body Slam+1"],"relics":["Burning Blood","Omamori","Potion Belt","Regal Pillow","Pear","Runic Dome","Smiling Mask","Strawberry","Mummified Hand"],"potions_floor_usage":[7,16,24,25],"damage_taken":[{"damage":7,"enemies":"Jaw Worm","floor":1,"turns":3},{"damage":15,"enemies":"Small Slimes","floor":3,"turns":4},{"damage":6,"enemies":"2 Louse","floor":4,"turns":4},{"damage":11,"enemies":"Blue Slaver","floor":5,"turns":7},{"damage":42,"enemies":"Lagavulin","floor":7,"turns":7},{"damage":6,"enemies":"Large Slime","floor":13,"turns":5},{"damage":26,"enemies":"3 Sentries","floor":14,"turns":6},{"damage":11,"enemies":"The Guardian","floor":16,"turns":10},{"damage":20,"enemies":"Spheric Guardian","floor":18,"turns":4},{"damage":37,"enemies":"Shell Parasite","floor":22,"turns":5},{"damage":22,"enemies":"Book of Stabbing","floor":24,"turns":6},{"damage":31,"enemies":"Cultist and Chosen","floor":25,"turns":7},{"damage":24,"enemies":"Snake Plant","floor":28,"turns":4},{"damage":22,"enemies":"Centurion and Healer","floor":29,"turns":4}],"seed_played":"-7360833610701267379","potions_obtained":[{"floor":1,"key":"Swift Potion"},{"floor":13,"key":"SpeedPotion"},{"floor":16,"key":"Explosive Potion"},{"floor":18,"key":"EssenceOfSteel"},{"floor":22,"key":"Poison Potion"},{"floor":24,"key":"Regen Potion"},{"floor":28,"key":"Dexterity Potion"}],"is_trial":false,"path_per_floor":["M","$","M","M","M","R","E","R","T","R","?","?","M","E","R","B",null,"M","?","?","?","M","R","E","M","T","?","M","M"],"character_chosen":"IRONCLAD","items_purchased":["Omamori","Evolve"],"campfire_rested":2,"item_purchase_floors":[2,2],"current_hp_per_floor":[67,67,58,58,53,53,17,17,17,54,54,31,31,21,21,16,68,54,71,71,71,40,80,71,61,61,34,16,0],"gold":281,"neow_bonus":"HUNDRED_GOLD","is_prod":false,"is_daily":false,"chose_seed":false,"campfire_upgraded":3,"win_rate":0,"timestamp":1557004005,"path_taken":["M","$","M","M","M","R","E","R","T","R","?","?","M","E","R","BOSS","M","?","?","?","M","R","E","M","T","?","?","M"],"build_version":"2019-01-23","purchased_purges":0,"victory":false,"max_hp_per_floor":[75,75,75,75,75,75,75,75,75,75,75,75,75,85,85,85,85,85,85,85,85,85,85,92,92,92,97,97,97],"card_choices":[{"not_picked":["Flame Barrier","Thunderclap"],"picked":"Inflame","floor":1},{"not_picked":["Armaments","Iron Wave"],"picked":"Shrug It Off","floor":3},{"not_picked":["Heavy Blade","Clash","Thunderclap"],"picked":"SKIP","floor":4},{"not_picked":["Heavy Blade","Clash","Thunderclap"],"picked":"SKIP","floor":4},{"not_picked":["Wild Strike","Impervious"],"picked":"Spot Weakness","floor":5},{"not_picked":["Fire Breathing","Seeing Red"],"picked":"Hemokinesis","floor":7},{"not_picked":["Infernal Blade","Sentinel"],"picked":"Twin Strike","floor":13},{"not_picked":["Combust","Iron Wave"],"picked":"Limit Break","floor":14},{"not_picked":["Berserk","Bludgeon"],"picked":"Demon Form","floor":16},{"not_picked":["Sword Boomerang","Cleave+1"],"picked":"Shrug It Off+1","floor":18},{"not_picked":["Shrug It Off","Thunderclap"],"picked":"Clothesline+1","floor":22},{"not_picked":["Bludgeon","Havoc"],"picked":"Heavy Blade","floor":24},{"not_picked":["Perfected Strike","Corruption"],"picked":"Body Slam+1","floor":25},{"not_picked":["Fire Breathing","Anger+1","Havoc"],"picked":"SKIP","floor":28}],"player_experience":2354942,"relics_obtained":[{"floor":7,"key":"Potion Belt"},{"floor":9,"key":"Regal Pillow"},{"floor":14,"key":"Pear"},{"floor":24,"key":"Strawberry"},{"floor":26,"key":"Mummified Hand"}],"event_choices":[{"damage_healed":0,"gold_gain":79,"player_choice":"Gained Gold","damage_taken":0,"max_hp_gain":0,"max_hp_loss":0,"event_name":"Golden Wing","floor":11,"gold_loss":0},{"damage_healed":0,"gold_gain":0,"player_choice":"Entered Light","damage_taken":23,"max_hp_gain":0,"max_hp_loss":0,"event_name":"Shining Light","floor":12,"gold_loss":0,"cards_upgraded":["Strike_R","Inflame"]},{"damage_healed":17,"gold_gain":0,"player_choice":"Heal","damage_taken":0,"max_hp_gain":0,"max_hp_loss":0,"event_name":"The Library","floor":19,"gold_loss":0},{"damage_healed":0,"gold_gain":0,"player_choice":"Simplicity","damage_taken":0,"max_hp_gain":0,"max_hp_loss":0,"event_name":"Back to Basics","floor":20,"gold_loss":0,"cards_upgraded":["Strike_R","Strike_R","Strike_R","Strike_R","Defend_R","Defend_R","Defend_R","Defend_R"]},{"damage_healed":0,"gold_gain":0,"player_choice":"Obtained Relic","damage_taken":0,"relics_obtained":["Smiling Mask"],"max_hp_gain":0,"max_hp_loss":0,"event_name":"Addict","floor":21,"gold_loss":85},{"damage_healed":0,"gold_gain":0,"player_choice":"Shed Blood","damage_taken":32,"max_hp_gain":5,"max_hp_loss":0,"event_name":"Forgotten Altar","floor":27,"gold_loss":0}],"is_beta":false,"boss_relics":[{"not_picked":["Tiny House","Pandora\u0027s Box"],"picked":"Runic Dome"}],"items_purged_floors":[],"is_endless":false,"potions_floor_spawned":[1,13,16,18,22,24,28],"killed_by":"Centurion and Healer","ascension_level":20}