{"gold_per_floor":[110,110,130,130,130,160,172,172],"floor_reached":8,"playtime":324,"items_purged":[],"score":78,"play_id":"5129d945-7607-453e-ace5-572a87e1b594","local_time":"20190313185052","is_ascension_mode":true,"campfire_choices":[],"neow_cost":"NONE","seed_source_timestamp":27841869965050,"circlet_count":0,"master_deck":["Strike_B","Strike_B","Strike_B","Strike_B","Defend_B","Defend_B","Defend_B","Defend_B","Zap","Dualcast","Gash","Hologram+1","Capacitor","Redo+1"],"relics":["Cracked Core","Blood Vial","Toxic Egg 2","Kunai"],"potions_floor_usage":[],"damage_taken":[{"damage":6,"enemies":"2 Louse","floor":1,"turns":2},{"damage":3,"enemies":"Small Slimes","floor":3,"turns":4},{"damage":42,"enemies":"Lagavulin","floor":6,"turns":8},{"damage":7,"enemies":"Jaw Worm","floor":7,"turns":2},{"damage":20,"enemies":"3 Sentries","floor":8,"turns":2}],"seed_played":"-2985080575257832171","potions_obtained":[],"is_trial":false,"path_per_floor":["M","?","M","?","?","E","M","E"],"character_chosen":"DEFECT","items_purchased":[],"campfire_rested":0,"item_purchase_floors":[],"current_hp_per_floor":[64,69,68,56,56,16,11,0],"gold":172,"neow_bonus":"RANDOM_COMMON_RELIC","is_prod":false,"is_daily":false,"chose_seed":false,"campfire_upgraded":0,"win_rate":0,"timestamp":1552517452,"path_taken":["M","?","M","?","?","E","M","E"],"build_version":"2019-01-23","purchased_purges":0,"victory":false,"max_hp_per_floor":[75,80,80,80,80,80,80,80],"card_choices":[{"not_picked":["Sweeping Beam","Go for the Eyes"],"picked":"Gash","floor":1},{"not_picked":["Leap","Beam Cell"],"picked":"Hologram","floor":3},{"not_picked":["Storm","Force Field+1"],"picked":"Capacitor","floor":6},{"not_picked":["Cold Snap","Recycle+1"],"picked":"Redo+1","floor":7}],"player_experience":1090290,"relics_obtained":[{"floor":6,"key":"Kunai"}],"event_choices":[{"damage_healed":0,"gold_gain":0,"player_choice":"Donut","damage_taken":0,"max_hp_gain":5,"max_hp_loss":0,"event_name":"Big Fish","floor":2,"gold_loss":0},{"damage_healed":0,"gold_gain":0,"player_choice":"Success","damage_taken":12,"relics_obtained":["Toxic Egg 2"],"max_hp_gain":0,"max_hp_loss":0,"event_name":"Scrap Ooze","floor":4,"gold_loss":0},{"damage_healed":0,"gold_gain":0,"player_choice":"Grow","damage_taken":0,"max_hp_gain":0,"max_hp_loss":0,"event_name":"Living Wall","floor":5,"gold_loss":0,"cards_upgraded":["Hologram"]}],"is_beta":false,"boss_relics":[],"items_purged_floors":[],"is_endless":false,"potions_floor_spawned":[],"killed_by":"3 Sentries","ascension_level":8}