{"gold_per_floor":[114,189,25,25,40,72,84,84,84,97,97,131,131,159,159,159],"floor_reached":16,"playtime":525,"items_purged":[],"score":236,"play_id":"82ac5034-a89b-42dd-9d5d-1efed20360e5","local_time":"20190416000131","is_ascension_mode":true,"campfire_choices":[{"data":"Bash","floor":8,"key":"SMITH"},{"data":"Metallicize","floor":13,"key":"SMITH"},{"data":"Berserk","floor":15,"key":"SMITH"}],"neow_cost":"NONE","seed_source_timestamp":365747022176528,"circlet_count":0,"master_deck":["AscendersBane","Strike_R","Strike_R","Strike_R","Strike_R","Defend_R","Defend_R","Defend_R","Defend_R","Bash+1","Clothesline+1","Berserk+1","Metallicize+1","Shrug It Off","Pommel Strike","Reckless Charge"],"relics":["Burning Blood","Bronze Scales","Calipers","Ornamental Fan","Juzu Bracelet","Darkstone Periapt"],"potions_floor_usage":[6,6,12],"damage_taken":[{"damage":2,"enemies":"2 Louse","floor":1,"turns":4},{"damage":4,"enemies":"Jaw Worm","floor":5,"turns":3},{"damage":25,"enemies":"3 Sentries","floor":6,"turns":6},{"damage":1,"enemies":"Cultist","floor":7,"turns":3},{"damage":4,"enemies":"3 Louse","floor":10,"turns":4},{"damage":23,"enemies":"Gremlin Nob","floor":12,"turns":4},{"damage":20,"enemies":"Lagavulin","floor":14,"turns":6},{"damage":22,"enemies":"Slime Boss","floor":16,"turns":4}],"seed_played":"-4928217015947160755","potions_obtained":[{"floor":0,"key":"Strength Potion"},{"floor":0,"key":"Weak Potion"},{"floor":1,"key":"AttackPotion"},{"floor":7,"key":"Energy Potion"},{"floor":10,"key":"LiquidBronze"}],"is_trial":false,"path_per_floor":["M","?","$","?","M","E","M","R","T","M","?","E","R","E","R","B"],"character_chosen":"IRONCLAD","items_purchased":["Bronze Scales"],"campfire_rested":0,"item_purchase_floors":[3],"current_hp_per_floor":[72,61,61,61,63,44,49,49,49,51,51,34,34,20,20,0],"gold":159,"neow_bonus":"THREE_SMALL_POTIONS","is_prod":false,"is_daily":false,"chose_seed":false,"campfire_upgraded":3,"win_rate":0,"timestamp":1555387291,"path_taken":["M","?","$","?","?","E","M","R","T","M","?","E","R","E","R","BOSS"],"build_version":"2019-01-23","purchased_purges":0,"victory":false,"max_hp_per_floor":[75,75,75,75,75,75,75,75,75,75,75,75,75,75,75,75],"card_choices":[{"not_picked":["Flex","Anger"],"picked":"Clothesline","floor":1},{"not_picked":["Sword Boomerang","Heavy Blade","Wild Strike"],"picked":"SKIP","floor":5},{"not_picked":["Double Tap","Iron Wave"],"picked":"Metallicize","floor":6},{"not_picked":["Perfected Strike","Second Wind"],"picked":"Shrug It Off","floor":7},{"not_picked":["Sever Soul","Heavy Blade"],"picked":"Pommel Strike","floor":10},{"not_picked":["Berserk","Perfected Strike"],"picked":"Reckless Charge","floor":12},{"not_picked":["Iron Wave","Sword Boomerang","Wild Strike"],"picked":"SKIP","floor":14}],"player_experience":1847353,"relics_obtained":[{"floor":6,"key":"Calipers"},{"floor":9,"key":"Ornamental Fan"},{"floor":12,"key":"Juzu Bracelet"},{"floor":14,"key":"Darkstone Periapt"}],"event_choices":[{"damage_healed":0,"gold_gain":75,"player_choice":"Gather Gold","damage_taken":11,"max_hp_gain":0,"max_hp_loss":0,"event_name":"World of Goop","floor":2,"gold_loss":0},{"damage_healed":0,"gold_gain":0,"cards_transformed":["Strike_R"],"player_choice":"Transformed","damage_taken":0,"max_hp_gain":0,"max_hp_loss":0,"event_name":"Transmorgrifier","floor":4,"gold_loss":0,"cards_obtained":["Berserk"]},{"damage_healed":0,"gold_gain":0,"player_choice":"Grow","damage_taken":0,"max_hp_gain":0,"max_hp_loss":0,"event_name":"Living Wall","floor":11,"gold_loss":0,"cards_upgraded":["Clothesline"]}],"is_beta":false,"boss_relics":[],"items_purged_floors":[],"is_endless":false,"potions_floor_spawned":[1,7,10],"killed_by":"Slime Boss","ascension_level":20}