{"path_per_floor":["M","$","?","?","$","R","E","M","T","R","M","M","?","M","R"],"character_chosen":"DEFECT","items_purchased":["Blizzard","Streamline"],"gold_per_floor":[115,37,37,37,14,14,46,62,62,62,73,85,85,98,98,98],"floor_reached":16,"campfire_rested":0,"playtime":275,"item_purchase_floors":[2,5],"current_hp_per_floor":[64,64,64,64,64,64,26,18,18,18,25,19,19,26,26,0],"items_purged":[],"gold":98,"score":165,"play_id":"7e43637a-5734-420e-a12d-b0587c88c64f","local_time":"20180613154102","is_prod":false,"is_daily":false,"chose_seed":false,"is_ascension_mode":true,"campfire_upgraded":3,"win_rate":0,"timestamp":1528929662,"campfire_choices":[{"data":"Dualcast","floor":6,"key":"SMITH"},{"data":"Redo","floor":10,"key":"SMITH"},{"data":"White Noise","floor":15,"key":"SMITH"}],"path_taken":["M","$","?","?","$","R","E","M","T","R","?","?","?","M","R","BOSS"],"build_version":"2018-06-13","seed_source_timestamp":281037260784848,"purchased_purges":0,"victory":false,"master_deck":["Strike_B","Strike_B","Strike_B","Strike_B","Defend_B","Defend_B","Defend_B","Defend_B","Zap+1","Dualcast+1","AscendersBane","Reboot","Coolheaded","Blizzard","Streamline","Self Repair","Redo+1","Cold Snap","White Noise+1"],"max_hp_per_floor":[68,68,68,68,68,68,68,68,68,68,68,68,68,68,68,68],"special_seed":0,"relics":["Cracked Core","Darkstone Periapt","Frozen Egg 2"],"card_choices":[{"not_picked":["Meteor Strike","Machine Learning"],"picked":"Reboot","floor":0},{"not_picked":["Skim","Steam"],"picked":"Coolheaded","floor":1},{"not_picked":["Compile Driver","Genetic Algorithm"],"picked":"Self Repair","floor":7},{"not_picked":["Hologram","Beam Cell"],"picked":"Redo","floor":8},{"not_picked":["Darkness","Rip and Tear"],"picked":"Cold Snap","floor":11},{"not_picked":["Consume","Chill"],"picked":"White Noise","floor":12},{"not_picked":["Gash","Recycle","Beam Cell"],"picked":"SKIP","floor":14}],"player_experience":650293,"potions_floor_usage":[16,16],"damage_taken":[{"damage":4,"enemies":"2 Louse","floor":1,"turns":2},{"damage":38,"enemies":"Gremlin Nob","floor":7,"turns":4},{"damage":8,"enemies":"Small Slimes","floor":8,"turns":3},{"damage":0,"enemies":"Cultist","floor":11,"turns":3},{"damage":13,"enemies":"3 Louse","floor":12,"turns":4},{"damage":0,"enemies":"Large Slime","floor":14,"turns":5},{"damage":29,"enemies":"Slime Boss","floor":16,"turns":3}],"relics_obtained":[{"floor":7,"key":"Darkstone Periapt"},{"floor":9,"key":"Frozen Egg 2"}],"event_choices":[{"event_name":"Living Wall","player_choice":"Grow","floor":3,"damage_taken":0},{"event_name":"The Cleric","player_choice":"Leave","floor":4,"damage_taken":0},{"event_name":"Shining Light","player_choice":"Ignored","floor":13,"damage_taken":0}],"boss_relics":[],"items_purged_floors":[],"potions_floor_spawned":[7,12,14],"seed_played":"-2960795602829200325","killed_by":"Slime Boss","ascension_level":13,"potions_obtained":[{"floor":7,"key":"SteroidPotion"},{"floor":12,"key":"LiquidBronze"}],"is_trial":false}