{"gold_per_floor":[118,98,112,127,29,29,62,62,85,85,99,99,23,23,23,23],"floor_reached":16,"playtime":505,"items_purged":[],"score":196,"play_id":"d811876a-a274-4c0f-837a-6a9d1aa78f88","local_time":"20190223161631","is_ascension_mode":true,"campfire_choices":[{"data":"Bash","floor":6,"key":"SMITH"},{"data":"True Grit","floor":12,"key":"SMITH"},{"data":"True Grit","floor":15,"key":"SMITH"}],"neow_cost":"NONE","seed_source_timestamp":457429656214738,"circlet_count":0,"master_deck":["AscendersBane","Strike_R","Strike_R","Strike_R","Strike_R","Strike_R","Defend_R","Defend_R","Defend_R","Defend_R","Bash+1","True Grit+1","Feel No Pain","Havoc","Battle Trance","Shrug It Off","True Grit+1","Immolate"],"relics":["Burning Blood","Anchor","Lantern","Blood Vial","Orichalcum","Golden Idol"],"potions_floor_usage":[16,16],"damage_taken":[{"damage":2,"enemies":"Small Slimes","floor":1,"turns":4},{"damage":15,"enemies":"Cultist","floor":3,"turns":5},{"damage":1,"enemies":"2 Louse","floor":4,"turns":5},{"damage":9,"enemies":"3 Sentries","floor":7,"turns":20},{"damage":9,"enemies":"Large Slime","floor":11,"turns":6},{"damage":41,"enemies":"Hexaghost","floor":16,"turns":10}],"seed_played":"-7903288996787786345","potions_obtained":[{"floor":2,"key":"LiquidBronze"},{"floor":3,"key":"Swift Potion"}],"is_trial":false,"path_per_floor":["M","?","M","M","$","R","E","?","T","?","M","R","$","?","R","B"],"character_chosen":"IRONCLAD","items_purchased":["Battle Trance","Shrug It Off","Immolate"],"campfire_rested":0,"item_purchase_floors":[5,5,13],"current_hp_per_floor":[72,72,63,68,68,68,65,65,65,39,38,38,38,38,38,0],"gold":23,"neow_bonus":"RANDOM_COMMON_RELIC","is_prod":false,"is_daily":false,"chose_seed":false,"campfire_upgraded":3,"win_rate":0,"timestamp":1550963791,"path_taken":["M","?","M","?","$","R","E","?","T","?","M","R","$","?","R","BOSS"],"build_version":"2019-02-06","purchased_purges":0,"victory":false,"max_hp_per_floor":[75,75,75,75,75,75,75,75,75,75,75,75,75,68,68,68],"card_choices":[{"not_picked":["Second Wind","Sentinel"],"picked":"True Grit","floor":1},{"not_picked":["Warcry","Evolve"],"picked":"Feel No Pain","floor":3},{"not_picked":["Flex","Perfected Strike"],"picked":"Havoc","floor":4},{"not_picked":["Body Slam","Burning Pact","Clash"],"picked":"SKIP","floor":7},{"not_picked":["Body Slam","Sever Soul"],"picked":"True Grit","floor":11}],"player_experience":1125028,"relics_obtained":[{"floor":7,"key":"Lantern"},{"floor":9,"key":"Blood Vial"}],"event_choices":[{"damage_healed":0,"gold_gain":0,"player_choice":"Bought 1 Potion","damage_taken":0,"max_hp_gain":0,"max_hp_loss":0,"event_name":"The Woman in Blue","floor":2,"gold_loss":0},{"damage_healed":0,"gold_gain":0,"player_choice":"Leave","damage_taken":0,"max_hp_gain":0,"max_hp_loss":0,"event_name":"The Cleric","floor":8,"gold_loss":0},{"damage_healed":0,"gold_gain":0,"player_choice":"Success","damage_taken":26,"relics_obtained":["Orichalcum"],"max_hp_gain":0,"max_hp_loss":0,"event_name":"Scrap Ooze","floor":10,"gold_loss":0},{"damage_healed":0,"gold_gain":0,"player_choice":"Lose Max HP","damage_taken":0,"relics_obtained":["Golden Idol"],"max_hp_gain":0,"max_hp_loss":7,"event_name":"Golden Idol","floor":14,"gold_loss":0}],"is_beta":true,"boss_relics":[],"items_purged_floors":[],"is_endless":false,"potions_floor_spawned":[3],"killed_by":"Hexaghost","ascension_level":20}