{"path_per_floor":["M","M","M","M","M","R","?","M","T","E","R","M","R","M","R"],"character_chosen":"DEFECT","items_purchased":[],"gold_per_floor":[117,132,149,161,181,181,245,259,259,286,286,298,298,310,310,310],"floor_reached":16,"campfire_rested":1,"playtime":603,"current_hp_per_floor":[68,58,51,46,44,44,23,11,11,3,25,25,25,25,25,0],"items_purged":[],"gold":310,"score":148,"play_id":"3a06a52e-ea4d-4146-8b9b-115078323dac","local_time":"20180504202723","is_prod":false,"is_daily":false,"chose_seed":false,"is_ascension_mode":true,"campfire_upgraded":3,"timestamp":1525490843,"path_taken":["M","M","?","M","M","R","?","M","T","E","R","M","R","?","R","BOSS"],"build_version":"2018-05-03","seed_source_timestamp":360310358884222,"purchased_purges":0,"victory":false,"master_deck":["Strike_B","Strike_B","Strike_B","Strike_B","Defend_B","Defend_B","Defend_B","Defend_B","Zap+1","Dualcast","Leap","Leap","Hologram","Leap","Thunder Strike+1","Streamline","Coolheaded","BootSequence","Defragment+1"],"max_hp_per_floor":[75,75,75,75,75,75,75,75,75,75,75,75,75,75,75,75],"relics":["Cracked Core","DataDisk","Mummified Hand","Ancient Tea Set"],"card_choices":[{"not_picked":["Capacitor","Buffer"],"picked":"Leap","floor":1},{"not_picked":["Sweeping Beam","Stack"],"picked":"Leap","floor":2},{"not_picked":["Capacitor","Lockon"],"picked":"Hologram","floor":3},{"not_picked":["Rebound","Hologram"],"picked":"Leap","floor":4},{"not_picked":["Barrage","Hologram"],"picked":"Thunder Strike","floor":5},{"not_picked":["Heatsinks","Capacitor"],"picked":"Streamline","floor":7},{"not_picked":["Beam Cell","Streamline"],"picked":"Coolheaded","floor":8},{"not_picked":["Buffer","Turbo"],"picked":"BootSequence","floor":10},{"not_picked":["Skim","Beam Cell"],"picked":"Defragment","floor":12}],"player_experience":577537,"potions_floor_usage":[7,7,14,14,16],"damage_taken":[{"damage":0,"enemies":"Cultist","floor":1,"turns":4},{"damage":10,"enemies":"2 Louse","floor":2,"turns":4},{"damage":7,"enemies":"Jaw Worm","floor":3,"turns":4},{"damage":5,"enemies":"3 Louse","floor":4,"turns":5},{"damage":2,"enemies":"Looter","floor":5,"turns":4},{"damage":36,"enemies":"Lagavulin Event","floor":7,"turns":7},{"damage":12,"enemies":"Lots of Slimes","floor":8,"turns":4},{"damage":8,"enemies":"3 Sentries","floor":10,"turns":10},{"damage":0,"enemies":"Red Slaver","floor":12,"turns":2},{"damage":0,"enemies":"Gremlin Gang","floor":14,"turns":6},{"damage":27,"enemies":"Hexaghost","floor":16,"turns":14}],"event_choices":[{"event_name":"Dead Adventurer","player_choice":"Searched \u00271\u0027 times","floor":7,"damage_taken":0}],"boss_relics":[],"potions_floor_spawned":[2,5,10,12,14],"seed_played":"-375129064326867240","killed_by":"Hexaghost","ascension_level":8,"is_trial":false}