{"gold_per_floor":[361,361,377,393,393,424,424,438,438,438,438,438,462,491,491,491],"floor_reached":16,"playtime":835,"items_purged":[],"score":216,"play_id":"6448e535-ca2e-4a3f-8f11-bae1be572ba3","local_time":"20190408042055","is_ascension_mode":true,"campfire_choices":[{"data":"Deadly Poison","floor":7,"key":"SMITH"},{"data":"Footwork","floor":10,"key":"SMITH"},{"data":"Neutralize","floor":15,"key":"SMITH"}],"neow_cost":"TEN_PERCENT_HP_LOSS","seed_source_timestamp":583370510914340,"circlet_count":0,"master_deck":["AscendersBane","Defend_G","Defend_G","Defend_G","Defend_G","Defend_G","Strike_G","Strike_G","Strike_G","Survivor","Neutralize","Deadly Poison+1","Neutralize+1","PiercingWail","Footwork+1","Blur","Backflip"],"relics":["Ring of the Snake","Juzu Bracelet","Anchor","Darkstone Periapt"],"potions_floor_usage":[6,16],"damage_taken":[{"damage":3,"enemies":"Small Slimes","floor":1,"turns":5},{"damage":1,"enemies":"Cultist","floor":3,"turns":5},{"damage":9,"enemies":"Jaw Worm","floor":4,"turns":6},{"damage":13,"enemies":"Lagavulin","floor":6,"turns":6},{"damage":8,"enemies":"Red Slaver","floor":8,"turns":5},{"damage":14,"enemies":"3 Sentries","floor":14,"turns":21},{"damage":26,"enemies":"Slime Boss","floor":16,"turns":10}],"seed_played":"7296190544301967148","potions_obtained":[{"floor":4,"key":"SkillPotion"},{"floor":8,"key":"Fire Potion"}],"is_trial":false,"path_per_floor":["M","?","M","M","?","E","R","M","T","R","?","?","T","E","R","B"],"character_chosen":"THE_SILENT","items_purchased":[],"campfire_rested":0,"item_purchase_floors":[],"current_hp_per_floor":[56,56,55,46,46,33,33,25,25,25,25,30,30,16,16,0],"gold":491,"neow_bonus":"TWO_FIFTY_GOLD","is_prod":false,"is_daily":false,"chose_seed":false,"campfire_upgraded":3,"win_rate":0,"timestamp":1554711655,"path_taken":["M","?","?","M","?","E","R","M","T","R","?","?","?","E","R","BOSS"],"build_version":"2019-01-23","purchased_purges":0,"victory":false,"max_hp_per_floor":[60,60,60,60,60,60,60,60,60,60,60,65,65,65,65,65],"card_choices":[{"not_picked":["Bane","Finisher"],"picked":"Deadly Poison","floor":1},{"not_picked":["Dagger Spray","Choke"],"picked":"PiercingWail","floor":3},{"not_picked":["Setup","Flying Knee"],"picked":"Footwork","floor":4},{"not_picked":["Underhanded Strike","Deadly Poison","Grand Finale"],"picked":"SKIP","floor":6},{"not_picked":["Expertise","Deadly Poison"],"picked":"Blur","floor":8},{"not_picked":["Terror","Sucker Punch"],"picked":"Backflip","floor":14}],"player_experience":1727662,"relics_obtained":[{"floor":6,"key":"Juzu Bracelet"},{"floor":13,"key":"Anchor"},{"floor":14,"key":"Darkstone Periapt"}],"event_choices":[{"damage_healed":0,"gold_gain":0,"player_choice":"1 cards matched","damage_taken":0,"max_hp_gain":0,"max_hp_loss":0,"event_name":"Match and Keep!","floor":2,"gold_loss":0,"cards_obtained":["Neutralize"]},{"cards_removed":["Strike_G"],"damage_healed":0,"gold_gain":0,"player_choice":"Card Removal","damage_taken":0,"max_hp_gain":0,"max_hp_loss":0,"event_name":"Wheel of Change","floor":5,"gold_loss":0},{"cards_removed":["Strike_G"],"damage_healed":0,"gold_gain":0,"player_choice":"Offered Basic","damage_taken":0,"max_hp_gain":0,"max_hp_loss":0,"event_name":"Bonfire Elementals","floor":11,"gold_loss":0},{"damage_healed":0,"gold_gain":0,"player_choice":"Donut","damage_taken":0,"max_hp_gain":5,"max_hp_loss":0,"event_name":"Big Fish","floor":12,"gold_loss":0}],"is_beta":false,"boss_relics":[],"items_purged_floors":[],"is_endless":false,"potions_floor_spawned":[4,8],"killed_by":"Slime Boss","ascension_level":20}