{"gold_per_floor":[116,266,266,283,283,315,315,341,341,341,371,371,371],"floor_reached":13,"playtime":337,"items_purged":[],"score":248,"play_id":"6ddb6b5d-537a-4e8d-854d-d7e982a5d903","local_time":"20190429084637","is_ascension_mode":true,"campfire_choices":[{"data":"Carnage","floor":7,"key":"SMITH"},{"data":"Bash","floor":10,"key":"SMITH"},{"data":"Shockwave","floor":12,"key":"SMITH"}],"neow_cost":"NONE","seed_source_timestamp":571843557353038,"circlet_count":0,"master_deck":["AscendersBane","Strike_R","Strike_R","Strike_R","Strike_R","Strike_R","Defend_R","Defend_R","Defend_R","Defend_R","Bash","Feel No Pain","Doubt","Anger","Bash+1","Carnage+1","Feel No Pain+1","Shockwave+1"],"relics":["Burning Blood","NeowsBlessing","Kunai","Frozen Egg 2","Oddly Smooth Stone","Letter Opener"],"potions_floor_usage":[11],"damage_taken":[{"damage":0,"enemies":"Jaw Worm","floor":1,"turns":1},{"damage":0,"enemies":"Cultist","floor":4,"turns":1},{"damage":0,"enemies":"Gremlin Nob","floor":6,"turns":1},{"damage":47,"enemies":"Lagavulin","floor":8,"turns":7},{"damage":3,"enemies":"3 Sentries","floor":11,"turns":9},{"damage":49,"enemies":"Gremlin Nob","floor":13,"turns":4}],"seed_played":"2421354969736877494","potions_obtained":[{"floor":1,"key":"LiquidBronze"},{"floor":4,"key":"EssenceOfSteel"}],"is_trial":false,"path_per_floor":["M","?","?","M","?","E","R","E","T","R","E","R","E"],"character_chosen":"IRONCLAD","items_purchased":[],"campfire_rested":0,"item_purchase_floors":[],"current_hp_per_floor":[74,74,74,75,75,75,75,34,34,34,37,37,0],"gold":371,"neow_bonus":"THREE_ENEMY_KILL","is_prod":false,"is_daily":false,"chose_seed":false,"campfire_upgraded":3,"win_rate":0,"timestamp":1556541997,"path_taken":["M","?","?","?","?","E","R","E","T","R","E","R","E"],"build_version":"2019-01-23","purchased_purges":0,"victory":false,"max_hp_per_floor":[75,75,75,75,75,75,75,75,75,75,75,75,75],"card_choices":[{"not_picked":["Intimidate","Clothesline"],"picked":"Feel No Pain","floor":1},{"not_picked":["Flex","Twin Strike"],"picked":"Anger","floor":4},{"not_picked":["Berserk","Battle Trance"],"picked":"Carnage","floor":6},{"not_picked":["Thunderclap","Second Wind"],"picked":"Feel No Pain+1","floor":8},{"not_picked":["Searing Blow","Hemokinesis"],"picked":"Shockwave","floor":11}],"player_experience":2092554,"relics_obtained":[{"floor":3,"key":"Kunai"},{"floor":6,"key":"Frozen Egg 2"},{"floor":8,"key":"Oddly Smooth Stone"},{"floor":11,"key":"Letter Opener"}],"event_choices":[{"damage_healed":0,"gold_gain":150,"player_choice":"AGREE","damage_taken":0,"max_hp_gain":0,"max_hp_loss":0,"event_name":"Liars Game","floor":2,"gold_loss":0,"cards_obtained":["Doubt"]},{"damage_healed":0,"gold_gain":0,"player_choice":"Relic","damage_taken":0,"max_hp_gain":0,"max_hp_loss":0,"event_name":"Wheel of Change","floor":3,"gold_loss":0},{"damage_healed":0,"gold_gain":0,"player_choice":"1 cards matched","damage_taken":0,"max_hp_gain":0,"max_hp_loss":0,"event_name":"Match and Keep!","floor":5,"gold_loss":0,"cards_obtained":["Bash"]}],"is_beta":false,"boss_relics":[],"items_purged_floors":[],"is_endless":false,"potions_floor_spawned":[1,4],"killed_by":"Gremlin Nob","ascension_level":20}