{"path_per_floor":["M","M","?","M","?","R","$","M","T","R","M","M","M","?","R","B",null,"M","$","M","?","M","R","$"],"character_chosen":"DEFECT","items_purchased":["Go for the Eyes"],"gold_per_floor":[117,130,55,65,65,65,65,82,105,105,121,134,144,165,165,240,240,251,229,242,242,261,261,261,261],"floor_reached":25,"campfire_rested":1,"playtime":752,"item_purchase_floors":[19],"current_hp_per_floor":[62,62,62,57,57,57,57,41,41,41,41,41,37,29,50,17,58,58,58,43,43,28,28,28,0],"items_purged":[],"gold":261,"score":341,"play_id":"3a3019ea-4856-4737-ba20-288311bc9de8","local_time":"20180614105331","is_prod":false,"is_daily":false,"chose_seed":false,"is_ascension_mode":true,"campfire_upgraded":3,"win_rate":0,"timestamp":1528998811,"campfire_choices":[{"data":"Dualcast","floor":6,"key":"SMITH"},{"data":"Coolheaded","floor":10,"key":"SMITH"},{"floor":15,"key":"REST"},{"data":"White Noise","floor":23,"key":"SMITH"}],"path_taken":["M","M","?","M","?","R","$","M","T","R","M","?","M","?","R","BOSS","M","$","M","?","?","R","$","M"],"build_version":"2018-06-13v3","seed_source_timestamp":1339113967512,"purchased_purges":0,"victory":false,"master_deck":["Strike_B","Strike_B","Strike_B","Defend_B","Defend_B","Defend_B","Defend_B","Zap+1","Dualcast+1","AscendersBane","Chill","Ball Lightning","Coolheaded+1","Leap","Coolheaded","Ball Lightning","Self Repair","Conserve Battery","All For One","Redo","Go for the Eyes","Conserve Battery","White Noise+1"],"max_hp_per_floor":[71,71,71,71,71,71,71,71,71,71,71,71,71,71,71,71,71,71,71,71,71,71,71,71,71],"relics":["Cracked Core","Boot","Odd Mushroom","Inserter"],"card_choices":[{"not_picked":["Hologram","Stack"],"picked":"Chill","floor":1},{"not_picked":["Force Field","Go for the Eyes"],"picked":"Ball Lightning","floor":2},{"not_picked":["Steam","Fusion"],"picked":"Coolheaded","floor":4},{"not_picked":["Steam","Barrage"],"picked":"Leap","floor":8},{"not_picked":["Barrage","Sunder"],"picked":"Coolheaded","floor":11},{"not_picked":["Turbo","Barrage"],"picked":"Ball Lightning","floor":12},{"not_picked":["Recycle","Compile Driver"],"picked":"Self Repair","floor":13},{"not_picked":["Auto Shields","Storm"],"picked":"Conserve Battery","floor":14},{"not_picked":["Echo Form","Meteor Strike"],"picked":"All For One","floor":16},{"not_picked":["Melter","Barrage"],"picked":"Redo","floor":18},{"not_picked":["Loop","Hologram"],"picked":"Conserve Battery","floor":20},{"not_picked":["Force Field","Chaos"],"picked":"White Noise","floor":22}],"player_experience":660732,"potions_floor_usage":[16],"damage_taken":[{"damage":2,"enemies":"Jaw Worm","floor":1,"turns":4},{"damage":0,"enemies":"2 Louse","floor":2,"turns":3},{"damage":5,"enemies":"Small Slimes","floor":4,"turns":2},{"damage":16,"enemies":"Gremlin Gang","floor":8,"turns":5},{"damage":0,"enemies":"Looter","floor":11,"turns":3},{"damage":0,"enemies":"Exordium Wildlife","floor":12,"turns":3},{"damage":4,"enemies":"Blue Slaver","floor":13,"turns":4},{"damage":15,"floor":14,"turns":4},{"damage":40,"enemies":"Slime Boss","floor":16,"turns":12},{"damage":7,"enemies":"Chosen","floor":18,"turns":5},{"damage":15,"enemies":"2 Thieves","floor":20,"turns":5},{"damage":22,"enemies":"Sentry and Sphere","floor":22,"turns":7},{"damage":32,"enemies":"Chosen and Byrds","floor":25,"turns":3}],"relics_obtained":[{"floor":9,"key":"Boot"},{"floor":14,"key":"Odd Mushroom"}],"event_choices":[{"event_name":"The Cleric","player_choice":"Card Removal","floor":3,"damage_taken":0},{"event_name":"Liars Game","player_choice":"disagreed","floor":5,"damage_taken":0},{"event_name":"Mushrooms","player_choice":"Fought Mushrooms","floor":14,"damage_taken":0},{"event_name":"The Mausoleum","player_choice":"No","floor":21,"damage_taken":0}],"boss_relics":[{"not_picked":["Philosopher\u0027s Stone","Busted Crown"],"picked":"Inserter"}],"items_purged_floors":[],"potions_floor_spawned":[1,11,13,16,22],"seed_played":"3247275823347069744","killed_by":"Chosen and Byrds","ascension_level":15,"potions_obtained":[{"floor":1,"key":"Dexterity Potion"},{"floor":11,"key":"Swift Potion"},{"floor":16,"key":"SpeedPotion"}],"is_trial":false}