{"gold_per_floor":[118,268,193,268,268,295,295,321,370,388,420,438,438,452,452,527,527,537,462,462,472,283,283,296,330,399,399,419,453,453,484,484,484],"floor_reached":33,"playtime":1332,"items_purged":["Doubt","Strike_R"],"score":742,"play_id":"f18f6d07-8bcc-4181-9368-40414d25b609","local_time":"20190502211512","is_ascension_mode":true,"campfire_choices":[{"data":"Bash","floor":7,"key":"SMITH"},{"data":"Fiend Fire","floor":13,"key":"SMITH"},{"data":"Uppercut","floor":15,"key":"SMITH"},{"data":"Immolate","floor":23,"key":"SMITH"},{"data":"Whirlwind","floor":27,"key":"SMITH"},{"data":"Battle Trance","floor":30,"key":"SMITH"},{"data":"Flame Barrier","floor":32,"key":"SMITH"}],"neow_cost":"NONE","seed_source_timestamp":874987982815779,"circlet_count":0,"master_deck":["AscendersBane","Strike_R","Strike_R","Defend_R","Defend_R","Defend_R","Defend_R","Bash+1","Metallicize","Battle Trance+1","Shrug It Off","Twin Strike","Fiend Fire+1","Uppercut+1","Headbutt","Immolate+1","Shrug It Off","Flame Barrier+1","Whirlwind+1"],"relics":["Burning Blood","NeowsBlessing","Red Skull","Sundial","Bag of Preparation","Prayer Wheel","Philosopher\u0027s Stone","Bottled Lightning","Gremlin Horn","Self Forming Clay","Bag of Marbles"],"potions_floor_usage":[11,29,29,33],"damage_taken":[{"damage":0,"enemies":"Small Slimes","floor":1,"turns":1},{"damage":0,"enemies":"Gremlin Nob","floor":6,"turns":1},{"damage":0,"enemies":"Lagavulin","floor":8,"turns":1},{"damage":1,"enemies":"Jaw Worm","floor":10,"turns":4},{"damage":28,"enemies":"3 Sentries","floor":11,"turns":9},{"damage":0,"enemies":"2 Louse","floor":12,"turns":3},{"damage":0,"enemies":"Blue Slaver","floor":14,"turns":5},{"damage":30,"enemies":"Slime Boss","floor":16,"turns":6},{"damage":0,"enemies":"Shell Parasite","floor":18,"turns":1},{"damage":4,"enemies":"2 Thieves","floor":21,"turns":3},{"damage":0,"enemies":"Chosen and Byrds","floor":24,"turns":2},{"damage":15,"enemies":"Gremlin Leader","floor":25,"turns":4},{"damage":1,"enemies":"3 Cultists","floor":28,"turns":3},{"damage":43,"enemies":"Book of Stabbing","floor":29,"turns":5},{"damage":14,"enemies":"Slavers","floor":31,"turns":3},{"damage":55,"enemies":"Champ","floor":33,"turns":9}],"seed_played":"-3219386762599276811","potions_obtained":[{"floor":1,"key":"Strength Potion"},{"floor":6,"key":"PowerPotion"},{"floor":12,"key":"Weak Potion"},{"floor":14,"key":"Block Potion"},{"floor":31,"key":"Regen Potion"}],"is_trial":false,"path_per_floor":["M","?","$","?","?","E","R","E","T","M","E","M","R","M","R","B",null,"M","?","?","M","$","R","M","E","T","R","M","E","R","E","R","B"],"character_chosen":"IRONCLAD","items_purchased":["Flame Barrier"],"campfire_rested":0,"item_purchase_floors":[22],"current_hp_per_floor":[74,74,74,63,56,62,62,68,68,73,51,57,57,63,63,39,66,72,72,72,74,74,74,75,66,66,66,71,34,34,26,26,0],"gold":484,"neow_bonus":"THREE_ENEMY_KILL","is_prod":false,"is_daily":false,"chose_seed":false,"campfire_upgraded":7,"win_rate":0,"timestamp":1556846112,"path_taken":["M","?","$","?","?","E","R","E","T","M","E","M","R","M","R","BOSS","M","?","?","M","$","R","M","E","T","R","M","E","R","E","R","BOSS"],"build_version":"2019-01-23","purchased_purges":2,"victory":false,"max_hp_per_floor":[75,75,75,75,75,75,75,75,75,75,75,75,75,75,75,75,75,75,75,75,75,75,75,75,75,75,75,75,75,75,75,75,75],"card_choices":[{"not_picked":["Wild Strike","Corruption"],"picked":"Metallicize","floor":1},{"not_picked":["Combust","Shrug It Off"],"picked":"Battle Trance","floor":6},{"not_picked":["Pommel Strike","Thunderclap"],"picked":"Shrug It Off","floor":8},{"not_picked":["Headbutt","Clash","Twin Strike"],"picked":"SKIP","floor":10},{"not_picked":["Headbutt","Clash","Twin Strike"],"picked":"SKIP","floor":10},{"not_picked":["Headbutt","Clash"],"picked":"Twin Strike","floor":10},{"not_picked":["Perfected Strike","Thunderclap","Fire Breathing"],"picked":"SKIP","floor":11},{"not_picked":["Hemokinesis","Clash"],"picked":"Fiend Fire","floor":12},{"not_picked":["Pummel","Dropkick"],"picked":"Uppercut","floor":12},{"not_picked":["Warcry","Dropkick"],"picked":"Headbutt","floor":14},{"not_picked":["Pommel Strike","Armaments","Anger"],"picked":"SKIP","floor":14},{"not_picked":["Impervious","Brutality"],"picked":"Immolate","floor":16},{"not_picked":["Iron Wave","Clothesline"],"picked":"Shrug It Off","floor":18},{"not_picked":["Dual Wield","Seeing Red","Warcry"],"picked":"SKIP","floor":18},{"not_picked":["Wild Strike+1","Clash","Rage"],"picked":"SKIP","floor":21},{"not_picked":["Havoc","Fire Breathing+1","Twin Strike"],"picked":"SKIP","floor":21},{"not_picked":["Headbutt","Thunderclap"],"picked":"Whirlwind","floor":24},{"not_picked":["Cleave","Warcry","Rupture"],"picked":"SKIP","floor":24},{"not_picked":["Body Slam","Flex+1","Cleave"],"picked":"SKIP","floor":25},{"not_picked":["Flex","Brutality","Pommel Strike"],"picked":"SKIP","floor":28},{"not_picked":["Pommel Strike","Flex+1","Whirlwind"],"picked":"SKIP","floor":28},{"not_picked":["Havoc+1","Whirlwind","Iron Wave"],"picked":"SKIP","floor":29},{"not_picked":["Reckless Charge","Headbutt","Twin Strike"],"picked":"SKIP","floor":31}],"player_experience":2270533,"relics_obtained":[{"floor":6,"key":"Red Skull"},{"floor":8,"key":"Sundial"},{"floor":9,"key":"Bag of Preparation"},{"floor":11,"key":"Prayer Wheel"},{"floor":25,"key":"Bottled Lightning"},{"floor":26,"key":"Gremlin Horn"},{"floor":29,"key":"Self Forming Clay"},{"floor":31,"key":"Bag of Marbles"}],"event_choices":[{"damage_healed":0,"gold_gain":150,"player_choice":"AGREE","damage_taken":0,"max_hp_gain":0,"max_hp_loss":0,"event_name":"Liars Game","floor":2,"gold_loss":0,"cards_obtained":["Doubt"]},{"damage_healed":0,"gold_gain":75,"player_choice":"Gather Gold","damage_taken":11,"max_hp_gain":0,"max_hp_loss":0,"event_name":"World of Goop","floor":4,"gold_loss":0},{"cards_removed":["Strike_R"],"damage_healed":0,"gold_gain":0,"player_choice":"Card Removal","damage_taken":7,"max_hp_gain":0,"max_hp_loss":0,"event_name":"Golden Wing","floor":5,"gold_loss":0},{"cards_removed":["Strike_R"],"damage_healed":0,"gold_gain":0,"player_choice":"Gave Gold","damage_taken":0,"max_hp_gain":0,"max_hp_loss":0,"event_name":"Beggar","floor":19,"gold_loss":75},{"damage_healed":0,"gold_gain":0,"player_choice":"Ignored","damage_taken":0,"max_hp_gain":0,"max_hp_loss":0,"event_name":"Vampires","floor":20,"gold_loss":0}],"is_beta":false,"boss_relics":[{"not_picked":["Eternal Feather","Runic Pyramid"],"picked":"Philosopher\u0027s Stone"}],"items_purged_floors":[3,22],"is_endless":false,"potions_floor_spawned":[1,6,12,14,24,25,31],"killed_by":"Champ","ascension_level":20}