{"gold_per_floor":[110,124,124,49,49,49,82,82,106,146,146,21,21,21,21,114,114,130,180,204,38,38,38,62,62,89,89,89,127,147,182,182,182],"floor_reached":33,"playtime":1298,"items_purged":["Regret"],"score":624,"play_id":"df085667-e290-4aaf-8972-dce76bda6edb","local_time":"20190507080049","is_ascension_mode":true,"campfire_choices":[{"data":"Zap","floor":6,"key":"SMITH"},{"data":"Go for the Eyes","floor":8,"key":"SMITH"},{"data":"Static Discharge","floor":13,"key":"SMITH"},{"data":"Dualcast","floor":15,"key":"SMITH"},{"data":"Sweeping Beam","floor":23,"key":"SMITH"},{"data":"Hologram","floor":25,"key":"SMITH"},{"floor":32,"key":"REST"}],"neow_cost":"NONE","seed_source_timestamp":1259425021978215,"circlet_count":0,"master_deck":["AscendersBane","Defend_B","Defend_B","Defend_B","Zap+1","Dualcast+1","Leap","Go for the Eyes+1","Static Discharge+1","Ball Lightning","Machine Learning","Melter+1","Reboot+1","Fission+1","Sweeping Beam+1","Chill","Hologram+1","Writhe","Pain","Genetic Algorithm","Genetic Algorithm+1","Ball Lightning"],"relics":["Cracked Core","NeowsBlessing","Golden Idol","Blue Candle","Happy Flower","Darkstone Periapt","Regal Pillow","Astrolabe","MutagenicStrength","Smiling Mask","Dodecahedron","WarpedTongs","Bottled Tornado","PreservedInsect"],"potions_floor_usage":[29,30,33],"damage_taken":[{"damage":0,"enemies":"Cultist","floor":1,"turns":1},{"damage":0,"enemies":"Jaw Worm","floor":2,"turns":1},{"damage":0,"enemies":"3 Sentries","floor":7,"turns":2},{"damage":32,"enemies":"Lagavulin","floor":10,"turns":10},{"damage":23,"enemies":"Hexaghost","floor":16,"turns":9},{"damage":0,"enemies":"Spheric Guardian","floor":18,"turns":3},{"damage":6,"enemies":"2 Thieves","floor":20,"turns":3},{"damage":9,"enemies":"Centurion and Healer","floor":24,"turns":5},{"damage":28,"enemies":"Slavers","floor":29,"turns":2},{"damage":1,"enemies":"Snake Plant","floor":30,"turns":3},{"damage":15,"enemies":"Book of Stabbing","floor":31,"turns":4},{"damage":55,"enemies":"Collector","floor":33,"turns":7}],"seed_played":"1181343571712162347","potions_obtained":[{"floor":10,"key":"Explosive Potion"},{"floor":29,"key":"Explosive Potion"}],"is_trial":false,"path_per_floor":["M","M","?","?","$","R","E","R","T","E","?","$","R","?","R","B",null,"M","?","M","$","?","R","M","R","T","?","?","E","M","E","R","B"],"character_chosen":"DEFECT","items_purchased":["Ball Lightning","FocusPotion","Chill"],"campfire_rested":1,"item_purchase_floors":[12,21,21],"current_hp_per_floor":[64,64,64,64,64,64,64,64,64,32,38,38,38,38,38,15,56,56,56,50,50,50,50,41,41,41,47,53,25,24,9,48,0],"gold":182,"neow_bonus":"THREE_ENEMY_KILL","is_prod":false,"is_daily":false,"chose_seed":false,"campfire_upgraded":6,"win_rate":0,"timestamp":1557230449,"path_taken":["M","?","?","?","$","R","E","R","T","E","?","$","R","?","R","BOSS","M","?","M","$","?","R","M","R","T","?","?","E","?","E","R","BOSS"],"build_version":"2019-01-23","purchased_purges":1,"victory":false,"max_hp_per_floor":[71,71,64,64,64,64,64,64,64,64,70,70,70,70,70,70,70,70,70,70,70,70,70,70,70,70,76,82,82,82,82,82,82],"card_choices":[{"not_picked":["Steam Power","Blizzard"],"picked":"Leap","floor":1},{"not_picked":["Turbo","Force Field","Double Energy"],"picked":"SKIP","floor":2},{"not_picked":["Barrage","Gash"],"picked":"Go for the Eyes","floor":7},{"not_picked":["Recycle","Reboot"],"picked":"Static Discharge","floor":10},{"not_picked":["Buffer","Rainbow"],"picked":"Machine Learning","floor":16},{"not_picked":["Beam Cell","Consume","Redo"],"picked":"SKIP","floor":18},{"not_picked":["Streamline","White Noise"],"picked":"Sweeping Beam","floor":20},{"not_picked":["Redo","Rebound"],"picked":"Hologram","floor":24},{"not_picked":["Go for the Eyes","Beam Cell"],"picked":"Genetic Algorithm","floor":29},{"not_picked":["Chill","Beam Cell"],"picked":"Genetic Algorithm+1","floor":30},{"not_picked":["Hyperbeam","Blizzard"],"picked":"Ball Lightning","floor":31}],"player_experience":2433964,"relics_obtained":[{"floor":7,"key":"Blue Candle"},{"floor":9,"key":"Happy Flower"},{"floor":10,"key":"Darkstone Periapt"},{"floor":26,"key":"Smiling Mask"},{"floor":29,"key":"Bottled Tornado"},{"floor":31,"key":"PreservedInsect"}],"event_choices":[{"damage_healed":0,"gold_gain":0,"player_choice":"Lose Max HP","damage_taken":0,"relics_obtained":["Golden Idol"],"max_hp_gain":0,"max_hp_loss":7,"event_name":"Golden Idol","floor":3,"gold_loss":0},{"cards_removed":["Strike_B"],"damage_healed":0,"gold_gain":0,"player_choice":"Card Removal","damage_taken":0,"max_hp_gain":0,"max_hp_loss":0,"event_name":"The Cleric","floor":4,"gold_loss":75},{"damage_healed":0,"gold_gain":0,"player_choice":"Box","damage_taken":0,"relics_obtained":["Regal Pillow"],"max_hp_gain":0,"max_hp_loss":0,"event_name":"Big Fish","floor":11,"gold_loss":0,"cards_obtained":["Regret"]},{"cards_removed":["Strike_B"],"damage_healed":0,"gold_gain":0,"player_choice":"Offered Basic","damage_taken":0,"max_hp_gain":0,"max_hp_loss":0,"event_name":"Bonfire Elementals","floor":14,"gold_loss":0},{"damage_healed":0,"gold_gain":50,"player_choice":"Stole From Cult","damage_taken":0,"max_hp_gain":0,"max_hp_loss":0,"event_name":"Nest","floor":19,"gold_loss":0},{"damage_healed":0,"gold_gain":0,"player_choice":"Inject Mutagens","damage_taken":0,"relics_obtained":["MutagenicStrength"],"max_hp_gain":0,"max_hp_loss":0,"event_name":"Drug Dealer","floor":22,"gold_loss":0},{"damage_healed":0,"gold_gain":0,"player_choice":"Opened","damage_taken":0,"relics_obtained":["Dodecahedron"],"max_hp_gain":0,"max_hp_loss":0,"event_name":"The Mausoleum","floor":27,"gold_loss":0,"cards_obtained":["Writhe"]},{"damage_healed":0,"gold_gain":0,"player_choice":"Rummage","damage_taken":0,"relics_obtained":["WarpedTongs"],"max_hp_gain":0,"max_hp_loss":0,"event_name":"Accursed Blacksmith","floor":28,"gold_loss":0,"cards_obtained":["Pain"]}],"is_beta":false,"boss_relics":[{"not_picked":["Runic Pyramid","White Beast Statue"],"picked":"Astrolabe"}],"items_purged_floors":[12],"is_endless":false,"potions_floor_spawned":[10,24,29],"killed_by":"Collector","ascension_level":20}