{"path_per_floor":["M","?","$","M","M","R","M","M","T","M","?","M","R","M","R","B",null,"M","M","?","?","T","R","E","M","T"],"character_chosen":"THE_SILENT","items_purchased":["Quick Slash"],"gold_per_floor":[114,114,17,31,48,48,67,85,110,126,81,91,91,103,103,202,202,177,189,114,114,140,140,172,187,236,236],"floor_reached":27,"campfire_rested":0,"playtime":1272,"current_hp_per_floor":[63,63,63,63,62,62,50,50,50,50,50,50,50,46,46,29,60,38,28,28,28,28,28,17,8,8,0],"items_purged":["Strike_G"],"gold":236,"score":363,"play_id":"a1ff3032-10bf-475f-b0fd-31caf19ec175","local_time":"20180328213008","is_prod":false,"is_daily":false,"is_ascension_mode":true,"campfire_upgraded":4,"timestamp":1522287008,"path_taken":["M","?","$","M","M","R","M","?","T","M","?","M","R","?","R","BOSS","M","M","?","?","?","R","E","?","T","M"],"build_version":"2018-03-22v2","purchased_purges":1,"victory":false,"master_deck":["Defend_G+1","Defend_G+1","Defend_G+1","Defend_G+1","Defend_G+1","Strike_G+1","Strike_G+1","Survivor","Neutralize","AscendersBane","Unload","Dagger Throw","Quick Slash","Infinite Blades+1","Predator","Dagger Spray","Noxious Fumes+1","Dodge and Roll","Malaise","Accuracy+1","A Thousand Cuts+1","Prepared+1","Well Laid Plans","Decay","Skewer","Eviscerate","Decay","Adrenaline"],"max_hp_per_floor":[70,70,70,70,70,70,70,70,70,70,70,70,70,70,70,70,70,70,70,70,70,70,70,70,70,70,70],"relics":["Ring of the Snake","War Paint","Cursed Key","Happy Flower","Prayer Wheel","Juzu Bracelet"],"card_choices":[{"not_picked":["Calculated Gamble","Leg Sweep"],"picked":"Dagger Throw","floor":1},{"not_picked":["Outmaneuver","Poisoned Stab"],"picked":"Infinite Blades","floor":4},{"not_picked":["Masterful Stab","Wraith Form"],"picked":"Predator","floor":5},{"not_picked":["Bane","Outmaneuver"],"picked":"Dagger Spray","floor":7},{"not_picked":["Poisoned Stab","Backflip"],"picked":"Noxious Fumes","floor":8},{"not_picked":["Concentrate","All Out Attack"],"picked":"Dodge and Roll","floor":10},{"not_picked":["Distraction","Flechettes"],"picked":"Malaise","floor":12},{"not_picked":["Poisoned Stab","Setup"],"picked":"Accuracy","floor":14},{"not_picked":["Phantasmal Killer","Envenom"],"picked":"A Thousand Cuts","floor":16},{"not_picked":["Endless Agony","Setup"],"picked":"Prepared","floor":18},{"not_picked":["Quick Slash","Backflip"],"picked":"Well Laid Plans","floor":19},{"not_picked":["Cloak And Dagger","Heel Hook"],"picked":"Skewer","floor":24},{"not_picked":["Caltrops","Concentrate"],"picked":"Eviscerate","floor":25},{"not_picked":["Deadly Poison","Deflect"],"picked":"Adrenaline","floor":26}],"player_experience":620756,"potions_floor_usage":[10,16,16,16,24,25],"damage_taken":[{"damage":0,"enemies":"2 Louse","floor":1,"turns":3},{"damage":0,"enemies":"Cultist","floor":4,"turns":3},{"damage":1,"enemies":"Jaw Worm","floor":5,"turns":4},{"damage":12,"enemies":"Red Slaver","floor":7,"turns":6},{"damage":0,"enemies":"2 Fungi Beasts","floor":8,"turns":3},{"damage":0,"enemies":"Blue Slaver","floor":10,"turns":3},{"damage":0,"enemies":"Large Slime","floor":12,"turns":4},{"damage":4,"enemies":"Red Slaver","floor":14,"turns":5},{"damage":17,"enemies":"Hexaghost","floor":16,"turns":10},{"damage":22,"enemies":"2 Thieves","floor":18,"turns":5},{"damage":10,"enemies":"3 Byrds","floor":19,"turns":5},{"damage":11,"enemies":"Book of Stabbing","floor":24,"turns":6},{"damage":21,"enemies":"Centurion and Healer","floor":25,"turns":6},{"damage":10,"enemies":"Slaver and Parasite","floor":27,"turns":2}],"event_choices":[{"event_name":"Purifier","player_choice":"One Purge","floor":2,"damage_taken":0},{"event_name":"World of Goop","player_choice":"Left","floor":11,"damage_taken":0},{"event_name":"Beggar","player_choice":"Gave Gold","floor":20,"damage_taken":0},{"event_name":"Back to Basics","player_choice":"Simplicity","floor":21,"damage_taken":0}],"boss_relics":[{"not_picked":["Philosopher\u0027s Stone","Pandora\u0027s Box"],"picked":"Cursed Key"}],"potions_floor_spawned":[1,4,7,12,19,24],"seed_played":"-9096643947275570149","killed_by":"Slaver and Parasite","ascension_level":12,"is_trial":false}