{"gold_per_floor":[415,33,52,64,84,112,132,132,132,132,132,149,149,164,164,260,260,278,292,292,304,319,349,349,384,384,414,414,414,414,384,384,489,489,503,503,262,281,281,281,296,296,296,296,322,335,361,377,377,377],"floor_reached":50,"playtime":5981,"items_purged":["Pain","Writhe"],"score":809,"play_id":"9d58ca73-fd5c-4bbb-b6ae-44322b736a3f","local_time":"20190425144115","is_ascension_mode":true,"campfire_choices":[{"data":"Go for the Eyes","floor":8,"key":"SMITH"},{"data":"Hologram","floor":13,"key":"SMITH"},{"data":"Zap","floor":15,"key":"SMITH"},{"floor":24,"key":"REST"},{"data":"Fission","floor":29,"key":"SMITH"},{"data":"Defragment","floor":32,"key":"SMITH"},{"data":"Coolheaded","floor":40,"key":"SMITH"},{"data":"Defragment","floor":42,"key":"SMITH"},{"data":"Defragment","floor":44,"key":"SMITH"},{"floor":49,"key":"RECALL"}],"neow_cost":"CURSE","seed_source_timestamp":1193315866750739,"circlet_count":0,"master_deck":["Strike_B","Strike_B","Strike_B","Strike_B+1","Defend_B","Defend_B","Defend_B","Defend_B","Zap+1","Dualcast","Conserve Battery","Go for the Eyes+1","Ball Lightning","Darkness","Defragment+1","Seek+1","Stack","Trip","Beam Cell","Hologram+1","Defragment+1","Fission+1","Compile Driver+1","Self Repair","Defragment+1","FTL","Stack","All For One","Clumsy","Reboot","Regret","Meteor Strike","Coolheaded+1","Apotheosis","Panache","Compile Driver","Writhe","Parasite","Darkness+1","Creative AI"],"relics":["Cracked Core","Old Coin","Ornamental Fan","Strawberry","Meat on the Bone","Cursed Key","Darkstone Periapt","Bag of Preparation","Bronze Scales","Smiling Mask","Gremlin Horn","Snecko Eye","Blood Vial","Mummified Hand","Anchor"],"potions_floor_usage":[6,16,19,21,25,25,33,33,33,46,48,50,50],"damage_taken":[{"damage":4,"enemies":"Cultist","floor":1,"turns":3},{"damage":3,"enemies":"Jaw Worm","floor":3,"turns":4},{"damage":0,"enemies":"Small Slimes","floor":4,"turns":3},{"damage":24,"enemies":"Gremlin Gang","floor":5,"turns":5},{"damage":23,"enemies":"Lagavulin","floor":6,"turns":4},{"damage":0,"enemies":"Large Slime","floor":7,"turns":4},{"damage":0,"enemies":"Exordium Wildlife","floor":12,"turns":3},{"damage":0,"enemies":"Red Slaver","floor":14,"turns":3},{"damage":5,"enemies":"Hexaghost","floor":16,"turns":8},{"damage":8,"enemies":"Chosen","floor":18,"turns":5},{"damage":0,"enemies":"Spheric Guardian","floor":19,"turns":3},{"damage":19,"enemies":"Snake Plant","floor":21,"turns":4},{"damage":16,"enemies":"Snecko","floor":22,"turns":5},{"damage":50,"enemies":"Book of Stabbing","floor":23,"turns":7},{"damage":32,"enemies":"Gremlin Leader","floor":25,"turns":8},{"damage":6,"enemies":"Slavers","floor":27,"turns":5},{"damage":60,"enemies":"Collector","floor":33,"turns":9},{"damage":12,"enemies":"3 Darklings","floor":35,"turns":4},{"damage":0,"enemies":"Orb Walker","floor":38,"turns":1},{"damage":0,"enemies":"Transient","floor":41,"turns":1},{"damage":6,"enemies":"Giant Head","floor":45,"turns":5},{"damage":21,"enemies":"Writhing Mass","floor":46,"turns":3},{"damage":35,"enemies":"Nemesis","floor":47,"turns":3},{"damage":39,"enemies":"Spire Growth","floor":48,"turns":5},{"damage":77,"enemies":"Time Eater","floor":50,"turns":8}],"seed_played":"563125879876311098","potions_obtained":[{"floor":4,"key":"Regen Potion"},{"floor":6,"key":"Weak Potion"},{"floor":12,"key":"Strength Potion"},{"floor":14,"key":"Weak Potion"},{"floor":16,"key":"Fire Potion"},{"floor":22,"key":"Energy Potion"},{"floor":23,"key":"AttackPotion"},{"floor":31,"key":"Fruit Juice"},{"floor":31,"key":"GamblersBrew"},{"floor":33,"key":"SpeedPotion"},{"floor":35,"key":"SpeedPotion"},{"floor":38,"key":"Energy Potion"},{"floor":46,"key":"Strength Potion"},{"floor":47,"key":"Regen Potion"}],"is_trial":false,"path_per_floor":["M","$","M","M","M","E","M","R","T","?","?","M","R","M","R","B",null,"M","M","?","M","M","E","R","E","T","E","T","R","?","?","R","B",null,"M","?","$","M","?","R","M","R","T","R","E","M","E","M","R","B"],"character_chosen":"DEFECT","items_purchased":["Ornamental Fan","Go for the Eyes","Apotheosis"],"campfire_rested":1,"item_purchase_floors":[2,2,37],"current_hp_per_floor":[71,71,68,68,44,40,40,40,40,24,24,36,36,48,48,43,82,74,74,74,62,53,22,46,33,39,52,58,58,64,64,64,28,105,100,100,100,100,90,90,97,97,103,103,109,96,70,66,66,0],"gold":377,"neow_bonus":"ONE_RARE_RELIC","is_prod":false,"is_daily":false,"chose_seed":false,"campfire_upgraded":8,"win_rate":0,"timestamp":1556199675,"path_taken":["M","$","M","M","?","E","M","R","T","?","?","M","R","M","R","BOSS","M","?","?","M","M","E","R","E","T","E","?","R","?","?","R","BOSS","M","?","?","M","?","R","M","R","T","R","E","M","E","M","R","BOSS"],"build_version":"2019-01-23","purchased_purges":2,"victory":false,"max_hp_per_floor":[75,75,75,75,75,82,82,82,82,82,82,82,82,82,82,82,82,82,82,82,82,82,82,82,82,88,88,94,94,100,100,100,105,105,105,105,105,105,105,105,105,105,111,111,111,117,117,117,117,117],"card_choices":[{"not_picked":["Steam","Compile Driver"],"picked":"Conserve Battery","floor":1},{"not_picked":["Defragment","Redo"],"picked":"Ball Lightning","floor":3},{"not_picked":["Tempest","Steam Power"],"picked":"Darkness","floor":4},{"not_picked":["Capacitor","Leap"],"picked":"Defragment","floor":5},{"not_picked":["Fusion","Force Field"],"picked":"Seek","floor":6},{"not_picked":["Sweeping Beam","Capacitor"],"picked":"Stack","floor":7},{"not_picked":["Sweeping Beam","Conserve Battery"],"picked":"Hologram","floor":12},{"not_picked":["Sweeping Beam","Skim"],"picked":"Defragment","floor":14},{"not_picked":["Hyperbeam","Rainbow"],"picked":"Fission","floor":16},{"not_picked":["Turbo+1","Leap+1"],"picked":"Compile Driver+1","floor":18},{"not_picked":["Skim","Loop"],"picked":"Self Repair","floor":19},{"not_picked":["Go for the Eyes","Ball Lightning+1"],"picked":"FTL","floor":21},{"not_picked":["Hello World","Rebound","Melter"],"picked":"SKIP","floor":22},{"not_picked":["Consume+1","Heatsinks"],"picked":"Stack","floor":23},{"not_picked":["Leap","Loop"],"picked":"All For One","floor":25},{"not_picked":["Beam Cell","Compile Driver"],"picked":"Reboot","floor":27},{"not_picked":["Reboot","Buffer"],"picked":"Meteor Strike","floor":33},{"not_picked":["Aggregate+1","Sweeping Beam+1"],"picked":"Coolheaded","floor":35},{"not_picked":["Rebound","Stack","Steam Power+1"],"picked":"SKIP","floor":38},{"not_picked":["Madness","Sadistic Nature"],"picked":"Panache","floor":39},{"not_picked":["Beam Cell","FTL+1"],"picked":"Compile Driver","floor":41},{"not_picked":["Leap","Cold Snap","Reboot"],"picked":"SKIP","floor":45},{"not_picked":["Ball Lightning","Rebound+1"],"picked":"Darkness+1","floor":46},{"not_picked":["Compile Driver","Beam Cell"],"picked":"Creative AI","floor":47},{"not_picked":["Leap","Beam Cell+1","Barrage+1"],"picked":"SKIP","floor":48}],"player_experience":200531,"relics_obtained":[{"floor":6,"key":"Strawberry"},{"floor":9,"key":"Meat on the Bone"},{"floor":23,"key":"Darkstone Periapt"},{"floor":25,"key":"Bag of Preparation"},{"floor":26,"key":"Bronze Scales"},{"floor":27,"key":"Smiling Mask"},{"floor":43,"key":"Blood Vial"},{"floor":45,"key":"Mummified Hand"},{"floor":47,"key":"Anchor"}],"event_choices":[{"damage_healed":0,"gold_gain":0,"player_choice":"Entered Light","damage_taken":16,"max_hp_gain":0,"max_hp_loss":0,"event_name":"Shining Light","floor":10,"gold_loss":0,"cards_upgraded":["Strike_B","Seek"]},{"damage_healed":0,"gold_gain":0,"player_choice":"2 cards matched","damage_taken":0,"max_hp_gain":0,"max_hp_loss":0,"event_name":"Match and Keep!","floor":11,"gold_loss":0,"cards_obtained":["Trip","Beam Cell"]},{"damage_healed":0,"gold_gain":0,"player_choice":"Read","damage_taken":0,"max_hp_gain":0,"max_hp_loss":0,"event_name":"The Library","floor":20,"gold_loss":0,"cards_obtained":["Defragment"]},{"damage_healed":0,"gold_gain":0,"player_choice":"Opened","damage_taken":0,"relics_obtained":["Gremlin Horn"],"max_hp_gain":0,"max_hp_loss":0,"event_name":"The Mausoleum","floor":30,"gold_loss":0,"cards_obtained":["Writhe"]},{"damage_healed":0,"gold_gain":0,"player_choice":"Bought 2 Potions","damage_taken":0,"max_hp_gain":0,"max_hp_loss":0,"event_name":"The Woman in Blue","floor":31,"gold_loss":0},{"damage_healed":0,"gold_gain":0,"player_choice":"Ignored","damage_taken":0,"max_hp_gain":0,"max_hp_loss":0,"event_name":"Tomb of Lord Red Mask","floor":36,"gold_loss":0},{"damage_healed":0,"gold_gain":0,"player_choice":"Memory 3","damage_taken":10,"max_hp_gain":0,"max_hp_loss":0,"event_name":"SensoryStone","floor":39,"gold_loss":0}],"is_beta":false,"boss_relics":[{"not_picked":["Inserter","FrozenCore"],"picked":"Cursed Key"},{"not_picked":["Black Star","Sozu"],"picked":"Snecko Eye"}],"items_purged_floors":[2,37],"is_endless":false,"potions_floor_spawned":[4,6,12,14,16,18,22,23,33,35,38,45,46,47],"killed_by":"Time Eater","ascension_level":4}