{"path_per_floor":["M","M","$","M","?","R","E","M","T","?","M","$","M","$","R","B",null,"M","$","M","M","?","R","M","M","T","?","?"],"character_chosen":"DEFECT","items_purchased":["Leap","Capacitor"],"gold_per_floor":[110,125,49,68,68,68,103,119,119,119,139,64,82,82,82,184,184,197,97,115,128,128,128,143,163,163,163,163,163],"floor_reached":29,"campfire_rested":1,"playtime":1116,"current_hp_per_floor":[68,68,68,63,48,48,37,34,34,34,23,23,20,20,20,3,57,57,57,57,28,12,34,26,12,12,12,12,0],"items_purged":["Strike_B","Strike_B"],"gold":163,"score":318,"play_id":"1b121b4b-b7d2-4828-a5c2-bca2b55f1b86","local_time":"20180505203951","is_prod":false,"is_daily":false,"chose_seed":false,"is_ascension_mode":true,"campfire_upgraded":2,"timestamp":1525577991,"path_taken":["M","M","$","M","?","R","E","M","T","?","M","$","M","$","R","BOSS","M","$","M","M","?","R","M","M","T","?","?","M"],"build_version":"2018-05-03","seed_source_timestamp":446950234325200,"purchased_purges":2,"victory":false,"master_deck":["Strike_B","Strike_B+1","Defend_B","Defend_B","Defend_B","Defend_B","Zap+1","Dualcast","Rainbow","Sweeping Beam","FTL+1","Leap","Capacitor","Cold Snap","Stack","Defragment+1","Beam Cell","Finesse","Buffer","Stack","Machine Learning","Buffer+1","Stack+1","Seek","Capacitor+1","Decay"],"max_hp_per_floor":[75,75,75,75,75,75,75,75,75,75,75,75,75,75,75,75,75,75,75,75,75,75,75,75,75,75,75,75,75],"relics":["Cracked Core","Ornamental Fan","Ginger","Snecko Eye","Enchiridion","Happy Flower"],"card_choices":[{"not_picked":["Streamline","Coolheaded"],"picked":"Sweeping Beam","floor":1},{"not_picked":["Barrage","Chill"],"picked":"FTL","floor":2},{"not_picked":["Aggregate","Skim"],"picked":"Cold Snap","floor":4},{"not_picked":["Coolheaded","Undo"],"picked":"Stack","floor":7},{"not_picked":["Impulse","Conserve Battery"],"picked":"Defragment","floor":8},{"not_picked":["All For One","Sweeping Beam"],"picked":"Buffer","floor":11},{"not_picked":["Loop","Capacitor"],"picked":"Stack","floor":13},{"not_picked":["Amplify","Meteor Strike"],"picked":"Machine Learning","floor":16},{"not_picked":["Recycle","Cold Snap"],"picked":"Buffer","floor":20},{"not_picked":["Auto Shields","Recycle"],"picked":"Stack","floor":21},{"not_picked":["Stack","Sweeping Beam"],"picked":"Seek","floor":24},{"not_picked":["Skim","Coolheaded"],"picked":"Capacitor","floor":25}],"player_experience":579977,"potions_floor_usage":[20,21,24,25,29,29,29],"damage_taken":[{"damage":0,"enemies":"Cultist","floor":1,"turns":4},{"damage":0,"enemies":"Small Slimes","floor":2,"turns":3},{"damage":5,"enemies":"2 Louse","floor":4,"turns":4},{"damage":11,"enemies":"Lagavulin","floor":7,"turns":7},{"damage":3,"enemies":"2 Fungi Beasts","floor":8,"turns":5},{"damage":11,"enemies":"Lots of Slimes","floor":11,"turns":3},{"damage":3,"enemies":"Looter","floor":13,"turns":2},{"damage":17,"enemies":"Slime Boss","floor":16,"turns":11},{"damage":0,"enemies":"Shell Parasite","floor":18,"turns":6},{"damage":0,"enemies":"Spheric Guardian","floor":20,"turns":7},{"damage":29,"enemies":"3 Cultists","floor":21,"turns":6},{"damage":8,"enemies":"Centurion and Healer","floor":24,"turns":11},{"damage":14,"enemies":"Slaver and Parasite","floor":25,"turns":8},{"damage":35,"enemies":"Cultist and Chosen","floor":29,"turns":5}],"event_choices":[{"event_name":"Shining Light","player_choice":"Entered Light","floor":5,"damage_taken":0},{"event_name":"Match and Keep!","player_choice":"2 cards matched","floor":10,"damage_taken":0},{"event_name":"Cursed Tome","player_choice":"Obtained Book","floor":22,"damage_taken":0},{"event_name":"The Lab","player_choice":"Got Potions","floor":27,"damage_taken":0},{"event_name":"Forgotten Altar","player_choice":"Smashed Altar","floor":28,"damage_taken":0}],"boss_relics":[{"not_picked":["Pandora\u0027s Box","Calling Bell"],"picked":"Snecko Eye"}],"potions_floor_spawned":[4,8,13,16,24],"seed_played":"-319788425723433434","killed_by":"Cultist and Chosen","ascension_level":8,"is_trial":false}