{"gold_per_floor":[219,229,16,16,16,16,29,61,86,86,103,118,118,145,145,217,217,234,68,68,68,87,87,114,114,137,237,270,138,148,178,178,254,254,266,277,294,83,83,83,183,183,183,0,25,25,25],"floor_reached":47,"playtime":4083,"items_purged":["Strike_R"],"score":1059,"play_id":"a9f4ee59-504b-4c49-a4ef-3d89e6b29a5c","local_time":"20190511113253","is_ascension_mode":true,"campfire_choices":[{"data":"Wild Strike","floor":6.0,"key":"SMITH"},{"floor":13.0,"key":"REST"},{"data":"Evolve","floor":15.0,"key":"SMITH"},{"data":"Bash","floor":23.0,"key":"SMITH"},{"floor":25.0,"key":"REST"},{"data":"Uppercut","floor":32.0,"key":"SMITH"},{"floor":40,"key":"RECALL"},{"data":"Armaments","floor":42,"key":"SMITH"}],"neow_cost":"NONE","seed_source_timestamp":1614788490794533,"circlet_count":0,"master_deck":["AscendersBane","Strike_R","Defend_R","Defend_R","Defend_R+1","Defend_R","Bash+1","Evolve+1","Wild Strike+1","Twin Strike","Wild Strike","Armaments+1","Flame Barrier","Shockwave","Impervious","Necronomicurse","Headbutt","Uppercut+1","Shrug It Off","Feed","Flame Barrier+1","Spot Weakness","Dual Wield+1"],"special_seed":0,"relics":["Burning Blood","TheAbacus","Oddly Smooth Stone","Lantern","Darkstone Periapt","Bronze Scales","Empty Cage","PreservedInsect","Necronomicon","Sundial","Vajra","Magic Flower","Meat on the Bone","Strawberry","Torii","Velvet Choker","OrangePellets","Peace Pipe","Red Mask","Letter Opener"],"potions_floor_usage":[33,37,47],"damage_taken":[{"damage":11.0,"enemies":"Jaw Worm","floor":1.0,"turns":6.0},{"damage":15.0,"enemies":"Small Slimes","floor":2.0,"turns":5.0},{"damage":0.0,"enemies":"Cultist","floor":7.0,"turns":3.0},{"damage":21.0,"enemies":"Lagavulin","floor":8.0,"turns":7.0},{"damage":7.0,"enemies":"Looter","floor":11.0,"turns":3.0},{"damage":7.0,"enemies":"3 Louse","floor":12.0,"turns":4.0},{"damage":8.0,"enemies":"3 Sentries","floor":14.0,"turns":8.0},{"damage":22.0,"enemies":"The Guardian","floor":16.0,"turns":11.0},{"damage":10.0,"enemies":"Shell Parasite","floor":18.0,"turns":6.0},{"damage":1.0,"enemies":"Spheric Guardian","floor":22.0,"turns":5.0},{"damage":21.0,"enemies":"Slavers","floor":24.0,"turns":4.0},{"damage":7.0,"enemies":"Colosseum Slavers","floor":27.0,"turns":3.0},{"damage":9.0,"enemies":"Colosseum Nobs","floor":27.0,"turns":5.0},{"damage":39.0,"enemies":"Gremlin Leader","floor":28.0,"turns":7.0},{"damage":10.0,"enemies":"Centurion and Healer","floor":30.0,"turns":6.0},{"damage":29.0,"enemies":"Slavers","floor":31.0,"turns":5.0},{"damage":50,"enemies":"Collector","floor":33,"turns":10},{"damage":11,"enemies":"3 Shapes","floor":35,"turns":4},{"damage":37,"enemies":"3 Darklings","floor":36,"turns":7},{"damage":25,"enemies":"Sphere and 2 Shapes","floor":37,"turns":7},{"damage":1,"enemies":"Mind Bloom Boss Battle","floor":41,"turns":6},{"damage":67,"enemies":"Giant Head","floor":45,"turns":8},{"damage":42,"enemies":"Reptomancer","floor":47,"turns":3}],"seed_played":"5260855460212049736","potions_obtained":[{"floor":1.0,"key":"SpeedPotion"},{"floor":7.0,"key":"Poison Potion"},{"floor":14.0,"key":"LiquidBronze"},{"floor":18.0,"key":"Explosive Potion"},{"floor":27.0,"key":"LiquidBronze"},{"floor":36,"key":"SneckoOil"},{"floor":41,"key":"SteroidPotion"}],"is_trial":false,"path_per_floor":["M","M","$","?","?","R","M","E","T","T","M","M","R","E","R","B",null,"M","$","?","?","M","R","E","R","T","?","E","$","M","E","R","B",null,"M","M","M","$","?","R","?","R","T","?","E","$","E"],"character_chosen":"IRONCLAD","items_purchased":["TheAbacus","PreservedInsect","PowerPotion","OrangePellets"],"campfire_rested":2,"item_purchase_floors":[3,19,29,38],"current_hp_per_floor":[63,54,54,59,35,35,41,26,26,26,25,24,48,46,46,30,68,64,64,64,49,54,54,39,64,64,60,55,55,72,70,70,47,82,85,75,59,59,59,59,73,73,73,73,33,33,0],"gold":25,"neow_bonus":"HUNDRED_GOLD","is_prod":false,"is_daily":false,"chose_seed":false,"campfire_upgraded":5,"win_rate":0,"timestamp":1557588773,"path_taken":["M","M","$","?","?","R","?","E","T","?","M","M","R","E","R","BOSS","M","$","?","?","M","R","E","R","T","?","E","?","?","E","R","BOSS","M","M","?","$","?","R","?","R","T","?","E","?","E"],"build_version":"2019-01-23","purchased_purges":1,"victory":false,"max_hp_per_floor":[75,75,75,80,80,80,80,80,80,80,80,80,80,80,80,80,80,80,80,80,86,86,86,86,86,86,86,93,93,93,93,93,93,93,96,96,96,96,96,96,100,100,100,100,100,100,100],"card_choices":[{"not_picked":["Bloodletting","Burning Pact"],"picked":"Evolve","floor":1.0},{"not_picked":["Iron Wave","Warcry"],"picked":"Wild Strike","floor":2.0},{"not_picked":["Iron Wave","Warcry"],"picked":"Twin Strike","floor":7.0},{"not_picked":["Warcry","Pummel"],"picked":"Wild Strike","floor":8.0},{"not_picked":["Sword Boomerang","Heavy Blade"],"picked":"Armaments","floor":11.0},{"not_picked":["Ghostly Armor","Shrug It Off"],"picked":"Flame Barrier","floor":12.0},{"not_picked":["Pommel Strike","Corruption"],"picked":"Shockwave","floor":14.0},{"not_picked":["Limit Break","Fiend Fire"],"picked":"Impervious","floor":16.0},{"not_picked":["Rupture+1","Rage","Flex"],"picked":"SKIP","floor":18.0},{"not_picked":["Twin Strike","Iron Wave","Thunderclap+1"],"picked":"SKIP","floor":22.0},{"not_picked":["Cleave","Anger","Warcry"],"picked":"SKIP","floor":24.0},{"not_picked":["Thunderclap","Fiend Fire"],"picked":"Headbutt","floor":27.0},{"not_picked":["Anger","Pommel Strike","Metallicize"],"picked":"SKIP","floor":28.0},{"not_picked":["Anger","Pommel Strike","Metallicize"],"picked":"SKIP","floor":28.0},{"not_picked":["True Grit","Power Through+1"],"picked":"Uppercut","floor":30.0},{"not_picked":["Shockwave","Wild Strike"],"picked":"Shrug It Off","floor":31.0},{"not_picked":["Juggernaut","Barricade"],"picked":"Feed","floor":33},{"not_picked":["Flex","Sever Soul"],"picked":"Flame Barrier+1","floor":35},{"not_picked":["Iron Wave+1","Anger+1","Twin Strike"],"picked":"SKIP","floor":36},{"not_picked":["Wild Strike","Pommel Strike"],"picked":"Spot Weakness","floor":37},{"not_picked":["Metallicize","Seeing Red"],"picked":"Dual Wield+1","floor":41},{"not_picked":["Sentinel","Searing Blow","Combust+1"],"picked":"SKIP","floor":45}],"player_experience":2567538,"relics_obtained":[{"floor":8.0,"key":"Oddly Smooth Stone"},{"floor":9.0,"key":"Lantern"},{"floor":10.0,"key":"Darkstone Periapt"},{"floor":14.0,"key":"Bronze Scales"},{"floor":21.0,"key":"Necronomicon"},{"floor":24.0,"key":"Sundial"},{"floor":26.0,"key":"Vajra"},{"floor":27.0,"key":"Magic Flower"},{"floor":27.0,"key":"Meat on the Bone"},{"floor":28.0,"key":"Strawberry"},{"floor":31.0,"key":"Torii"},{"floor":41,"key":"Peace Pipe"},{"floor":45,"key":"Letter Opener"}],"event_choices":[{"damage_healed":0.0,"max_hp_gain":5.0,"max_hp_loss":0.0,"gold_gain":0.0,"event_name":"Big Fish","player_choice":"Donut","floor":4.0,"gold_loss":0.0,"damage_taken":0.0},{"damage_healed":0.0,"max_hp_gain":0.0,"max_hp_loss":0.0,"gold_gain":0.0,"event_name":"Shining Light","player_choice":"Entered Light","floor":5.0,"gold_loss":0.0,"damage_taken":24.0,"cards_upgraded":["Strike_R","Defend_R"]},{"damage_healed":0.0,"max_hp_gain":0.0,"max_hp_loss":0.0,"gold_gain":0.0,"event_name":"Vampires","player_choice":"Ignored","floor":20.0,"gold_loss":0.0,"damage_taken":0.0},{"damage_healed":0.0,"max_hp_gain":0.0,"max_hp_loss":0.0,"gold_gain":0.0,"event_name":"Cursed Tome","player_choice":"Obtained Book","floor":21.0,"gold_loss":0.0,"damage_taken":21.0},{"damage_healed":0.0,"max_hp_gain":0.0,"max_hp_loss":0.0,"gold_gain":0.0,"event_name":"Colosseum","player_choice":"Fight","floor":27.0,"gold_loss":0.0,"damage_taken":0.0},{"damage_healed":0.0,"max_hp_gain":0.0,"max_hp_loss":0.0,"gold_gain":0.0,"event_name":"Colosseum","player_choice":"Fought Nobs","floor":27.0,"gold_loss":0.0,"damage_taken":0.0},{"cards_removed":["Strike_R"],"damage_healed":0,"gold_gain":0,"player_choice":"Removed Attack","damage_taken":0,"max_hp_gain":0,"max_hp_loss":0,"event_name":"Falling","floor":39,"gold_loss":0},{"damage_healed":0,"gold_gain":0,"player_choice":"Fight","damage_taken":0,"max_hp_gain":0,"max_hp_loss":0,"event_name":"MindBloom","floor":41,"gold_loss":0},{"damage_healed":0,"gold_gain":0,"player_choice":"Paid","damage_taken":0,"relics_obtained":["Red Mask"],"max_hp_gain":0,"max_hp_loss":0,"event_name":"Tomb of Lord Red Mask","floor":44,"gold_loss":183}],"is_beta":false,"boss_relics":[{"not_picked":["White Beast Statue","Black Blood"],"picked":"Empty Cage"},{"not_picked":["Runic Dome","Calling Bell"],"picked":"Velvet Choker"}],"items_purged_floors":[29],"is_endless":false,"potions_floor_spawned":[1,7,14,18,24,27,31,36,41,45],"killed_by":"Reptomancer","ascension_level":20}