{"gold_per_floor":[113,113,123,139,139,139,171,131,131,131,164,122,137,157,157,157],"floor_reached":16,"playtime":385,"items_purged":[],"score":220,"play_id":"17091290-be7f-47c3-bba9-9dc6405ff1cf","local_time":"20190305195354","is_ascension_mode":true,"campfire_choices":[{"data":"Bash","floor":6,"key":"SMITH"},{"data":"Corruption","floor":10,"key":"SMITH"},{"data":"Spot Weakness","floor":15,"key":"SMITH"}],"neow_cost":"NONE","seed_source_timestamp":376610437232122,"circlet_count":0,"master_deck":["AscendersBane","Strike_R","Strike_R","Strike_R","Strike_R","Defend_R","Defend_R","Defend_R","Defend_R","Bash+1","Flame Barrier","Battle Trance","Shrug It Off","Rage","Corruption+1","True Grit","Spot Weakness+1","Uppercut","Shrug It Off"],"relics":["Burning Blood","NeowsBlessing","Self Forming Clay","Bottled Tornado","Lantern"],"potions_floor_usage":[7,7],"damage_taken":[{"damage":0,"enemies":"Jaw Worm","floor":1,"turns":1},{"damage":0,"enemies":"Cultist","floor":3,"turns":1},{"damage":0,"enemies":"2 Louse","floor":4,"turns":1},{"damage":22,"enemies":"Lagavulin","floor":7,"turns":7},{"damage":0,"enemies":"Looter","floor":8,"turns":4},{"damage":48,"enemies":"Gremlin Nob","floor":11,"turns":5},{"damage":0,"enemies":"Blue Slaver","floor":13,"turns":4},{"damage":4,"enemies":"Red Slaver","floor":14,"turns":5},{"damage":34,"enemies":"Hexaghost","floor":16,"turns":11}],"seed_played":"8054388227702850760","potions_obtained":[{"floor":1,"key":"FearPotion"},{"floor":3,"key":"Poison Potion"},{"floor":7,"key":"SpeedPotion"}],"is_trial":false,"path_per_floor":["M","?","M","M","$","R","E","M","T","R","E","$","M","M","R","B"],"character_chosen":"IRONCLAD","items_purchased":["Spot Weakness"],"campfire_rested":0,"item_purchase_floors":[12],"current_hp_per_floor":[74,74,75,75,75,75,59,65,65,65,23,23,29,31,31,0],"gold":157,"neow_bonus":"THREE_ENEMY_KILL","is_prod":false,"is_daily":false,"chose_seed":false,"campfire_upgraded":3,"win_rate":0,"timestamp":1551840834,"path_taken":["M","?","M","?","$","R","E","M","T","R","E","$","M","M","R","BOSS"],"build_version":"2019-02-06","purchased_purges":0,"victory":false,"max_hp_per_floor":[75,75,75,75,75,75,75,75,75,75,75,75,75,75,75,75],"card_choices":[{"not_picked":["Thunderclap","Pommel Strike"],"picked":"Flame Barrier","floor":1},{"not_picked":["Anger","Wild Strike"],"picked":"Shrug It Off","floor":3},{"not_picked":["Battle Trance","Perfected Strike"],"picked":"Rage","floor":4},{"not_picked":["Entrench","Headbutt"],"picked":"Corruption","floor":7},{"not_picked":["Perfected Strike","Wild Strike","Burning Pact"],"picked":"SKIP","floor":8},{"not_picked":["Uppercut","Clash"],"picked":"True Grit","floor":11},{"not_picked":["Pummel","Searing Blow"],"picked":"Uppercut","floor":13},{"not_picked":["Perfected Strike","Battle Trance"],"picked":"Shrug It Off","floor":14}],"player_experience":1160060,"relics_obtained":[{"floor":7,"key":"Self Forming Clay"},{"floor":9,"key":"Bottled Tornado"},{"floor":11,"key":"Lantern"}],"event_choices":[{"damage_healed":0,"gold_gain":0,"cards_transformed":["Strike_R"],"player_choice":"Transformed","damage_taken":0,"max_hp_gain":0,"max_hp_loss":0,"event_name":"Transmorgrifier","floor":2,"gold_loss":0,"cards_obtained":["Battle Trance"]}],"is_beta":true,"boss_relics":[],"items_purged_floors":[],"is_endless":false,"potions_floor_spawned":[1,3,7],"killed_by":"Hexaghost","ascension_level":20}