{"path_per_floor":["M","$","?","?","?","R","M","R","T","R","?","M","?","M","R","B",null,"M","?","$","?","?","R","M","M","T","M","R","E","T","M","R"],"character_chosen":"THE_SILENT","items_purchased":["Terror"],"gold_per_floor":[115,38,38,0,0,0,12,12,12,12,12,32,32,42,42,113,113,113,28,28,28,28,28,28,28,28,28,28,28,28,28,28,28],"floor_reached":33,"campfire_rested":1,"playtime":1469,"current_hp_per_floor":[59,59,39,39,39,39,39,39,39,39,39,41,41,43,43,24,56,58,58,58,66,66,66,66,36,36,22,41,17,17,8,8,0],"items_purged":[],"gold":28,"score":443,"play_id":"4ff7bd93-61e9-4b2d-a623-02ffa43c6cc8","local_time":"20180428234903","is_prod":false,"is_daily":false,"chose_seed":false,"is_ascension_mode":true,"campfire_upgraded":6,"timestamp":1524973743,"path_taken":["M","$","?","?","?","R","M","R","T","R","?","?","?","?","R","BOSS","M","?","$","?","?","R","M","M","T","M","R","E","?","M","R","BOSS"],"build_version":"2018-04-28","seed_source_timestamp":84440024538567,"purchased_purges":0,"victory":false,"master_deck":["Defend_G","Defend_G","Defend_G","Defend_G","Defend_G+1","Strike_G","Strike_G","Strike_G+1","Strike_G","Strike_G","Survivor+1","Neutralize+1","AscendersBane","Flechettes+1","Terror+1","Prepared+1","Normality","Dagger Spray+1","Sucker Punch+1","After Image+1","PiercingWail+1","Slice+1","Tools of the Trade"],"max_hp_per_floor":[66,66,66,66,66,66,66,66,66,66,66,66,66,66,66,66,66,66,66,66,66,66,66,66,66,66,66,66,66,66,66,66,66],"relics":["Runic Pyramid","Mercury Hourglass","Blood Vial","Bag of Preparation","Ectoplasm","Nloth\u0027s Gift","Blue Candle","Toolbox","Snake Skull"],"card_choices":[{"not_picked":["Backflip","Cloak And Dagger"],"picked":"Flechettes","floor":1},{"not_picked":["Blade Dance","Sucker Punch"],"picked":"Prepared","floor":7},{"not_picked":["Quick Slash","Adrenaline"],"picked":"Dagger Spray","floor":12},{"not_picked":["Dagger Throw","Calculated Gamble"],"picked":"Sucker Punch","floor":14},{"not_picked":["Night Terror","Grand Finale"],"picked":"After Image","floor":16},{"not_picked":["Outmaneuver","Slice"],"picked":"PiercingWail","floor":18},{"not_picked":["Dagger Spray","Cloak And Dagger"],"picked":"Slice","floor":27},{"not_picked":["Phantasmal Killer","Dagger Spray"],"picked":"Tools of the Trade","floor":29}],"player_experience":915608,"potions_floor_usage":[14,27,29,31],"damage_taken":[{"damage":0,"enemies":"2 Louse","floor":1,"turns":4},{"damage":0,"enemies":"Small Slimes","floor":7,"turns":5},{"damage":0,"enemies":"Cultist","floor":12,"turns":3},{"damage":0,"enemies":"Large Slime","floor":14,"turns":3},{"damage":21,"enemies":"The Guardian","floor":16,"turns":11},{"damage":0,"enemies":"Chosen","floor":18,"turns":4},{"damage":0,"enemies":"Spheric Guardian","floor":24,"turns":5},{"damage":30,"enemies":"Cultist and Chosen","floor":25,"turns":7},{"damage":16,"enemies":"Slaver and Parasite","floor":27,"turns":10},{"damage":26,"enemies":"Book of Stabbing","floor":29,"turns":7},{"damage":11,"enemies":"3 Cultists","floor":31,"turns":7},{"damage":10,"enemies":"Champ","floor":33,"turns":11}],"event_choices":[{"event_name":"Shining Light","player_choice":"Entered Light","floor":3,"damage_taken":0},{"event_name":"World of Goop","player_choice":"Left","floor":4,"damage_taken":0},{"event_name":"Upgrade Shrine","player_choice":"Upgraded","floor":5,"damage_taken":0},{"event_name":"Accursed Blacksmith","player_choice":"Rummage","floor":11,"damage_taken":0},{"event_name":"Dead Adventurer","player_choice":"Searched \u00271\u0027 times","floor":13,"damage_taken":0},{"event_name":"Addict","player_choice":"Obtained Relic","floor":19,"damage_taken":0},{"event_name":"Wheel of Change","player_choice":"Full Heal","floor":21,"damage_taken":0},{"event_name":"N\u0027loth","player_choice":"Traded a War Paint","floor":22,"damage_taken":0}],"boss_relics":[{"not_picked":["Eternal Feather","Philosopher\u0027s Stone"],"picked":"Ectoplasm"}],"potions_floor_spawned":[1,12,27,29],"seed_played":"6813663911395661329","killed_by":"Champ","ascension_level":15,"is_trial":false}