{"gold_per_floor":[116,126,145,145,195,195,211,211,265,277,277,287,287,307,307,307],"floor_reached":16,"playtime":1641,"items_purged":[],"score":188,"play_id":"9a6b81b3-ce55-4214-9c19-044fa1a34e25","local_time":"20190427100834","is_ascension_mode":true,"campfire_choices":[{"floor":6.0,"key":"DIG"},{"data":"Uppercut","floor":8.0,"key":"SMITH"},{"data":"Bash","floor":11.0,"key":"SMITH"},{"floor":13.0,"key":"DIG"},{"floor":15.0,"key":"DIG"}],"neow_cost":"TEN_PERCENT_HP_LOSS","seed_source_timestamp":401074033283893,"circlet_count":0,"master_deck":["AscendersBane","Strike_R","Strike_R","Strike_R","Strike_R","Strike_R","Defend_R","Defend_R","Defend_R","Defend_R","Bash+1","Warcry","Uppercut+1","Ghostly Armor","Spot Weakness","Battle Trance"],"special_seed":0,"relics":["Burning Blood","Shovel","Bronze Scales","Anchor","Blue Candle","Molten Egg 2"],"potions_floor_usage":[16,16],"damage_taken":[{"damage":4.0,"enemies":"2 Louse","floor":1.0,"turns":3.0},{"damage":12.0,"enemies":"Cultist","floor":2.0,"turns":4.0},{"damage":6.0,"enemies":"Jaw Worm","floor":3.0,"turns":3.0},{"damage":2.0,"enemies":"Red Slaver","floor":7.0,"turns":5.0},{"damage":0.0,"enemies":"2 Fungi Beasts","floor":10.0,"turns":4.0},{"damage":0.0,"enemies":"Looter","floor":12.0,"turns":4.0},{"damage":4.0,"enemies":"Exordium Wildlife","floor":14.0,"turns":6.0},{"damage":81,"enemies":"Slime Boss","floor":16,"turns":9}],"seed_played":"-7651775097115413499","potions_obtained":[{"floor":1.0,"key":"Explosive Potion"},{"floor":2.0,"key":"EssenceOfSteel"},{"floor":7.0,"key":"Dexterity Potion"}],"is_trial":false,"path_per_floor":["M","M","M","?","?","R","M","R","T","M","R","M","R","M","R","B"],"character_chosen":"IRONCLAD","items_purchased":[],"campfire_rested":0,"item_purchase_floors":[],"current_hp_per_floor":[68,62,62,67,67,67,71,71,71,73,73,73,73,73,73,0],"gold":307,"neow_bonus":"ONE_RARE_RELIC","is_prod":false,"is_daily":false,"chose_seed":false,"campfire_upgraded":2,"win_rate":0,"timestamp":1556374114,"path_taken":["M","M","M","?","?","R","M","R","T","M","R","M","R","M","R","BOSS"],"build_version":"2019-01-23","purchased_purges":0,"victory":false,"max_hp_per_floor":[68,68,68,73,73,73,73,73,73,73,73,73,73,73,73,73],"card_choices":[{"not_picked":["Sentinel","Thunderclap"],"picked":"Warcry","floor":1.0},{"not_picked":["Clash","Headbutt"],"picked":"Uppercut","floor":2.0},{"not_picked":["Perfected Strike","Seeing Red"],"picked":"Ghostly Armor","floor":3.0},{"not_picked":["Warcry","Infernal Blade","Thunderclap"],"picked":"SKIP","floor":7.0},{"not_picked":["Wild Strike","Havoc"],"picked":"Spot Weakness","floor":10.0},{"not_picked":["Sever Soul","Blood for Blood","Warcry"],"picked":"SKIP","floor":12.0},{"not_picked":["Havoc","Wild Strike"],"picked":"Battle Trance","floor":14.0}],"player_experience":1997880,"relics_obtained":[{"floor":6.0,"key":"Bronze Scales"},{"floor":9.0,"key":"Anchor"},{"floor":13.0,"key":"Blue Candle"},{"floor":15.0,"key":"Molten Egg 2"}],"event_choices":[{"damage_healed":0.0,"max_hp_gain":5.0,"max_hp_loss":0.0,"gold_gain":0.0,"event_name":"Big Fish","player_choice":"Donut","floor":4.0,"gold_loss":0.0,"damage_taken":0.0},{"damage_healed":0.0,"max_hp_gain":0.0,"max_hp_loss":0.0,"gold_gain":50.0,"event_name":"Golden Shrine","player_choice":"Pray","floor":5.0,"gold_loss":0.0,"damage_taken":0.0}],"is_beta":false,"boss_relics":[],"items_purged_floors":[],"is_endless":false,"potions_floor_spawned":[1,2,7],"killed_by":"Slime Boss","ascension_level":20}