{"gold_per_floor":[115,125,141,141,151,183,183,183,183,199,219,248,248,265,265,265],"floor_reached":16,"playtime":1061,"items_purged":[],"score":200,"play_id":"e21164ca-9463-4125-b4a5-45684e945555","local_time":"20180817193522","is_ascension_mode":true,"campfire_choices":[{"floor":7,"key":"REST"},{"data":"Prepared","floor":15,"key":"SMITH"}],"neow_cost":"TEN_PERCENT_HP_LOSS","seed_source_timestamp":214640772468438,"circlet_count":0,"master_deck":["Defend_G","Defend_G","Defend_G","Defend_G","Defend_G","Strike_G","Strike_G","Strike_G","Survivor","Neutralize","AscendersBane","Cloak And Dagger","Backstab","Prepared+1","Infinite Blades","Dagger Spray","Parasite","Endless Agony","Dodge and Roll","Reflex+1","Underhanded Strike+1"],"relics":["Ring of the Snake","The Courier","Ninja Scroll","Molten Egg 2"],"potions_floor_usage":[6,12,14,16,16],"damage_taken":[{"damage":7,"enemies":"Small Slimes","floor":1,"turns":5},{"damage":0,"enemies":"Jaw Worm","floor":2,"turns":6},{"damage":0,"enemies":"Cultist","floor":3,"turns":4},{"damage":15,"enemies":"Lots of Slimes","floor":5,"turns":8},{"damage":39,"enemies":"Lagavulin","floor":6,"turns":11},{"damage":0,"enemies":"Looter","floor":10,"turns":2},{"damage":1,"enemies":"Exordium Wildlife","floor":11,"turns":4},{"damage":7,"enemies":"3 Sentries","floor":12,"turns":7},{"damage":14,"enemies":"Large Slime","floor":14,"turns":5},{"damage":19,"enemies":"Hexaghost","floor":16,"turns":11}],"seed_played":"-3178699638335545748","potions_obtained":[{"floor":2,"key":"Poison Potion"},{"floor":6,"key":"Swift Potion"},{"floor":11,"key":"LiquidBronze"},{"floor":12,"key":"PowerPotion"},{"floor":14,"key":"EssenceOfSteel"}],"is_trial":false,"path_per_floor":["M","M","M","?","M","E","R","?","T","M","M","E","?","M","R"],"character_chosen":"THE_SILENT","items_purchased":[],"campfire_rested":1,"item_purchase_floors":[],"current_hp_per_floor":[52,52,52,57,42,3,22,38,38,38,37,30,30,16,16,0],"gold":265,"neow_bonus":"REMOVE_TWO","is_prod":false,"is_daily":false,"chose_seed":false,"campfire_upgraded":1,"win_rate":0,"timestamp":1534548922,"path_taken":["M","M","M","?","?","E","R","?","T","M","M","E","?","M","R","BOSS"],"build_version":"2018-08-16","purchased_purges":0,"victory":false,"max_hp_per_floor":[60,60,60,65,65,65,65,65,65,65,65,65,65,65,65,65],"card_choices":[{"not_picked":["Dagger Throw","PiercingWail"],"picked":"Cloak And Dagger","floor":1},{"not_picked":["PiercingWail","Bane"],"picked":"Backstab","floor":2},{"not_picked":["All Out Attack","Outmaneuver"],"picked":"Prepared","floor":3},{"not_picked":["Acrobatics","Backflip"],"picked":"Infinite Blades","floor":5},{"not_picked":["Envenom","Underhanded Strike"],"picked":"Dagger Spray","floor":6},{"not_picked":["Sucker Punch","Deadly Poison"],"picked":"Endless Agony","floor":10},{"not_picked":["Deadly Poison","Venomology"],"picked":"Dodge and Roll","floor":11},{"not_picked":["Caltrops","PiercingWail"],"picked":"Reflex","floor":12},{"not_picked":["Dodge and Roll","Bane+1"],"picked":"Underhanded Strike+1","floor":14}],"player_experience":964542,"relics_obtained":[{"floor":6,"key":"The Courier"},{"floor":9,"key":"Ninja Scroll"},{"floor":12,"key":"Molten Egg 2"}],"event_choices":[{"event_name":"Big Fish","player_choice":"Donut","floor":4,"damage_taken":0},{"event_name":"Mushrooms","player_choice":"Healed and dodged fight","floor":8,"damage_taken":0},{"event_name":"Living Wall","player_choice":"Grow","floor":13,"damage_taken":0}],"is_beta":false,"boss_relics":[],"items_purged_floors":[],"is_endless":false,"potions_floor_spawned":[2,6,11,12,14],"killed_by":"Hexaghost","ascension_level":15}