{"path_per_floor":["M","?","M","$","M","R","E","?","T","R","M","M","M","M","R"],"character_chosen":"DEFECT","items_purchased":["Stack"],"gold_per_floor":[110,110,126,100,123,123,166,166,166,166,186,207,223,246,246,246],"floor_reached":16,"campfire_rested":0,"playtime":488,"item_purchase_floors":[4],"current_hp_per_floor":[64,64,57,57,57,57,40,40,40,40,40,34,34,34,34,0],"items_purged":[],"gold":246,"score":166,"play_id":"03a5ca4a-88fb-4e7a-bfa5-9b85ea44f179","local_time":"20180613141102","is_prod":false,"is_daily":false,"chose_seed":false,"is_ascension_mode":true,"campfire_upgraded":3,"win_rate":0,"timestamp":1528924262,"campfire_choices":[{"data":"Zap","floor":6,"key":"SMITH"},{"data":"Dualcast","floor":10,"key":"SMITH"},{"data":"Redo","floor":15,"key":"SMITH"}],"path_taken":["M","?","M","$","M","R","E","?","T","R","M","M","M","M","R","BOSS"],"build_version":"2018-06-13","seed_source_timestamp":275422433968503,"purchased_purges":0,"victory":false,"master_deck":["Strike_B","Strike_B","Strike_B","Strike_B","Defend_B","Defend_B","Defend_B","Defend_B","Zap+1","Dualcast+1","AscendersBane","Conserve Battery","Glacier","Stack","Sunder","BootSequence","Coolheaded","Conserve Battery","Redo+1","Cold Snap"],"max_hp_per_floor":[75,69,69,69,69,69,69,69,69,69,69,69,69,69,69,69],"special_seed":0,"relics":["Cracked Core","Golden Idol","Happy Flower","Blue Candle"],"card_choices":[{"not_picked":["Gash","Ball Lightning"],"picked":"Conserve Battery","floor":1},{"not_picked":["Aggregate","Steam"],"picked":"Glacier","floor":3},{"not_picked":["Rebound","Static Discharge"],"picked":"Sunder","floor":5},{"not_picked":["Auto Shields","Seek"],"picked":"BootSequence","floor":7},{"not_picked":["Glacier","Barrage"],"picked":"Coolheaded","floor":11},{"not_picked":["Beam Cell","Redo"],"picked":"Conserve Battery","floor":12},{"not_picked":["Sweeping Beam","Compile Driver"],"picked":"Redo","floor":13},{"not_picked":["Redo","Sweeping Beam"],"picked":"Cold Snap","floor":14}],"player_experience":647540,"potions_floor_usage":[16,16],"damage_taken":[{"damage":4,"enemies":"2 Louse","floor":1,"turns":2},{"damage":7,"enemies":"Jaw Worm","floor":3,"turns":3},{"damage":0,"enemies":"Small Slimes","floor":5,"turns":4},{"damage":17,"enemies":"Lagavulin","floor":7,"turns":8},{"damage":0,"enemies":"2 Fungi Beasts","floor":11,"turns":3},{"damage":6,"enemies":"Large Slime","floor":12,"turns":7},{"damage":0,"enemies":"Lots of Slimes","floor":13,"turns":4},{"damage":0,"enemies":"Exordium Thugs","floor":14,"turns":5},{"damage":54,"enemies":"Hexaghost","floor":16,"turns":16}],"relics_obtained":[{"floor":7,"key":"Happy Flower"},{"floor":9,"key":"Blue Candle"}],"event_choices":[{"event_name":"Golden Idol","player_choice":"Lose Max HP","floor":2,"damage_taken":0},{"event_name":"Liars Game","player_choice":"disagreed","floor":8,"damage_taken":0}],"boss_relics":[],"items_purged_floors":[],"potions_floor_spawned":[7,14],"seed_played":"-1568047174575412817","killed_by":"Hexaghost","ascension_level":12,"potions_obtained":[{"floor":7,"key":"Regen Potion"},{"floor":14,"key":"SkillPotion"}],"is_trial":false}