{"gold_per_floor":[118,138,138,138,38,38,58,158,185,185,34,34,47,65,65,168,168,168,93,93,93,93,93,93,93,93,93,93,93,93,93,93,93,93,93,93,45,45,45,45,45,0,0,0,0,0,0,0,0,0],"floor_reached":50,"playtime":4222,"items_purged":["Regret"],"score":480,"play_id":"218dcf5a-14d5-435f-a9f2-fd57779746c1","local_time":"20180707234152","is_ascension_mode":false,"campfire_choices":[{"data":"Infernal Blade","floor":6,"key":"SMITH"},{"data":"Armaments","floor":10,"key":"SMITH"},{"data":"Shrug It Off","floor":12,"key":"SMITH"},{"data":"Heavy Blade","floor":15,"key":"SMITH"},{"data":"Seeing Red","floor":23,"key":"SMITH"},{"data":"Flame Barrier","floor":27,"key":"SMITH"},{"data":"Blood for Blood","floor":30,"key":"SMITH"},{"data":"Shockwave","floor":32,"key":"SMITH"},{"data":"Berserk","floor":40,"key":"SMITH"},{"floor":44,"key":"REST"},{"floor":47,"key":"REST"},{"floor":49,"key":"REST"}],"neow_cost":"FIFTY_PERCENT_DAMAGE","seed_source_timestamp":79798371291001,"circlet_count":0,"master_deck":["Strike_R","Strike_R","Strike_R","Strike_R","Defend_R+1","Defend_R+1","Defend_R","Defend_R","Bash","Infernal Blade+1","Thunderclap","Shrug It Off+1","Armaments+1","Heavy Blade+1","Flame Barrier+1","Double Tap+1","Seeing Red+1","Infernal Blade+1","Shockwave+1","RitualDagger","Feed","Blood for Blood+1","Anger+1","Pommel Strike+1","Berserk+1","Good Instincts","Finesse","Finesse","Twin Strike","Warcry+1","Clothesline+1","Shrug It Off","Sword Boomerang"],"relics":["Burning Blood","Champion Belt","Paper Frog","Boot","Lantern","Ancient Tea Set","Ectoplasm","War Paint","Smiling Mask","Busted Crown","Anchor","Red Mask","Tiny Chest"],"potions_floor_usage":[16,16,24,31,38,41,45],"damage_taken":[{"damage":1,"enemies":"Jaw Worm","floor":1,"turns":4},{"damage":4,"enemies":"Cultist","floor":2,"turns":3},{"damage":2,"enemies":"2 Louse","floor":7,"turns":3},{"damage":0,"enemies":"Looter","floor":13,"turns":2},{"damage":1,"enemies":"2 Fungi Beasts","floor":14,"turns":3},{"damage":13,"enemies":"Slime Boss","floor":16,"turns":6},{"damage":5,"enemies":"Spheric Guardian","floor":18,"turns":4},{"damage":17,"enemies":"2 Thieves","floor":19,"turns":4},{"damage":0,"enemies":"3 Cultists","floor":21,"turns":5},{"damage":21,"enemies":"Gremlin Leader","floor":24,"turns":6},{"damage":0,"enemies":"Cultist and Chosen","floor":29,"turns":4},{"damage":4,"enemies":"Centurion and Healer","floor":31,"turns":5},{"damage":45,"enemies":"Automaton","floor":33,"turns":10},{"damage":30,"enemies":"3 Darklings","floor":35,"turns":5},{"damage":10,"enemies":"Orb Walker","floor":38,"turns":3},{"damage":47,"enemies":"2 Orb Walkers","floor":41,"turns":5},{"damage":5,"enemies":"3 Darklings","floor":45,"turns":3},{"damage":20,"enemies":"4 Shapes","floor":46,"turns":4},{"damage":29,"enemies":"Maw","floor":48,"turns":7},{"damage":60,"enemies":"Awakened One","floor":50,"turns":7}],"seed_played":"-7697263032137449403","potions_obtained":[{"floor":2,"key":"PowerPotion"},{"floor":13,"key":"Swift Potion"},{"floor":19,"key":"BloodPotion"},{"floor":21,"key":"Dexterity Potion"},{"floor":35,"key":"Poison Potion"},{"floor":41,"key":"Regen Potion"}],"is_trial":false,"path_per_floor":["M","M","?","?","$","R","M","?","T","R","$","R","M","M","R","B",null,"M","M","?","M","?","R","E","?","T","R","?","M","R","M","R","B",null,"M","?","$","M","?","R","E","?","T","R","M","M","R","M","R"],"character_chosen":"IRONCLAD","items_purchased":["Shrug It Off","Ancient Tea Set","Explosive Potion"],"campfire_rested":3,"item_purchase_floors":[5,11,37],"current_hp_per_floor":[45,47,29,29,29,29,33,33,33,33,33,33,39,44,44,37,80,80,69,69,75,69,69,62,62,62,62,62,71,71,73,73,38,87,63,53,53,49,49,49,8,8,8,34,44,30,56,33,59,0],"gold":0,"neow_bonus":"ONE_RARE_RELIC","is_prod":false,"is_daily":false,"chose_seed":false,"campfire_upgraded":9,"win_rate":0,"timestamp":1531021312,"path_taken":["M","M","?","?","$","R","M","?","T","R","$","R","M","M","R","BOSS","M","M","?","?","?","R","E","?","T","R","?","M","R","M","R","BOSS","M","?","$","M","?","R","E","?","T","R","?","M","R","M","R","BOSS"],"build_version":"2018-06-28","purchased_purges":1,"victory":false,"max_hp_per_floor":[80,80,80,80,80,80,80,80,80,80,80,80,80,80,80,80,80,80,80,80,80,80,80,80,80,80,80,80,83,83,83,83,87,87,87,87,87,87,87,87,87,87,87,87,87,87,87,87,87,87],"card_choices":[{"not_picked":["Clash","Shrug It Off"],"picked":"Infernal Blade","floor":1},{"not_picked":["Rupture","Flex"],"picked":"Thunderclap","floor":2},{"not_picked":["Blood for Blood","Anger"],"picked":"Armaments","floor":7},{"not_picked":["Armaments","Clash"],"picked":"Heavy Blade","floor":13},{"not_picked":["Shrug It Off","Spot Weakness"],"picked":"Flame Barrier","floor":14},{"not_picked":["Fiend Fire","Dark Embrace"],"picked":"Double Tap","floor":16},{"not_picked":["Headbutt","Wild Strike+1"],"picked":"Seeing Red","floor":18},{"not_picked":["Intimidate","Iron Wave"],"picked":"Infernal Blade+1","floor":19},{"not_picked":["Clothesline","Cleave"],"picked":"Shockwave","floor":21},{"not_picked":["Fire Breathing","Bloodletting+1"],"picked":"Feed","floor":24},{"not_picked":["Cleave","Uppercut"],"picked":"Anger+1","floor":29},{"not_picked":["Anger","Sword Boomerang"],"picked":"Pommel Strike+1","floor":31},{"not_picked":["Brutality","Feed"],"picked":"Berserk","floor":33},{"not_picked":["Corruption"],"picked":"SKIP","floor":35},{"not_picked":[],"picked":"Good Instincts","floor":36},{"not_picked":[],"picked":"Finesse","floor":36},{"not_picked":[],"picked":"Finesse","floor":36},{"not_picked":[],"picked":"Fire Breathing","floor":38},{"not_picked":[],"picked":"Warcry+1","floor":41},{"not_picked":[],"picked":"Clothesline+1","floor":45},{"not_picked":[],"picked":"Shrug It Off","floor":46},{"not_picked":[],"picked":"Sword Boomerang","floor":48}],"player_experience":53993,"relics_obtained":[{"floor":9,"key":"Lantern"},{"floor":24,"key":"War Paint"},{"floor":26,"key":"Smiling Mask"},{"floor":41,"key":"Anchor"},{"floor":43,"key":"Tiny Chest"}],"event_choices":[{"event_name":"Scrap Ooze","player_choice":"success","floor":3,"damage_taken":18},{"event_name":"Big Fish","player_choice":"Box","floor":4,"damage_taken":0},{"event_name":"Golden Shrine","player_choice":"Pray","floor":8,"damage_taken":0},{"event_name":"Wheel of Change","player_choice":"Card Removal","floor":20,"damage_taken":0},{"event_name":"Nest","player_choice":"Joined the Cult","floor":22,"damage_taken":0},{"event_name":"The Library","player_choice":"Read","floor":25,"damage_taken":0},{"event_name":"Accursed Blacksmith","player_choice":"Forge","floor":28,"damage_taken":0},{"event_name":"SensoryStone","player_choice":"Memory 3","floor":36,"damage_taken":0},{"event_name":"Transmorgrifier","player_choice":"Transform","floor":39,"damage_taken":0},{"event_name":"Tomb of Lord Red Mask","player_choice":"Paid","floor":42,"damage_taken":0}],"boss_relics":[{"not_picked":["Empty Cage","Orrery"],"picked":"Ectoplasm"},{"not_picked":["Eternal Feather","Mark of Pain"],"picked":"Busted Crown"}],"items_purged_floors":[5],"is_endless":false,"potions_floor_spawned":[2,13,19,21,35,41],"killed_by":"Awakened One","ascension_level":0}