{"gold_per_floor":[110,123,139,139,164,164,125,144,170,26,50,88,18,49,49,49],"floor_reached":16,"playtime":613,"items_purged":[],"score":134,"play_id":"6d615467-1b34-456c-97c3-de7ec7d1861a","local_time":"20190312002953","is_ascension_mode":true,"campfire_choices":[{"data":"Go for the Eyes","floor":6,"key":"SMITH"},{"data":"Storm","floor":15,"key":"SMITH"}],"neow_cost":"NONE","seed_source_timestamp":739594604043891,"circlet_count":0,"master_deck":["Strike_B","Strike_B","Strike_B","Strike_B","Defend_B","Defend_B","Defend_B","Defend_B","Zap","Dualcast","Go for the Eyes+1","Hello World","Genetic Algorithm","Static Discharge","Self Repair","Amplify","Amplify","Loop","Storm+1","Chill"],"relics":["Cracked Core","Golden Idol","Anchor","Boot","Happy Flower"],"potions_floor_usage":[12,14],"damage_taken":[{"damage":0,"enemies":"Small Slimes","floor":1,"turns":2},{"damage":0,"enemies":"2 Louse","floor":2,"turns":2},{"damage":2,"enemies":"Jaw Worm","floor":3,"turns":3},{"damage":10,"enemies":"Exordium Wildlife","floor":5,"turns":4},{"damage":16,"enemies":"Lots of Slimes","floor":8,"turns":4},{"damage":8,"enemies":"Large Slime","floor":11,"turns":5},{"damage":25,"enemies":"Gremlin Nob","floor":12,"turns":5},{"damage":2,"enemies":"Lagavulin","floor":14,"turns":6},{"damage":28,"enemies":"The Guardian","floor":16,"turns":5}],"seed_played":"-1240232516160123136","potions_obtained":[{"floor":5,"key":"Weak Potion"},{"floor":8,"key":"SpeedPotion"},{"floor":12,"key":"SkillPotion"}],"is_trial":false,"path_per_floor":["M","M","M","?","M","R","?","M","T","$","M","E","$","E","R","B"],"character_chosen":"DEFECT","items_purchased":["Amplify","Storm"],"campfire_rested":0,"item_purchase_floors":[10,13],"current_hp_per_floor":[82,82,80,60,50,50,50,34,34,34,33,22,22,27,27,0],"gold":49,"neow_bonus":"TEN_PERCENT_HP_BONUS","is_prod":false,"is_daily":false,"chose_seed":false,"campfire_upgraded":2,"win_rate":0,"timestamp":1552364993,"path_taken":["M","M","M","?","M","R","?","M","T","?","?","E","$","E","R","BOSS"],"build_version":"2019-01-23","purchased_purges":0,"victory":false,"max_hp_per_floor":[82,82,82,82,82,82,82,82,82,82,82,82,82,82,82,82],"card_choices":[{"not_picked":["Turbo","Ball Lightning"],"picked":"Go for the Eyes","floor":1},{"not_picked":["Ball Lightning","Go for the Eyes"],"picked":"Hello World","floor":2},{"not_picked":["Sunder","Barrage"],"picked":"Genetic Algorithm","floor":3},{"not_picked":["Redo","Streamline"],"picked":"Static Discharge","floor":5},{"not_picked":["Coolheaded","Hologram"],"picked":"Self Repair","floor":8},{"not_picked":["Coolheaded","Go for the Eyes"],"picked":"Amplify","floor":11},{"not_picked":["Conserve Battery","Multi-Cast"],"picked":"Loop","floor":12},{"not_picked":["Redo","Coolheaded"],"picked":"Chill","floor":14}],"player_experience":1033509,"relics_obtained":[{"floor":9,"key":"Anchor"},{"floor":12,"key":"Boot"},{"floor":14,"key":"Happy Flower"}],"event_choices":[{"damage_healed":0,"gold_gain":0,"player_choice":"Take Damage","damage_taken":20,"relics_obtained":["Golden Idol"],"max_hp_gain":0,"max_hp_loss":0,"event_name":"Golden Idol","floor":4,"gold_loss":0},{"damage_healed":0,"gold_gain":0,"player_choice":"Left Gold","damage_taken":0,"max_hp_gain":0,"max_hp_loss":0,"event_name":"World of Goop","floor":7,"gold_loss":39}],"is_beta":false,"boss_relics":[],"items_purged_floors":[],"is_endless":false,"potions_floor_spawned":[5,8,12],"killed_by":"The Guardian","ascension_level":4}