{"gold_per_floor":[114,189,28,28,42,73,73,104,104,115,115,134,114,133,133,209,209,220,220,30,49,49,49,79,98,98,111,61,95,95,115,115,191,191,209,309,309,327,343,343,369,369],"floor_reached":42,"playtime":1844,"items_purged":[],"score":1002,"play_id":"ff51e637-f398-4155-9e77-498eaeb506b3","local_time":"20190407002336","is_ascension_mode":true,"campfire_choices":[{"data":"Poisoned Stab","floor":7,"key":"SMITH"},{"data":"Poisoned Stab","floor":15,"key":"SMITH"},{"floor":23,"key":"REST"},{"floor":30,"key":"REST"},{"floor":32,"key":"REST"},{"floor":40,"key":"RECALL"}],"neow_cost":"NONE","seed_source_timestamp":2120029413002483,"circlet_count":0,"master_deck":["AscendersBane","Defend_G","Defend_G","Defend_G","Defend_G+1","Defend_G","Strike_G","Strike_G+1","Strike_G","Strike_G+1","Survivor","Neutralize+1","Footwork","Poisoned Stab+1","Poisoned Stab+1","Dagger Throw","Adrenaline+1","Bane+1","Backflip","Well Laid Plans","Dash","Bouncing Flask","Blur","Crippling Poison","Burst","Footwork","Corpse Explosion","Skewer+1","Backflip","Backflip+1"],"relics":["Ring of the Snake","NeowsBlessing","Snake Skull","Sundial","Anchor","Centennial Puzzle","Fusion Hammer","Whetstone","Nunchaku","Snecko Eye","Mango","Smiling Mask"],"potions_floor_usage":[8,8,14,16,29,33,41,41,42],"damage_taken":[{"damage":0,"enemies":"Cultist","floor":1,"turns":1},{"damage":0,"enemies":"2 Louse","floor":5,"turns":1},{"damage":0,"enemies":"Gremlin Nob","floor":6,"turns":1},{"damage":14,"enemies":"3 Sentries","floor":8,"turns":11},{"damage":0,"enemies":"Jaw Worm","floor":10,"turns":4},{"damage":13,"enemies":"Large Slime","floor":12,"turns":7},{"damage":0,"enemies":"Lots of Slimes","floor":14,"turns":3},{"damage":20,"enemies":"Hexaghost","floor":16,"turns":10},{"damage":4,"enemies":"Shell Parasite","floor":18,"turns":4},{"damage":1,"enemies":"Spheric Guardian","floor":21,"turns":5},{"damage":7,"enemies":"Book of Stabbing","floor":24,"turns":4},{"damage":11,"enemies":"Snake Plant","floor":25,"turns":4},{"damage":0,"enemies":"Centurion and Healer","floor":27,"turns":6},{"damage":4,"enemies":"Gremlin Leader","floor":29,"turns":8},{"damage":6,"enemies":"Snecko","floor":31,"turns":5},{"damage":19,"enemies":"Automaton","floor":33,"turns":11},{"damage":7,"enemies":"Orb Walker","floor":35,"turns":4},{"damage":8,"enemies":"Mind Bloom Boss Battle","floor":36,"turns":6},{"damage":1,"enemies":"3 Shapes","floor":38,"turns":3},{"damage":2,"enemies":"Writhing Mass","floor":39,"turns":5},{"damage":47,"enemies":"Reptomancer","floor":41,"turns":9},{"damage":20,"enemies":"Transient","floor":42,"turns":3}],"seed_played":"2450901198516947316","potions_obtained":[{"floor":5,"key":"Swift Potion"},{"floor":6,"key":"Energy Potion"},{"floor":10,"key":"GamblersBrew"},{"floor":13,"key":"Explosive Potion"},{"floor":14,"key":"EssenceOfSteel"},{"floor":16,"key":"FearPotion"},{"floor":31,"key":"GhostInAJar"},{"floor":33,"key":"Swift Potion"},{"floor":41,"key":"GhostInAJar"}],"is_trial":false,"path_per_floor":["M","?","$","?","M","E","R","E","T","M","?","M","?","M","R","B",null,"M","?","$","M","?","R","E","M","T","M","?","E","R","M","R","B",null,"M","?","?","M","M","R","E","M"],"character_chosen":"THE_SILENT","items_purchased":["Snake Skull","Backflip","Well Laid Plans","Dash"],"campfire_rested":3,"item_purchase_floors":[3,20,20,20],"current_hp_per_floor":[59,48,48,48,48,48,48,34,34,34,34,21,21,21,21,1,50,46,46,46,45,45,64,57,46,46,46,46,42,61,55,66,47,61,54,60,60,59,57,57,10,0],"gold":369,"neow_bonus":"THREE_ENEMY_KILL","is_prod":false,"is_daily":false,"chose_seed":false,"campfire_upgraded":2,"win_rate":0,"timestamp":1554611016,"path_taken":["M","?","$","?","M","E","R","E","T","M","?","?","?","?","R","BOSS","M","?","$","M","?","R","E","M","T","?","?","E","R","?","R","BOSS","M","?","?","?","M","R","E","M"],"build_version":"2019-04-04","purchased_purges":0,"victory":false,"max_hp_per_floor":[66,66,66,66,66,66,66,66,66,66,66,66,66,66,66,66,66,66,66,66,66,66,66,66,66,66,66,66,66,66,66,66,66,66,66,80,80,80,80,80,80,80],"card_choices":[{"not_picked":["Acrobatics","Heel Hook","Distraction"],"picked":"SKIP","floor":1},{"not_picked":["Underhanded Strike","Prepared"],"picked":"Footwork","floor":5},{"not_picked":["Slice","Grand Finale"],"picked":"Poisoned Stab","floor":6},{"not_picked":["Tactician","Blade Dance","Slice"],"picked":"SKIP","floor":8},{"not_picked":["Acrobatics","Backflip"],"picked":"Poisoned Stab","floor":10},{"not_picked":["Blade Dance","Underhanded Strike"],"picked":"Dagger Throw","floor":12},{"not_picked":["Heel Hook","Prepared","Escape Plan"],"picked":"SKIP","floor":14},{"not_picked":["Grand Finale","Malaise"],"picked":"Adrenaline","floor":16},{"not_picked":["All Out Attack+1","Prepared"],"picked":"Bane+1","floor":18},{"not_picked":["Backflip","Tactician"],"picked":"Bouncing Flask","floor":21},{"not_picked":["Distraction","Endless Agony+1"],"picked":"Blur","floor":24},{"not_picked":["Prepared","Underhanded Strike","Reflex"],"picked":"SKIP","floor":25},{"not_picked":["Underhanded Strike","Setup"],"picked":"Crippling Poison","floor":27},{"not_picked":["Deadly Poison+1","Underhanded Strike"],"picked":"Burst","floor":29},{"not_picked":["Underhanded Strike","Deflect"],"picked":"Footwork","floor":31},{"not_picked":["Phantasmal Killer","Grand Finale"],"picked":"Corpse Explosion","floor":33},{"not_picked":["Cloak And Dagger","Terror+1","Poisoned Stab"],"picked":"SKIP","floor":35},{"not_picked":["Terror","Blade Dance"],"picked":"Skewer+1","floor":36},{"not_picked":["Heel Hook","Dodge and Roll"],"picked":"Backflip","floor":38},{"not_picked":["Acrobatics","Dagger Spray"],"picked":"Backflip+1","floor":39},{"not_picked":["Finisher+1","Well Laid Plans","Setup"],"picked":"SKIP","floor":41}],"player_experience":2371719,"relics_obtained":[{"floor":6,"key":"Sundial"},{"floor":8,"key":"Anchor"},{"floor":9,"key":"Centennial Puzzle"},{"floor":24,"key":"Whetstone"},{"floor":29,"key":"Nunchaku"},{"floor":36,"key":"Mango"},{"floor":41,"key":"Smiling Mask"}],"event_choices":[{"damage_healed":0,"gold_gain":75,"player_choice":"Gather Gold","damage_taken":11,"max_hp_gain":0,"max_hp_loss":0,"event_name":"World of Goop","floor":2,"gold_loss":0},{"damage_healed":0,"gold_gain":0,"player_choice":"Ignored","damage_taken":0,"max_hp_gain":0,"max_hp_loss":0,"event_name":"Liars Game","floor":4,"gold_loss":0},{"damage_healed":0,"gold_gain":0,"player_choice":"Grow","damage_taken":0,"max_hp_gain":0,"max_hp_loss":0,"event_name":"Living Wall","floor":11,"gold_loss":0,"cards_upgraded":["Neutralize"]},{"damage_healed":0,"gold_gain":0,"player_choice":"Bought 1 Potion","damage_taken":0,"max_hp_gain":0,"max_hp_loss":0,"event_name":"The Woman in Blue","floor":13,"gold_loss":0},{"damage_healed":0,"gold_gain":0,"player_choice":"Ignored","damage_taken":0,"max_hp_gain":0,"max_hp_loss":0,"event_name":"Vampires","floor":19,"gold_loss":0},{"cards_removed":["Strike_G"],"damage_healed":0,"gold_gain":0,"player_choice":"Offered Basic","damage_taken":0,"max_hp_gain":0,"max_hp_loss":0,"event_name":"Bonfire Elementals","floor":22,"gold_loss":0},{"damage_healed":0,"gold_gain":0,"player_choice":"Upgraded Two","damage_taken":0,"max_hp_gain":0,"max_hp_loss":0,"event_name":"Designer","floor":28,"gold_loss":50,"cards_upgraded":["Adrenaline","Defend_G"]},{"damage_healed":0,"gold_gain":0,"player_choice":"Fight","damage_taken":0,"max_hp_gain":0,"max_hp_loss":0,"event_name":"MindBloom","floor":36,"gold_loss":0},{"damage_healed":0,"gold_gain":0,"player_choice":"Ignored","damage_taken":0,"max_hp_gain":0,"max_hp_loss":0,"event_name":"Tomb of Lord Red Mask","floor":37,"gold_loss":0}],"is_beta":true,"boss_relics":[{"not_picked":["Busted Crown","Black Star"],"picked":"Fusion Hammer"},{"not_picked":["Orrery","Sozu"],"picked":"Snecko Eye"}],"items_purged_floors":[],"is_endless":false,"potions_floor_spawned":[5,6,10,14,16,27,31,33,35,41],"killed_by":"Transient","ascension_level":20}