{"path_per_floor":["M","M","?","M","M","R","?","R","T","M","R","M","?","?","R","B",null,"M","?","M","M","M","R","?","R","T","M","M","?","M","$","R"],"character_chosen":"THE_SILENT","items_purchased":["Blood Vial","Omamori","Block Potion","Fire Potion","Bronze Scales"],"gold_per_floor":[113,124,84,103,123,123,298,298,298,314,314,327,327,327,327,403,403,389,389,405,423,438,438,438,438,738,753,764,664,674,53,53,53],"floor_reached":33,"campfire_rested":2,"playtime":1607,"current_hp_per_floor":[36,36,36,36,34,34,34,34,34,16,39,38,31,50,50,36,68,64,64,64,41,16,16,43,43,43,31,20,20,4,4,28,0],"items_purged":["Parasite"],"gold":53,"score":410,"play_id":"0503ba8a-3a50-40ae-ae36-dad342378cff","local_time":"20180407143853","is_prod":false,"is_daily":false,"is_ascension_mode":true,"campfire_upgraded":5,"timestamp":1523126333,"path_taken":["M","M","?","M","?","R","?","R","T","M","R","M","?","?","R","BOSS","M","?","M","?","M","R","?","R","T","M","M","?","M","$","R","BOSS"],"build_version":"2018-04-05v2","purchased_purges":1,"victory":false,"master_deck":["Defend_G","Defend_G","Defend_G","Defend_G","Defend_G","Strike_G","Strike_G","Strike_G","Strike_G","Strike_G","Survivor","Neutralize+1","AscendersBane","Flying Knee","Sucker Punch","Cloak And Dagger+1","Malaise+1","Riddle With Holes+1","Glass Knife+1","Concentrate+1","Dagger Spray+1","J.A.X."],"max_hp_per_floor":[78,78,78,78,78,78,78,78,78,78,78,78,78,78,78,78,78,78,78,80,80,82,82,82,82,82,82,84,84,86,83,83,83],"relics":["Ring of the Snake","Du-Vu Doll","Runic Pyramid","Singing Bowl","Old Coin","Blood Vial","Omamori","Bronze Scales"],"card_choices":[{"not_picked":["Deflect","Leg Sweep"],"picked":"Flying Knee","floor":1},{"not_picked":["Flying Knee","Bane"],"picked":"Sucker Punch","floor":2},{"not_picked":["Dagger Throw","Prepared"],"picked":"Cloak And Dagger","floor":4},{"not_picked":["Concentrate","Leg Sweep"],"picked":"Malaise","floor":5},{"not_picked":["Heel Hook","Quick Slash"],"picked":"Riddle With Holes","floor":12},{"not_picked":["Tools of the Trade","Bullet Time"],"picked":"Glass Knife","floor":16},{"not_picked":["All Out Attack","Bouncing Flask"],"picked":"Concentrate","floor":21},{"not_picked":["Envenom","Backflip"],"picked":"Dagger Spray","floor":27}],"player_experience":715589,"potions_floor_usage":[5,5,10,16,28,33,33],"damage_taken":[{"damage":0,"enemies":"Jaw Worm","floor":1,"turns":6},{"damage":0,"enemies":"Cultist","floor":2,"turns":4},{"damage":0,"enemies":"2 Louse","floor":4,"turns":3},{"damage":2,"enemies":"Large Slime","floor":5,"turns":5},{"damage":18,"enemies":"Lots of Slimes","floor":10,"turns":5},{"damage":1,"enemies":"2 Fungi Beasts","floor":12,"turns":4},{"damage":14,"enemies":"Hexaghost","floor":16,"turns":11},{"damage":4,"enemies":"2 Thieves","floor":18,"turns":4},{"damage":2,"enemies":"Shell Parasite","floor":20,"turns":6},{"damage":23,"enemies":"3 Cultists","floor":21,"turns":7},{"damage":27,"enemies":"Centurion and Healer","floor":22,"turns":6},{"damage":12,"enemies":"Chosen and Byrds","floor":27,"turns":8},{"damage":13,"enemies":"Snake Plant","floor":28,"turns":4},{"damage":18,"enemies":"Centurion and Healer","floor":30,"turns":8},{"damage":37,"enemies":"Automaton","floor":33,"turns":6}],"event_choices":[{"event_name":"The Woman in Blue","player_choice":"Bought 3 Potions","floor":3,"damage_taken":0},{"event_name":"Liars Game","player_choice":"agreed","floor":7,"damage_taken":0},{"event_name":"Golden Wing","player_choice":"Card Removal","floor":13,"damage_taken":0},{"event_name":"Mushrooms","player_choice":"Healed and dodged fight","floor":14,"damage_taken":0},{"event_name":"The Mausoleum","player_choice":"Yes","floor":19,"damage_taken":0},{"event_name":"The Library","player_choice":"Heal","floor":24,"damage_taken":0},{"event_name":"Drug Dealer","player_choice":"Got JAXXED","floor":29,"damage_taken":0}],"boss_relics":[{"not_picked":["Black Star","Pandora\u0027s Box"],"picked":"Runic Pyramid"}],"potions_floor_spawned":[4,10,27,30],"seed_played":"-894414696711959216","killed_by":"Automaton","ascension_level":14,"is_trial":false}