{"gold_per_floor":[111,122,172,40,57,57,88,88,88,62,112,126,137,147,147,222,222,239,54,54,54,104,116,161,173,209,221,252,284,186,225,237,327,339,368,380,88,103,115,147,147,175,228,228,228,228,245,18,18,18,18,18,18,18,43,43],"floor_reached":57,"playtime":2927,"items_purged":["Strike_R","Strike_R","Bash+1"],"score":3092,"play_id":"3576db25-aca1-4ea8-877b-f87945b0cef0","local_time":"20190509153410","is_ascension_mode":true,"campfire_choices":[{"data":"Bash","floor":6,"key":"SMITH"},{"data":"Feel No Pain","floor":8,"key":"SMITH"},{"floor":15,"key":"REST"},{"data":"Corruption","floor":23,"key":"SMITH"},{"data":"Offering","floor":25,"key":"SMITH"},{"data":"Inflame","floor":27,"key":"SMITH"},{"data":"Corruption","floor":32,"key":"SMITH"},{"floor":46,"key":"RECALL"},{"floor":49,"key":"REST"},{"floor":53,"key":"REST"}],"neow_cost":"TEN_PERCENT_HP_LOSS","seed_source_timestamp":194175685286511,"circlet_count":0,"master_deck":["AscendersBane","Defend_R","Defend_R","Defend_R","Defend_R","Shockwave","Feel No Pain+1","Intimidate","Armaments","Inflame+1","Spot Weakness+1","Havoc","Reaper","Combust","Corruption+1","Second Wind","Offering+1","Pommel Strike+1","Ghostly Armor+1","Corruption+1","Barricade","Feel No Pain","Limit Break","Heavy Blade+1","Burning Pact","True Grit+1","Pommel Strike+1","Secret Technique","Dark Shackles","Offering+1","Body Slam+1"],"relics":["Burning Blood","Dead Branch","Question Card","Whetstone","Ancient Tea Set","Philosopher\u0027s Stone","MawBank","Molten Egg 2","Happy Flower","Regal Pillow","Fusion Hammer","Orichalcum","Bronze Scales","Juzu Bracelet","Smiling Mask","DollysMirror","Bag of Preparation"],"potions_floor_usage":[7,14,16,56,56],"damage_taken":[{"damage":26,"enemies":"Jaw Worm","floor":1,"turns":6},{"damage":0,"enemies":"Cultist","floor":2,"turns":3},{"damage":5,"enemies":"2 Louse","floor":5,"turns":4},{"damage":33,"enemies":"Lagavulin","floor":7,"turns":7},{"damage":12,"enemies":"Exordium Wildlife","floor":12,"turns":6},{"damage":8,"enemies":"Blue Slaver","floor":13,"turns":5},{"damage":8,"enemies":"Exordium Thugs","floor":14,"turns":6},{"damage":21,"enemies":"The Guardian","floor":16,"turns":14},{"damage":10,"enemies":"Chosen","floor":18,"turns":5},{"damage":23,"enemies":"Gremlin Leader","floor":24,"turns":4},{"damage":6,"enemies":"Spheric Guardian","floor":28,"turns":3},{"damage":6,"enemies":"Snake Plant","floor":29,"turns":5},{"damage":6,"enemies":"Book of Stabbing","floor":31,"turns":2},{"damage":11,"enemies":"Champ","floor":33,"turns":6},{"damage":9,"enemies":"3 Shapes","floor":35,"turns":2},{"damage":6,"enemies":"Orb Walker","floor":38,"turns":1},{"damage":5,"enemies":"4 Shapes","floor":39,"turns":3},{"damage":8,"enemies":"Reptomancer","floor":40,"turns":3},{"damage":18,"enemies":"Nemesis","floor":42,"turns":3},{"damage":27,"enemies":"Transient","floor":47,"turns":6},{"damage":12,"enemies":"Time Eater","floor":50,"turns":5},{"damage":44,"enemies":"Awakened One","floor":51,"turns":7},{"damage":12,"enemies":"Shield and Spear","floor":55,"turns":2},{"damage":56,"enemies":"The Heart","floor":56,"turns":6}],"seed_played":"-3351370570011232159","potions_obtained":[{"floor":5,"key":"Swift Potion"},{"floor":13,"key":"Poison Potion"},{"floor":14,"key":"Regen Potion"},{"floor":24,"key":"Ancient Potion"},{"floor":42,"key":"Energy Potion"}],"is_trial":false,"path_per_floor":["M","M","?","$","M","R","E","R","T","$","T","M","M","M","R","B",null,"M","$","?","?","T","R","E","R","T","R","M","M","?","E","R","B",null,"M","T","$","M","M","E","?","E","T","?","?","R","M","$","R","B","B",null,"R","$","E","B",null],"character_chosen":"IRONCLAD","items_purchased":["Fire Potion","Armaments","Corruption","Limit Break","DollysMirror"],"campfire_rested":3,"item_purchase_floors":[4,10,19,37,48],"current_hp_per_floor":[48,54,48,48,49,49,22,22,22,22,22,16,14,12,32,32,59,55,55,55,55,55,55,56,56,56,56,65,68,68,68,68,63,67,68,68,68,68,68,68,68,56,56,56,46,46,43,43,68,68,68,68,68,68,68,29],"gold":43,"neow_bonus":"ONE_RARE_RELIC","is_prod":false,"is_daily":false,"chose_seed":false,"campfire_upgraded":6,"win_rate":0,"timestamp":1557441250,"path_taken":["M","M","?","$","?","R","E","R","T","$","?","M","?","M","R","BOSS","M","$","?","?","?","R","E","R","T","R","M","?","?","E","R","BOSS","M","?","$","?","M","E","?","E","T","?","?","R","M","?","R","BOSS","BOSS","R","$","E","BOSS"],"build_version":"2019-05-07","purchased_purges":3,"victory":true,"max_hp_per_floor":[68,68,68,68,68,68,68,68,68,68,68,68,68,68,68,68,68,68,68,68,68,68,68,68,68,68,68,68,68,68,68,68,68,68,68,68,68,68,68,68,68,68,68,68,68,68,68,68,68,68,68,68,68,68,68,68],"card_choices":[{"not_picked":["Heavy Blade","Sever Soul"],"picked":"Shockwave","floor":1},{"not_picked":["Fire Breathing","Sever Soul","Warcry"],"picked":"SKIP","floor":2},{"not_picked":["Perfected Strike","Pommel Strike"],"picked":"Feel No Pain","floor":5},{"not_picked":["Metallicize","Iron Wave"],"picked":"Intimidate","floor":7},{"not_picked":["Pommel Strike","Twin Strike","Havoc"],"picked":"Inflame","floor":12},{"not_picked":["Cleave","Perfected Strike","Blood for Blood"],"picked":"Spot Weakness","floor":13},{"not_picked":["Twin Strike","Perfected Strike","Clash"],"picked":"Havoc","floor":14},{"not_picked":["Bludgeon","Limit Break","Impervious"],"picked":"Reaper","floor":16},{"not_picked":["Rage","Heavy Blade","Warcry"],"picked":"Combust","floor":18},{"not_picked":["Sword Boomerang","Hemokinesis","Clothesline+1"],"picked":"Offering","floor":24},{"not_picked":["Clothesline+1","Combust","Hemokinesis+1"],"picked":"Pommel Strike+1","floor":28},{"not_picked":["Infernal Blade+1","Power Through","Pommel Strike+1"],"picked":"Ghostly Armor+1","floor":29},{"not_picked":["Clash+1","Shrug It Off","Ghostly Armor"],"picked":"Corruption","floor":31},{"not_picked":["Demon Form","Exhume","Bludgeon+1"],"picked":"Barricade","floor":33},{"not_picked":["Body Slam+1","Twin Strike+1","Flex"],"picked":"Feel No Pain","floor":35},{"not_picked":["Bloodletting","Carnage+1","Whirlwind+1"],"picked":"Heavy Blade+1","floor":38},{"not_picked":["Clash+1","Pummel+1","Twin Strike+1"],"picked":"Burning Pact","floor":39},{"not_picked":["Heavy Blade+1","Sentinel","Wild Strike+1"],"picked":"True Grit+1","floor":40},{"not_picked":["Heavy Blade+1","Dropkick+1","Clash+1"],"picked":"Pommel Strike+1","floor":42},{"not_picked":["Dark Shackles","Enlightenment","Secret Weapon"],"picked":"Secret Technique","floor":45},{"not_picked":["Dramatic Entrance+1","Discovery","Finesse"],"picked":"Dark Shackles","floor":45},{"not_picked":["Power Through","Combust","Heavy Blade+1","Warcry"],"picked":"SKIP","floor":47},{"not_picked":["Flex","Thunderclap+1","Twin Strike+1"],"picked":"Body Slam+1","floor":55}],"player_experience":6315654,"relics_obtained":[{"floor":7,"key":"Question Card"},{"floor":9,"key":"Whetstone"},{"floor":11,"key":"Ancient Tea Set"},{"floor":22,"key":"MawBank"},{"floor":24,"key":"Molten Egg 2"},{"floor":26,"key":"Happy Flower"},{"floor":31,"key":"Regal Pillow"},{"floor":40,"key":"Orichalcum"},{"floor":42,"key":"Juzu Bracelet"},{"floor":43,"key":"Smiling Mask"},{"floor":55,"key":"Bag of Preparation"}],"event_choices":[{"damage_healed":0,"gold_gain":50,"player_choice":"Touch","damage_taken":6,"max_hp_gain":0,"max_hp_loss":0,"event_name":"FaceTrader","floor":3,"gold_loss":0},{"damage_healed":0,"gold_gain":0,"cards_transformed":["Strike_R","Strike_R"],"player_choice":"Became Test Subject","damage_taken":0,"max_hp_gain":0,"max_hp_loss":0,"event_name":"Drug Dealer","floor":20,"gold_loss":0,"cards_obtained":["Second Wind","Infernal Blade"]},{"damage_healed":0,"gold_gain":0,"player_choice":"Ignored","damage_taken":0,"max_hp_gain":0,"max_hp_loss":0,"event_name":"Vampires","floor":21,"gold_loss":0},{"cards_removed":["Strike_R"],"damage_healed":0,"gold_gain":0,"player_choice":"Upgrade and Remove","damage_taken":0,"max_hp_gain":0,"max_hp_loss":0,"event_name":"Designer","floor":30,"gold_loss":110,"cards_upgraded":["Spot Weakness"]},{"damage_healed":0,"gold_gain":0,"player_choice":"Gave Potion","damage_taken":0,"relics_obtained":["Bronze Scales"],"max_hp_gain":0,"max_hp_loss":0,"event_name":"WeMeetAgain","floor":41,"gold_loss":0},{"cards_removed":["Infernal Blade"],"damage_healed":0,"gold_gain":0,"player_choice":"Removed Skill","damage_taken":0,"max_hp_gain":0,"max_hp_loss":0,"event_name":"Falling","floor":44,"gold_loss":0},{"damage_healed":0,"gold_gain":0,"player_choice":"Memory 3","damage_taken":10,"max_hp_gain":0,"max_hp_loss":0,"event_name":"SensoryStone","floor":45,"gold_loss":0}],"is_beta":true,"boss_relics":[{"not_picked":["Runic Pyramid","Empty Cage"],"picked":"Philosopher\u0027s Stone"},{"not_picked":["White Beast Statue","Orrery"],"picked":"Fusion Hammer"}],"items_purged_floors":[4,19,37],"is_endless":false,"potions_floor_spawned":[5,13,14,24,29,38,42,47],"ascension_level":20}