{"path_per_floor":["M","M","M","M","?","E","M","M","T","$","E","R","M","M","R","B",null,"M","M","?","?","?","E","M","?","T","R","?","M","M","M","R","B",null,"M","$","?","M","$","E","R","E","T","M"],"character_chosen":"IRONCLAD","items_purchased":["Master of Strategy","Apotheosis","Searing Blow","Whetstone"],"gold_per_floor":[109,126,137,149,149,190,205,218,218,17,48,48,66,82,82,210,210,235,258,173,173,173,214,237,237,237,237,237,255,273,287,287,416,416,437,1,1,16,16,55,55,91,91,106],"floor_reached":45,"campfire_rested":0,"playtime":3653,"current_hp_per_floor":[46,47,53,59,39,39,39,43,43,43,44,44,48,49,49,18,90,90,87,87,69,69,68,68,68,68,68,68,76,80,74,74,19,95,81,81,69,52,52,44,44,32,32,52],"items_purged":["Injury"],"gold":106,"score":510,"play_id":"f84c5d83-f265-4c48-b7e0-66dfff8326c9","is_prod":false,"is_daily":false,"is_ascension_mode":false,"campfire_upgraded":5,"path_taken":["M","M","M","M","?","E","M","M","T","$","E","R","M","M","R","BOSS","M","M","?","?","?","E","?","?","T","R","?","M","?","M","R","BOSS","M","$","?","M","$","E","R","E","T","?","?"],"build_version":"2018-02-12-PROD1","purchased_purges":3,"victory":false,"master_deck":["Bash+1","Uppercut+1","Reckless Charge+1","Hemokinesis+1","Clash","Offering","Master of Strategy","Spot Weakness+1","Impervious+1","Bite","Bite","Bite","Bite+1","Bite","Inflame+1","Shrug It Off","Armaments","Iron Wave","Apotheosis+1","Searing Blow","Madness","Madness","Pummel+1","Searing Blow+1","Clash+1"],"max_hp_per_floor":[80,80,80,80,80,90,90,90,90,90,90,90,90,90,90,90,90,90,90,90,95,95,95,95,95,95,95,95,95,95,95,95,95,95,95,95,95,95,95,102,102,102,102,102],"relics":["Burning Blood","Golden Idol","Pear","Lantern","Runic Cube","Happy Flower","Calipers","Ancient Tea Set","Pandora\u0027s Box","Whetstone","Strawberry","Unceasing Top","Shovel"],"card_choices":[{"not_picked":["Infernal Blade","True Grit"],"picked":"Uppercut"},{"not_picked":["Warcry","Shrug It Off"],"picked":"Reckless Charge"},{"not_picked":["Havoc","Iron Wave"],"picked":"Hemokinesis"},{"not_picked":["Pommel Strike","Second Wind"],"picked":"Clash"},{"not_picked":["Seeing Red","Pommel Strike"],"picked":"Offering"},{"not_picked":["Second Wind","Shrug It Off"],"picked":"Spot Weakness"},{"not_picked":["Dark Embrace","Exhume"],"picked":"Impervious"},{"not_picked":["Anger","Armaments"],"picked":"Inflame"},{"not_picked":["Rampage","Iron Wave"],"picked":"Pummel"},{"not_picked":["Warcry","Second Wind"],"picked":"Searing Blow"},{"not_picked":["Headbutt","Shrug It Off"],"picked":"Clash"}],"player_experience":241672,"potions_floor_usage":[2,7,7,11,23,23,29,31,38,45,45],"damage_taken":[{"damage":0,"enemies":"2 Louse","floor":1,"turns":4},{"damage":5,"enemies":"Small Slimes","floor":2,"turns":3},{"damage":0,"enemies":"Cultist","floor":3,"turns":2},{"damage":0,"enemies":"Large Slime","floor":4,"turns":3},{"damage":16,"enemies":"Lagavulin","floor":6,"turns":6},{"damage":21,"enemies":"Exordium Thugs","floor":7,"turns":6},{"damage":2,"enemies":"Looter","floor":8,"turns":2},{"damage":7,"enemies":"Gremlin Nob","floor":11,"turns":2},{"damage":4,"enemies":"2 Fungi Beasts","floor":13,"turns":2},{"damage":7,"enemies":"Lots of Slimes","floor":14,"turns":2},{"damage":39,"enemies":"The Guardian","floor":16,"turns":6},{"damage":4,"enemies":"Chosen","floor":18,"turns":3},{"damage":9,"enemies":"Spheric Guardian","floor":19,"turns":4},{"damage":46,"enemies":"Gremlin Leader","floor":23,"turns":8},{"damage":16,"enemies":"Snake Plant","floor":24,"turns":3},{"damage":6,"enemies":"Chosen and Byrds","floor":29,"turns":4},{"damage":8,"enemies":"3 Cultists","floor":30,"turns":3},{"damage":16,"enemies":"Slaver and Parasite","floor":31,"turns":3},{"damage":81,"enemies":"Automaton","floor":33,"turns":8},{"damage":28,"enemies":"3 Shapes","floor":35,"turns":4},{"damage":32,"enemies":"3 Darklings","floor":38,"turns":3},{"damage":32,"enemies":"2 Orb Walkers","floor":40,"turns":4},{"damage":45,"enemies":"Nemesis","floor":42,"turns":7},{"damage":4,"enemies":"Maw","floor":44,"turns":5},{"damage":76,"enemies":"Mysterious Sphere","floor":45,"turns":4}],"event_choices":[{"event_name":"Golden Idol","player_choice":"Take Damage","floor":5,"damage_taken":0},{"event_name":"Addict","player_choice":"Obtained Relic","floor":20,"damage_taken":0},{"event_name":"Forgotten Altar","player_choice":"Shed Blood","floor":21,"damage_taken":0},{"event_name":"Vampires","player_choice":"Became a vampire (Vial)","floor":22,"damage_taken":0},{"event_name":"Back to Basics","player_choice":"Elegance","floor":25,"damage_taken":0},{"event_name":"Accursed Blacksmith","player_choice":"Forge","floor":28,"damage_taken":0},{"event_name":"Winding Halls","player_choice":"Embrace Madness","floor":37,"damage_taken":0},{"event_name":"Mysterious Sphere","player_choice":"Fight","floor":45,"damage_taken":0}],"boss_relics":[{"not_picked":["Astrolabe","Orrery"],"picked":"Runic Cube"},{"not_picked":["Calling Bell","Runic Pyramid"],"picked":"Pandora\u0027s Box"}],"potions_floor_spawned":[1,2,6,8,13,18,23,24,33,38,44],"seed_played":"-4804921425082004521","killed_by":"Mysterious Sphere","ascension_level":0,"is_trial":false}