{"gold_per_floor":[112,124,67,87,97,97,130,147,171,171,183,201,201,229,229,229],"floor_reached":16,"playtime":879,"items_purged":[],"score":228,"play_id":"6169e418-b402-4913-b1c6-87bd175c5ada","local_time":"20190430021948","is_ascension_mode":true,"campfire_choices":[{"data":"Envenom","floor":6,"key":"SMITH"},{"floor":10,"key":"REST"},{"data":"Noxious Fumes","floor":13,"key":"SMITH"},{"floor":15,"key":"REST"}],"neow_cost":"NONE","seed_source_timestamp":634492915073553,"circlet_count":0,"master_deck":["AscendersBane","Defend_G","Defend_G","Defend_G","Defend_G","Defend_G","Strike_G","Strike_G","Strike_G","Strike_G","Strike_G","Survivor","Neutralize+1","Crippling Poison","Noxious Fumes+1","Poisoned Stab","Envenom+1","PiercingWail","Dodge and Roll","Riddle With Holes","PiercingWail","Deadly Poison"],"relics":["Ring of the Snake","Boot","Ancient Tea Set","Bag of Marbles"],"potions_floor_usage":[5,7,14,14],"damage_taken":[{"damage":4,"enemies":"Small Slimes","floor":1,"turns":5},{"damage":0,"enemies":"Cultist","floor":2,"turns":4},{"damage":5,"enemies":"2 Louse","floor":4,"turns":3},{"damage":25,"enemies":"Gremlin Gang","floor":5,"turns":5},{"damage":33,"enemies":"3 Sentries","floor":7,"turns":8},{"damage":1,"enemies":"2 Fungi Beasts","floor":8,"turns":4},{"damage":0,"enemies":"Looter","floor":11,"turns":3},{"damage":0,"enemies":"Blue Slaver","floor":12,"turns":4},{"damage":17,"enemies":"Gremlin Nob","floor":14,"turns":4},{"damage":31,"enemies":"Slime Boss","floor":16,"turns":7}],"seed_played":"-2875574173258880483","potions_obtained":[{"floor":2,"key":"Poison Potion"},{"floor":4,"key":"Strength Potion"},{"floor":5,"key":"FairyPotion"},{"floor":8,"key":"Fire Potion"},{"floor":12,"key":"FearPotion"}],"is_trial":false,"path_per_floor":["M","M","$","M","M","R","E","M","T","R","M","M","R","E","R","B"],"character_chosen":"THE_SILENT","items_purchased":["Strength Potion"],"campfire_rested":2,"item_purchase_floors":[3],"current_hp_per_floor":[55,55,55,50,25,25,2,1,1,20,20,20,20,3,22,0],"gold":229,"neow_bonus":"UPGRADE_CARD","is_prod":false,"is_daily":false,"chose_seed":false,"campfire_upgraded":2,"win_rate":0,"timestamp":1556605188,"path_taken":["M","M","$","M","M","R","E","M","T","R","M","M","R","E","R","BOSS"],"build_version":"2019-01-23","purchased_purges":0,"victory":false,"max_hp_per_floor":[66,66,66,66,66,66,66,66,66,66,66,66,66,66,66,66],"card_choices":[{"not_picked":["Cloak And Dagger","Bane"],"picked":"Crippling Poison","floor":1},{"not_picked":["Distraction","Flechettes"],"picked":"Noxious Fumes","floor":2},{"not_picked":["Deflect","Slice"],"picked":"Poisoned Stab","floor":4},{"not_picked":["Acrobatics","Distraction"],"picked":"Envenom","floor":5},{"not_picked":["Terror","Blade Dance"],"picked":"PiercingWail","floor":7},{"not_picked":["Acrobatics","Bane"],"picked":"Dodge and Roll","floor":8},{"not_picked":["Calculated Gamble","Deflect"],"picked":"Riddle With Holes","floor":11},{"not_picked":["Deadly Poison","Reflex"],"picked":"PiercingWail","floor":12},{"not_picked":["Sucker Punch","Heel Hook"],"picked":"Deadly Poison","floor":14}],"player_experience":2130066,"relics_obtained":[{"floor":7,"key":"Boot"},{"floor":9,"key":"Ancient Tea Set"},{"floor":14,"key":"Bag of Marbles"}],"event_choices":[],"is_beta":false,"boss_relics":[],"items_purged_floors":[],"is_endless":false,"potions_floor_spawned":[2,4,5,8,12],"killed_by":"Slime Boss","ascension_level":20}