{"gold_per_floor":[111,128,128,0,0,0,20,20,101,142,142,56,56,77,77,173,173,197,215,233,247,247,247,0,0,0,0,19,19,35,35,35,35],"floor_reached":33,"playtime":1031,"items_purged":[],"score":490,"play_id":"091fb0b9-ede5-452b-a11d-1ebf057d68ef","local_time":"20190216233244","is_ascension_mode":true,"campfire_choices":[{"data":"Cloak And Dagger","floor":6.0,"key":"SMITH"},{"data":"Poisoned Stab","floor":8.0,"key":"SMITH"},{"floor":11.0,"key":"REST"},{"floor":15.0,"key":"REST"},{"floor":23,"key":"REST"},{"floor":25,"key":"REST"},{"data":"Noxious Fumes","floor":27,"key":"SMITH"},{"floor":29,"key":"REST"},{"floor":32,"key":"REST"}],"neow_cost":"NONE","seed_source_timestamp":132316418920609,"circlet_count":0,"master_deck":["AscendersBane","Defend_G","Defend_G","Defend_G","Defend_G","Defend_G","Strike_G","Strike_G","Strike_G","Strike_G","Survivor","Neutralize+1","Quick Slash","Infinite Blades","Cloak And Dagger+1","Poisoned Stab+1","Dash","Caltrops","Noxious Fumes+1","Corpse Explosion","Backflip","Noxious Fumes+1","Dodge and Roll","Backstab","Writhe","Well Laid Plans"],"special_seed":0,"relics":["Ring of the Snake","Golden Idol","Oddly Smooth Stone","Velvet Choker","Dodecahedron","Incense Burner"],"potions_floor_usage":[20,21,30,33],"damage_taken":[{"damage":0.0,"enemies":"2 Louse","floor":1.0,"turns":4.0},{"damage":1.0,"enemies":"Small Slimes","floor":2.0,"turns":5.0},{"damage":0.0,"enemies":"Jaw Worm","floor":7.0,"turns":4.0},{"damage":21.0,"enemies":"3 Sentries","floor":10.0,"turns":9.0},{"damage":0.0,"enemies":"2 Fungi Beasts","floor":14.0,"turns":3.0},{"damage":19.0,"enemies":"Hexaghost","floor":16.0,"turns":9.0},{"damage":17,"enemies":"2 Thieves","floor":18,"turns":3},{"damage":30,"enemies":"Spheric Guardian","floor":19,"turns":8},{"damage":3,"enemies":"Snecko","floor":20,"turns":5},{"damage":3,"enemies":"Cultist and Chosen","floor":21,"turns":4},{"damage":33,"enemies":"Sentry and Sphere","floor":28,"turns":6},{"damage":13,"enemies":"Shelled Parasite and Fungi","floor":30,"turns":6},{"damage":69,"enemies":"Collector","floor":33,"turns":9}],"seed_played":"2671088751650742440","potions_obtained":[{"floor":10.0,"key":"Ancient Potion"},{"floor":14.0,"key":"FearPotion"},{"floor":18,"key":"Fire Potion"},{"floor":20,"key":"GhostInAJar"},{"floor":30,"key":"EssenceOfSteel"}],"is_trial":false,"path_per_floor":["M","M","?","$","?","R","M","R","T","E","R","$","?","M","R","B",null,"M","M","M","M","?","R","?","R","T","R","M","R","M","$","R","B"],"character_chosen":"THE_SILENT","items_purchased":["Infinite Blades","Cloak And Dagger","Caltrops"],"campfire_rested":6,"item_purchase_floors":[4,4,12],"current_hp_per_floor":[59,58,51,51,28,28,28,28,28,7,26,26,17,17,36,17,54,37,7,4,1,1,20,20,39,39,39,6,25,12,12,31,0],"gold":35,"neow_bonus":"UPGRADE_CARD","is_prod":false,"is_daily":false,"chose_seed":false,"campfire_upgraded":3,"win_rate":0,"timestamp":1550385164,"path_taken":["M","M","?","$","?","R","M","R","T","E","R","?","?","M","R","BOSS","M","M","?","M","?","R","?","R","T","R","M","R","M","?","R","BOSS"],"build_version":"2019-02-06","purchased_purges":0,"victory":false,"max_hp_per_floor":[66,66,66,66,66,66,66,66,66,66,66,66,66,66,66,66,66,66,66,66,66,66,66,66,66,66,66,66,66,66,66,66,66],"card_choices":[{"not_picked":["Prepared","Bane","Heel Hook"],"picked":"SKIP","floor":1.0},{"not_picked":["Expertise","Acrobatics"],"picked":"Quick Slash","floor":2.0},{"not_picked":["Deadly Poison","Skewer"],"picked":"Poisoned Stab","floor":7.0},{"not_picked":["Bane","Dodge and Roll"],"picked":"Dash","floor":10.0},{"not_picked":["Predator","Dagger Throw"],"picked":"Noxious Fumes","floor":14.0},{"not_picked":["Venomology","Burst"],"picked":"Corpse Explosion","floor":16.0},{"not_picked":["Dagger Spray","Underhanded Strike+1"],"picked":"Backflip","floor":18},{"not_picked":["Accuracy","Bane"],"picked":"Noxious Fumes+1","floor":19},{"not_picked":["Terror","Flying Knee"],"picked":"Dodge and Roll","floor":20},{"not_picked":["Quick Slash","Predator"],"picked":"Backstab","floor":21},{"not_picked":["Deadly Poison","Backstab"],"picked":"Well Laid Plans","floor":28},{"not_picked":["All Out Attack","Expertise","Slice"],"picked":"SKIP","floor":30}],"player_experience":1101095,"relics_obtained":[{"floor":10.0,"key":"Oddly Smooth Stone"},{"floor":26,"key":"Incense Burner"}],"event_choices":[{"cards_removed":["Strike_G"],"damage_healed":0.0,"max_hp_gain":0.0,"max_hp_loss":0.0,"gold_gain":0.0,"event_name":"Golden Wing","player_choice":"Card Removal","floor":3.0,"gold_loss":0.0,"damage_taken":7.0},{"damage_healed":0.0,"max_hp_gain":0.0,"max_hp_loss":0.0,"gold_gain":0.0,"event_name":"Golden Idol","player_choice":"Take Damage","floor":5.0,"gold_loss":0.0,"damage_taken":23.0,"relics_obtained":["Golden Idol"]},{"damage_healed":0.0,"max_hp_gain":0.0,"max_hp_loss":0.0,"gold_gain":0.0,"event_name":"Wheel of Change","player_choice":"Damaged","floor":13.0,"gold_loss":0.0,"damage_taken":9.0},{"damage_healed":0,"gold_gain":0,"player_choice":"Opened","damage_taken":0,"relics_obtained":["Dodecahedron"],"max_hp_gain":0,"max_hp_loss":0,"event_name":"The Mausoleum","floor":22,"gold_loss":0,"cards_obtained":["Writhe"]},{"damage_healed":0,"gold_gain":0,"player_choice":"Paid Fearfully","damage_taken":0,"max_hp_gain":0,"max_hp_loss":0,"event_name":"Masked Bandits","floor":24,"gold_loss":247}],"is_beta":true,"boss_relics":[{"not_picked":["White Beast Statue","Empty Cage"],"picked":"Velvet Choker"}],"items_purged_floors":[],"is_endless":false,"potions_floor_spawned":[10,14,18,20,30],"killed_by":"Collector","ascension_level":20}