{"gold_per_floor":[117,117,167,179,90,90,120,120,120,120,147,162,162,173,173,249,249,264,264,189,162,162,162,176,176],"floor_reached":25,"playtime":1039,"items_purged":["Bite"],"score":443,"play_id":"b114705d-55ba-4bcf-87c7-aa119d03cc6c","local_time":"20190511082106","is_ascension_mode":true,"campfire_choices":[{"data":"True Grit","floor":6,"key":"SMITH"},{"data":"Bash","floor":8,"key":"SMITH"},{"data":"Metallicize","floor":10,"key":"SMITH"},{"data":"Whirlwind","floor":13,"key":"SMITH"},{"floor":15,"key":"REST"},{"data":"Disarm","floor":23,"key":"SMITH"}],"neow_cost":"NONE","seed_source_timestamp":1606556187553494,"circlet_count":0,"master_deck":["AscendersBane","Defend_R","Defend_R","Defend_R","Defend_R","Bash+1","Wild Strike+1","True Grit+1","Metallicize+1","Disarm+1","Whirlwind+1","Disarm","Demon Form+1","Corruption+1","Bite","Bite","Bite","Bite","Battle Trance"],"relics":["Burning Blood","Omamori","Frozen Egg 2","Singing Bowl","PreservedInsect","Sozu","MutagenicStrength"],"potions_floor_usage":[7,14,16],"damage_taken":[{"damage":3,"enemies":"2 Louse","floor":1,"turns":3},{"damage":2,"enemies":"Jaw Worm","floor":4,"turns":3},{"damage":24,"enemies":"Gremlin Nob","floor":7,"turns":4},{"damage":35,"enemies":"3 Sentries","floor":11,"turns":17},{"damage":0,"enemies":"Cultist","floor":12,"turns":4},{"damage":3,"enemies":"Red Slaver","floor":14,"turns":3},{"damage":51,"enemies":"Slime Boss","floor":16,"turns":11},{"damage":32,"enemies":"Shell Parasite","floor":18,"turns":4},{"damage":15,"enemies":"2 Thieves","floor":21,"turns":4},{"damage":31,"enemies":"3 Cultists","floor":24,"turns":5},{"damage":21,"enemies":"Slavers","floor":25,"turns":1}],"seed_played":"1304705990820718802","potions_obtained":[{"floor":4,"key":"FearPotion"},{"floor":7,"key":"Ancient Potion"},{"floor":12,"key":"Fire Potion"}],"is_trial":false,"path_per_floor":["M","?","?","M","$","R","E","R","T","R","E","M","R","M","R","B",null,"M","?","$","M","?","R","M","E"],"character_chosen":"IRONCLAD","items_purchased":["Metallicize"],"campfire_rested":1,"item_purchase_floors":[5],"current_hp_per_floor":[71,71,64,68,68,68,50,50,50,50,21,29,29,32,55,10,60,34,34,34,35,35,35,18,0],"gold":176,"neow_bonus":"RANDOM_COMMON_RELIC","is_prod":false,"is_daily":false,"chose_seed":false,"campfire_upgraded":5,"win_rate":0,"timestamp":1557577266,"path_taken":["M","?","?","?","?","R","E","R","T","R","E","M","R","M","R","BOSS","M","?","$","M","?","R","M","E"],"build_version":"2019-01-23","purchased_purges":1,"victory":false,"max_hp_per_floor":[75,75,75,75,75,75,75,75,75,75,75,77,77,77,77,77,77,77,53,53,55,55,55,55,55],"card_choices":[{"not_picked":["True Grit","Heavy Blade"],"picked":"Wild Strike","floor":1},{"not_picked":["Thunderclap","Evolve"],"picked":"True Grit","floor":4},{"not_picked":["Body Slam","Iron Wave"],"picked":"Disarm","floor":7},{"not_picked":["True Grit","Infernal Blade"],"picked":"Whirlwind","floor":11},{"not_picked":["Cleave","Reckless Charge","Rupture+1"],"picked":"Singing Bowl","floor":12},{"not_picked":["Pommel Strike","Pummel"],"picked":"Disarm","floor":14},{"not_picked":["Brutality+1","Immolate"],"picked":"Demon Form+1","floor":16},{"not_picked":["Evolve+1","Sword Boomerang"],"picked":"Corruption+1","floor":18},{"not_picked":["Rage","Seeing Red","Carnage"],"picked":"Singing Bowl","floor":21},{"not_picked":["Sever Soul+1","Entrench+1"],"picked":"Battle Trance","floor":24}],"player_experience":2560115,"relics_obtained":[{"floor":7,"key":"Frozen Egg 2"},{"floor":9,"key":"Singing Bowl"},{"floor":11,"key":"PreservedInsect"}],"event_choices":[{"damage_healed":0,"gold_gain":0,"player_choice":"Grow","damage_taken":0,"max_hp_gain":0,"max_hp_loss":0,"event_name":"Living Wall","floor":2,"gold_loss":0,"cards_upgraded":["Wild Strike"]},{"damage_healed":0,"gold_gain":50,"player_choice":"Touch","damage_taken":7,"max_hp_gain":0,"max_hp_loss":0,"event_name":"FaceTrader","floor":3,"gold_loss":0},{"damage_healed":0,"gold_gain":0,"player_choice":"Became a vampire","damage_taken":0,"max_hp_gain":0,"max_hp_loss":24,"event_name":"Vampires","floor":19,"gold_loss":0,"cards_obtained":["Bite","Bite","Bite","Bite","Bite"]},{"damage_healed":0,"gold_gain":0,"player_choice":"Inject Mutagens","damage_taken":0,"relics_obtained":["MutagenicStrength"],"max_hp_gain":0,"max_hp_loss":0,"event_name":"Drug Dealer","floor":22,"gold_loss":0}],"is_beta":false,"boss_relics":[{"not_picked":["Philosopher\u0027s Stone","Pandora\u0027s Box"],"picked":"Sozu"}],"items_purged_floors":[20],"is_endless":false,"potions_floor_spawned":[4,7,12,18],"killed_by":"Slavers","ascension_level":20}