{"gold_per_floor":[113,13,13,13,33,33,57,57,57,97,97,113,138,156,156,245,245,258,283,198,198,216,241,127,127,152,152,172,172,211,261,261,357,357,375,57,57,45,95,95,168,187,258,278,294,307,348,187,187,187,187],"floor_reached":51,"playtime":3033,"items_purged":["Normality"],"score":1323,"play_id":"4e3044dd-9dbf-41de-bff0-f7fb30892f17","local_time":"20180908114846","is_ascension_mode":true,"campfire_choices":[{"data":"Neutralize","floor":6.0,"key":"SMITH"},{"data":"Noxious Fumes","floor":8.0,"key":"SMITH"},{"data":"Cloak And Dagger","floor":11.0,"key":"SMITH"},{"data":"Dodge and Roll","floor":15,"key":"SMITH"},{"floor":25,"key":"REST"},{"data":"Malaise","floor":29,"key":"SMITH"},{"floor":32,"key":"REST"},{"data":"A Thousand Cuts","floor":40,"key":"SMITH"},{"floor":49,"key":"REST"}],"neow_cost":"NONE","seed_source_timestamp":327573423790716,"circlet_count":0,"master_deck":["Defend_G+1","Defend_G+1","Defend_G+1","Defend_G+1","Defend_G+1","Strike_G+1","Strike_G+1","Strike_G+1","Survivor","Neutralize+1","AscendersBane","Flying Knee","Noxious Fumes+1","Dodge and Roll+1","Dagger Throw","Backflip","Cloak And Dagger+1","Backflip","Crippling Poison","Malaise+1","Blur","Well Laid Plans+1","Dodge and Roll","PiercingWail","Cloak And Dagger","Escape Plan","A Thousand Cuts+1","PiercingWail","Footwork+1","Dodge and Roll","Dodge and Roll","Noxious Fumes","Noxious Fumes+1"],"special_seed":0,"relics":["Ring of the Snake","Oddly Smooth Stone","Golden Idol","Ice Cream","Darkstone Periapt","Empty Cage","Pocketwatch","Art of War","Du-Vu Doll","Cursed Key","ClockworkSouvenir","SsserpentHead","Matryoshka","Tough Bandages"],"potions_floor_usage":[16,28,33,41,46,50,50],"damage_taken":[{"damage":4.0,"enemies":"Cultist","floor":1.0,"turns":6.0},{"damage":0.0,"enemies":"2 Louse","floor":5.0,"turns":3.0},{"damage":0.0,"enemies":"Jaw Worm","floor":7.0,"turns":5.0},{"damage":14.0,"enemies":"Gremlin Nob","floor":10.0,"turns":4.0},{"damage":0.0,"enemies":"2 Fungi Beasts","floor":12.0,"turns":4.0},{"damage":0.0,"enemies":"3 Louse","floor":13.0,"turns":4.0},{"damage":0,"enemies":"Looter","floor":14,"turns":4},{"damage":31,"enemies":"Slime Boss","floor":16,"turns":12},{"damage":12,"enemies":"3 Byrds","floor":18,"turns":7},{"damage":6,"enemies":"Chosen","floor":19,"turns":7},{"damage":4,"enemies":"Centurion and Healer","floor":22,"turns":9},{"damage":14,"enemies":"Shelled Parasite and Fungi","floor":23,"turns":10},{"damage":0,"enemies":"Snake Plant","floor":28,"turns":9},{"damage":25,"enemies":"Gremlin Leader","floor":30,"turns":13},{"damage":27,"enemies":"Collector","floor":33,"turns":15},{"damage":2,"enemies":"3 Shapes","floor":35,"turns":6},{"damage":0,"enemies":"3 Darklings","floor":41,"turns":6},{"damage":6,"enemies":"Jaw Worm Horde","floor":42,"turns":7},{"damage":0,"enemies":"4 Shapes","floor":44,"turns":5},{"damage":2,"enemies":"3 Darklings","floor":45,"turns":5},{"damage":20,"enemies":"Reptomancer","floor":46,"turns":9},{"damage":3,"enemies":"Giant Head","floor":47,"turns":11},{"damage":10,"enemies":"Time Eater","floor":50,"turns":17},{"damage":30,"enemies":"Awakened One","floor":51,"turns":5}],"seed_played":"-8730510711031036232","potions_obtained":[{"floor":1.0,"key":"GamblersBrew"},{"floor":5.0,"key":"Fire Potion"},{"floor":14,"key":"LiquidBronze"},{"floor":19,"key":"Dexterity Potion"},{"floor":23,"key":"Strength Potion"},{"floor":33,"key":"Explosive Potion"},{"floor":42,"key":"Ancient Potion"},{"floor":44,"key":"EssenceOfSteel"}],"is_trial":false,"path_per_floor":["M","$","$","?","M","R","M","R","T","E","R","M","M","M","R","B",null,"M","M","?","?","M","M","$","R","T","$","M","R","E","?","R","B",null,"M","$","?","$","?","R","M","M","T","M","M","M","E","$","R","B"],"character_chosen":"THE_SILENT","items_purchased":["Noxious Fumes","Dodge and Roll","Regen Potion","PiercingWail","Footwork","ClockworkSouvenir","Dodge and Roll","Ancient Potion"],"campfire_rested":3,"item_purchase_floors":[2,2,24,24,36,36,38,48],"current_hp_per_floor":[55,55,55,55,55,55,55,55,55,41,41,41,41,41,41,10,48,36,30,30,30,26,12,12,30,30,30,45,45,20,20,38,11,48,46,46,46,46,46,46,46,40,46,46,44,24,21,21,40,30,0],"gold":187,"neow_bonus":"RANDOM_COMMON_RELIC","is_prod":false,"is_daily":false,"chose_seed":false,"campfire_upgraded":6,"win_rate":0,"timestamp":1536432526,"path_taken":["M","?","$","?","M","R","M","R","T","E","R","M","M","?","R","BOSS","M","M","?","?","?","M","$","R","T","$","M","R","E","?","R","BOSS","M","$","?","?","?","R","?","M","T","M","M","M","E","$","R","BOSS","BOSS"],"build_version":"2018-09-06","purchased_purges":1,"victory":false,"max_hp_per_floor":[66,66,66,60,60,60,60,60,60,60,60,60,60,60,60,60,60,60,60,60,60,60,60,60,60,60,60,60,60,60,60,60,60,60,60,60,60,60,60,60,60,60,66,66,66,66,66,66,66,66,66],"card_choices":[{"not_picked":["Accuracy","Deflect"],"picked":"Flying Knee","floor":1.0},{"not_picked":["Deflect","Accuracy"],"picked":"Dagger Throw","floor":5.0},{"not_picked":["Blur","Caltrops"],"picked":"Backflip","floor":7.0},{"not_picked":["Deadly Poison","Underhanded Strike"],"picked":"Cloak And Dagger","floor":10.0},{"not_picked":["Distraction","Deadly Poison"],"picked":"Backflip","floor":12.0},{"not_picked":["Choke","Blade Dance"],"picked":"Crippling Poison","floor":13.0},{"not_picked":["Distraction","Flying Knee","Dagger Throw"],"picked":"SKIP","floor":14},{"not_picked":["Wraith Form v2","Storm of Steel"],"picked":"Malaise","floor":16},{"not_picked":["Bouncing Flask","Sucker Punch"],"picked":"Blur","floor":18},{"not_picked":["Catalyst","Blade Dance","Dagger Throw"],"picked":"SKIP","floor":19},{"not_picked":["Terror","Dagger Spray"],"picked":"Well Laid Plans+1","floor":22},{"not_picked":["Deflect","Dagger Throw"],"picked":"Dodge and Roll","floor":23},{"not_picked":["Masterful Stab","Endless Agony+1"],"picked":"Cloak And Dagger","floor":28},{"not_picked":["Grand Finale","Bane"],"picked":"Escape Plan","floor":30},{"not_picked":["Venomology","Doppelganger"],"picked":"A Thousand Cuts","floor":33},{"not_picked":["Reflex+1","Deadly Poison"],"picked":"PiercingWail","floor":35},{"not_picked":["Caltrops","Blade Dance","Deadly Poison+1"],"picked":"SKIP","floor":41},{"not_picked":["Calculated Gamble+1","Slice","Blur"],"picked":"SKIP","floor":42},{"not_picked":["Setup","PiercingWail"],"picked":"Dodge and Roll","floor":44},{"not_picked":["Flechettes","Slice"],"picked":"Noxious Fumes","floor":45},{"not_picked":["Deadly Poison+1","Quick Slash"],"picked":"Noxious Fumes+1","floor":46},{"not_picked":["Finisher","Prepared","Endless Agony"],"picked":"SKIP","floor":47}],"player_experience":917862,"relics_obtained":[{"floor":9.0,"key":"Ice Cream"},{"floor":10.0,"key":"Darkstone Periapt"},{"floor":26,"key":"Art of War"},{"floor":30,"key":"Du-Vu Doll"},{"floor":43,"key":"Matryoshka"},{"floor":47,"key":"Tough Bandages"}],"event_choices":[{"event_name":"Golden Idol","player_choice":"Lose Max HP","floor":4.0,"damage_taken":0.0},{"event_name":"Addict","player_choice":"Obtained Relic","floor":20,"damage_taken":0},{"event_name":"Back to Basics","player_choice":"Simplicity","floor":21,"damage_taken":0},{"event_name":"Golden Shrine","player_choice":"Pray","floor":31,"damage_taken":0},{"event_name":"FaceTrader","player_choice":"Trade","floor":37,"damage_taken":0},{"event_name":"Upgrade Shrine","player_choice":"Upgraded","floor":39,"damage_taken":0}],"is_beta":true,"boss_relics":[{"not_picked":["WristBlade","Fusion Hammer"],"picked":"Empty Cage"},{"not_picked":["White Beast Statue","Runic Pyramid"],"picked":"Cursed Key"}],"items_purged_floors":[48],"is_endless":false,"potions_floor_spawned":[1,5,14,19,23,33,42,44],"killed_by":"Awakened One","ascension_level":20}