{"gold_per_floor":[367,367,18,38,38,63,63,77,77,77],"floor_reached":10,"playtime":497,"items_purged":[],"score":132,"play_id":"af727037-beac-4eee-a002-3da191d73de4","local_time":"20190403060035","is_ascension_mode":true,"campfire_choices":[],"neow_cost":"TEN_PERCENT_HP_LOSS","seed_source_timestamp":157618996602733,"circlet_count":0,"master_deck":["AscendersBane","Strike_B","Strike_B","Strike_B","Defend_B","Defend_B","Defend_B","Defend_B","Zap","Dualcast","Sweeping Beam","Cold Snap","White Noise+1","Ball Lightning"],"relics":["Cracked Core","Matryoshka","OrangePellets","Bottled Lightning","Happy Flower"],"potions_floor_usage":[4,6,6,6,10],"damage_taken":[{"damage":7,"enemies":"Jaw Worm","floor":1,"turns":3},{"damage":7,"enemies":"Small Slimes","floor":4,"turns":3},{"damage":3,"enemies":"3 Sentries","floor":6,"turns":6},{"damage":0,"enemies":"Cultist","floor":8,"turns":4},{"damage":31,"enemies":"Lagavulin","floor":10,"turns":4}],"seed_played":"7500617612145341316","potions_obtained":[{"floor":1,"key":"Fruit Juice"},{"floor":4,"key":"LiquidBronze"}],"is_trial":false,"path_per_floor":["M","?","$","M","?","E","?","M","T","E"],"character_chosen":"DEFECT","items_purchased":["Cold Snap","OrangePellets","EntropicBrew"],"campfire_rested":0,"item_purchase_floors":[3,3,3],"current_hp_per_floor":[57,22,22,20,20,17,17,17,17,0],"gold":77,"neow_bonus":"TWO_FIFTY_GOLD","is_prod":false,"is_daily":false,"chose_seed":false,"campfire_upgraded":0,"win_rate":0,"timestamp":1554285635,"path_taken":["M","?","$","M","?","E","?","M","T","E"],"build_version":"2019-01-23","purchased_purges":0,"victory":false,"max_hp_per_floor":[64,64,64,69,69,69,69,69,69,69],"card_choices":[{"not_picked":["Chaos","Barrage"],"picked":"Sweeping Beam","floor":1},{"not_picked":["Streamline","Hello World"],"picked":"White Noise","floor":4},{"not_picked":["Stack","Turbo","Recycle"],"picked":"SKIP","floor":6},{"not_picked":["Hologram","Beam Cell"],"picked":"Ball Lightning","floor":8}],"player_experience":1563516,"relics_obtained":[{"floor":6,"key":"Bottled Lightning"},{"floor":9,"key":"Happy Flower"}],"event_choices":[{"damage_healed":0,"gold_gain":0,"player_choice":"Success","damage_taken":35,"relics_obtained":["Matryoshka"],"max_hp_gain":0,"max_hp_loss":0,"event_name":"Scrap Ooze","floor":2,"gold_loss":0},{"damage_healed":0,"gold_gain":0,"player_choice":"Grow","damage_taken":0,"max_hp_gain":0,"max_hp_loss":0,"event_name":"Living Wall","floor":5,"gold_loss":0,"cards_upgraded":["White Noise"]},{"cards_removed":["Strike_B"],"damage_healed":0,"gold_gain":0,"player_choice":"Offered Basic","damage_taken":0,"max_hp_gain":0,"max_hp_loss":0,"event_name":"Bonfire Elementals","floor":7,"gold_loss":0}],"is_beta":false,"boss_relics":[],"items_purged_floors":[],"is_endless":false,"potions_floor_spawned":[1,4],"killed_by":"Lagavulin","ascension_level":20}