{"gold_per_floor":[109,109,1,13,27,27,61,61,61,95,113,113,123,148,148,225,225,238,288,56,56,69,69,80,80,80,80,91,126,126,153,153,228,228,242,117,129,129,129,129,157,168,195,222,222,238,238,258,258,258,258,258,59,59],"floor_reached":54,"playtime":1762,"items_purged":["Decay","Strike_R","Fire Breathing+1"],"score":1274,"play_id":"db8cd54e-f2e8-412b-b2e1-0590d6c3f6dc","local_time":"20190410154509","is_ascension_mode":true,"campfire_choices":[{"data":"Inflame","floor":6.0,"key":"SMITH"},{"data":"Bash","floor":8.0,"key":"SMITH"},{"data":"Flame Barrier","floor":12.0,"key":"SMITH"},{"data":"Whirlwind","floor":15.0,"key":"SMITH"},{"data":"True Grit","floor":23.0,"key":"SMITH"},{"data":"1","floor":25.0,"key":"LIFT"},{"data":"2","floor":27.0,"key":"LIFT"},{"floor":32.0,"key":"REST"},{"data":"Power Through","floor":40,"key":"SMITH"},{"floor":45,"key":"REST"},{"floor":49,"key":"RECALL"},{"data":"3","floor":52,"key":"LIFT"}],"neow_cost":"NONE","seed_source_timestamp":2432075208923,"circlet_count":0,"master_deck":["AscendersBane","Strike_R+1","Defend_R","Defend_R","Defend_R","Defend_R","Bash+1","Flame Barrier+1","Inflame+1","Shrug It Off","Thunderclap","Rampage","Whirlwind+1","Reaper","Evolve+1","True Grit+1","Corruption","Shrug It Off","Headbutt","Reaper","Fiend Fire","Sentinel+1","Bloodletting+1","Power Through+1","Heavy Blade+1","Dark Shackles","Dark Shackles","Feel No Pain","Disarm+1","Shrug It Off+1","Pummel+1","Heavy Blade","Disarm","PanicButton"],"special_seed":0,"relics":["Burning Blood","Whetstone","Letter Opener","Lantern","Girya","Velvet Choker","Bag of Preparation","Dodecahedron","Vajra","Orichalcum","Astrolabe","Strawberry","Anchor","Ornamental Fan"],"potions_floor_usage":[54,54],"damage_taken":[{"damage":12.0,"enemies":"Jaw Worm","floor":1.0,"turns":3.0},{"damage":1.0,"enemies":"Cultist","floor":4.0,"turns":3.0},{"damage":1.0,"enemies":"2 Louse","floor":5.0,"turns":3.0},{"damage":23.0,"enemies":"Lagavulin","floor":7.0,"turns":6.0},{"damage":18.0,"enemies":"Gremlin Nob","floor":10.0,"turns":4.0},{"damage":8.0,"enemies":"Blue Slaver","floor":11.0,"turns":5.0},{"damage":10.0,"enemies":"Gremlin Gang","floor":13.0,"turns":5.0},{"damage":20.0,"enemies":"3 Sentries","floor":14.0,"turns":8.0},{"damage":10.0,"enemies":"Slime Boss","floor":16.0,"turns":6.0},{"damage":2.0,"enemies":"Spheric Guardian","floor":18.0,"turns":4.0},{"damage":3.0,"enemies":"Chosen","floor":22.0,"turns":5.0},{"damage":12.0,"enemies":"Snecko","floor":24.0,"turns":5.0},{"damage":4.0,"enemies":"Centurion and Healer","floor":28.0,"turns":6.0},{"damage":19.0,"enemies":"Slavers","floor":29.0,"turns":2.0},{"damage":55.0,"enemies":"Gremlin Leader","floor":31.0,"turns":7.0},{"damage":90.0,"enemies":"Automaton","floor":33.0,"turns":11.0},{"damage":7.0,"enemies":"Orb Walker","floor":35.0,"turns":4.0},{"damage":3,"enemies":"3 Darklings","floor":37,"turns":2},{"damage":36,"enemies":"Reptomancer","floor":41,"turns":5},{"damage":32,"enemies":"Maw","floor":42,"turns":9},{"damage":37,"enemies":"Nemesis","floor":44,"turns":8},{"damage":18,"enemies":"Transient","floor":46,"turns":5},{"damage":3,"enemies":"4 Shapes","floor":48,"turns":6},{"damage":103,"enemies":"Donu and Deca","floor":50,"turns":11},{"damage":85,"enemies":"Shield and Spear","floor":54,"turns":3}],"seed_played":"7626556152345656362","potions_obtained":[{"floor":1.0,"key":"EntropicBrew"},{"floor":7.0,"key":"PowerPotion"},{"floor":11.0,"key":"Fire Potion"},{"floor":16.0,"key":"Energy Potion"},{"floor":30.0,"key":"EssenceOfSteel"},{"floor":33.0,"key":"EssenceOfSteel"},{"floor":37,"key":"EssenceOfSteel"}],"is_trial":false,"path_per_floor":["M","?","$","M","M","R","E","R","T","E","M","R","M","E","R","B",null,"M","?","$","?","M","R","M","R","T","R","M","E","?","E","R","B",null,"M","$","M","?","?","R","E","M","T","E","R","M","?","M","R","B",null,"R","$","E"],"character_chosen":"IRONCLAD","items_purchased":["Inflame","True Grit","Corruption","Heavy Blade","Disarm","PanicButton"],"campfire_rested":2,"item_purchase_floors":[3,20,20,53,53,53],"current_hp_per_floor":[62,62,62,67,72,72,55,55,55,43,41,41,37,23,23,19,61,65,65,65,65,75,75,75,75,75,75,75,62,62,39,61,12,59,74,74,75,75,65,65,58,47,47,46,70,73,73,82,82,25,68,68,68,0],"gold":59,"neow_bonus":"RANDOM_COMMON_RELIC","is_prod":false,"is_daily":false,"chose_seed":false,"campfire_upgraded":6,"win_rate":0,"timestamp":1554925509,"path_taken":["M","?","$","M","?","R","E","R","T","E","M","R","M","E","R","BOSS","M","?","$","?","?","R","M","R","T","R","M","E","?","E","R","BOSS","M","$","?","?","?","R","E","M","T","E","R","M","?","M","R","BOSS","R","$","E"],"build_version":"2019-04-04","purchased_purges":3,"victory":false,"max_hp_per_floor":[75,75,75,75,75,75,75,75,75,75,75,75,75,75,75,75,75,75,75,75,75,75,75,75,75,75,75,75,75,75,75,75,75,75,75,75,75,75,75,75,82,82,82,82,82,82,82,82,82,82,82,82,82,82],"card_choices":[{"not_picked":["Infernal Blade","Disarm"],"picked":"Flame Barrier","floor":1.0},{"not_picked":["Iron Wave","Armaments","Flame Barrier"],"picked":"SKIP","floor":4.0},{"not_picked":["Flex","Ghostly Armor","Perfected Strike"],"picked":"SKIP","floor":5.0},{"not_picked":["Clash","Clothesline"],"picked":"Shrug It Off","floor":7.0},{"not_picked":["Armaments","Rampage","Corruption"],"picked":"SKIP","floor":10.0},{"not_picked":["Wild Strike","Clash"],"picked":"Thunderclap","floor":11.0},{"not_picked":["Thunderclap","True Grit"],"picked":"Rampage","floor":13.0},{"not_picked":["Blood for Blood","Impervious"],"picked":"Whirlwind","floor":14.0},{"not_picked":["Fiend Fire","Exhume"],"picked":"Reaper","floor":16.0},{"not_picked":["Flex","Second Wind"],"picked":"Evolve+1","floor":18.0},{"not_picked":["Havoc","Blood for Blood","Rupture"],"picked":"SKIP","floor":22.0},{"not_picked":["Iron Wave","Cleave"],"picked":"Shrug It Off","floor":24.0},{"not_picked":["Ghostly Armor","Shrug It Off"],"picked":"Headbutt","floor":28.0},{"not_picked":["Clash","Perfected Strike","Armaments"],"picked":"SKIP","floor":29.0},{"not_picked":["Immolate","Perfected Strike"],"picked":"Reaper","floor":31.0},{"not_picked":["Immolate","Dark Embrace"],"picked":"Fiend Fire","floor":33.0},{"not_picked":["Cleave","Rupture"],"picked":"Power Through","floor":35.0},{"not_picked":["Wild Strike","Shrug It Off+1"],"picked":"Heavy Blade+1","floor":37},{"not_picked":["Discovery","Transmutation"],"picked":"Dark Shackles","floor":39},{"not_picked":["Chrysalis","Thinking Ahead"],"picked":"Dark Shackles","floor":39},{"not_picked":["Inflame+1","Anger"],"picked":"Feel No Pain","floor":41},{"not_picked":["Whirlwind","Rupture+1","True Grit"],"picked":"SKIP","floor":42},{"not_picked":["Clash","True Grit"],"picked":"Disarm","floor":44},{"not_picked":["Iron Wave+1","Intimidate"],"picked":"Shrug It Off+1","floor":46},{"not_picked":["Headbutt+1","Pummel+1","Rupture+1"],"picked":"SKIP","floor":48},{"not_picked":["Headbutt+1","Rupture+1"],"picked":"Pummel+1","floor":48}],"player_experience":2385542,"relics_obtained":[{"floor":7.0,"key":"Letter Opener"},{"floor":10.0,"key":"Lantern"},{"floor":14.0,"key":"Girya"},{"floor":21.0,"key":"Bag of Preparation"},{"floor":26.0,"key":"Dodecahedron"},{"floor":29.0,"key":"Vajra"},{"floor":31.0,"key":"Orichalcum"},{"floor":41,"key":"Strawberry"},{"floor":43,"key":"Anchor"},{"floor":44,"key":"Ornamental Fan"}],"event_choices":[{"damage_healed":0.0,"max_hp_gain":0.0,"max_hp_loss":0.0,"gold_gain":0.0,"event_name":"Wheel of Change","player_choice":"Cursed","floor":2.0,"gold_loss":0.0,"damage_taken":0.0,"cards_obtained":["Decay"]},{"damage_healed":0.0,"max_hp_gain":0.0,"max_hp_loss":0.0,"gold_gain":50.0,"event_name":"Nest","player_choice":"Stole From Cult","floor":19.0,"gold_loss":0.0,"damage_taken":0.0},{"damage_healed":0.0,"max_hp_gain":0.0,"max_hp_loss":0.0,"gold_gain":0.0,"event_name":"Wheel of Change","player_choice":"Relic","floor":21.0,"gold_loss":0.0,"damage_taken":0.0},{"damage_healed":0.0,"max_hp_gain":0.0,"max_hp_loss":0.0,"gold_gain":0.0,"event_name":"Lab","player_choice":"Got Potions","floor":30.0,"gold_loss":0.0,"damage_taken":0.0},{"damage_healed":0,"gold_gain":0,"player_choice":"Ignored","damage_taken":0,"max_hp_gain":0,"max_hp_loss":0,"event_name":"Tomb of Lord Red Mask","floor":38,"gold_loss":0},{"damage_healed":0,"gold_gain":0,"player_choice":"Memory 3","damage_taken":10,"max_hp_gain":0,"max_hp_loss":0,"event_name":"SensoryStone","floor":39,"gold_loss":0},{"damage_healed":0,"gold_gain":0,"player_choice":"Forge","damage_taken":0,"max_hp_gain":0,"max_hp_loss":0,"event_name":"Accursed Blacksmith","floor":47,"gold_loss":0,"cards_upgraded":["Disarm"]}],"is_beta":true,"boss_relics":[{"not_picked":["Philosopher\u0027s Stone","Busted Crown"],"picked":"Velvet Choker"},{"not_picked":["Lizard Tail","Orrery"],"picked":"Astrolabe"}],"items_purged_floors":[3,20,36],"is_endless":false,"potions_floor_spawned":[1,7,11,13,14,16,22,33,37,44,48],"killed_by":"Shield and Spear","ascension_level":15}