{"gold_per_floor":[118,118,133,133,146,173,173,198,198,231,251,251,251],"floor_reached":13,"playtime":1174,"items_purged":[],"score":183,"play_id":"0a6ffc4b-7cf6-4c7e-9690-a9f1d6759bb3","local_time":"20190323002620","is_ascension_mode":true,"campfire_choices":[{"data":"Zap","floor":7,"key":"SMITH"},{"data":"Blizzard","floor":12,"key":"SMITH"}],"neow_cost":"NONE","seed_source_timestamp":513703995547984,"circlet_count":0,"master_deck":["AscendersBane","Strike_B","Strike_B","Strike_B","Strike_B","Defend_B","Defend_B","Defend_B","Defend_B","Zap+1","Dualcast","Coolheaded","Doom and Gloom+1","Cold Snap","Blizzard+1","Self Repair","Loop"],"relics":["Cracked Core","Art of War","Pear","Blood Vial"],"potions_floor_usage":[11],"damage_taken":[{"damage":0,"enemies":"Small Slimes","floor":1,"turns":4},{"damage":5,"enemies":"2 Louse","floor":3,"turns":3},{"damage":5,"enemies":"Jaw Worm","floor":5,"turns":3},{"damage":36,"enemies":"Gremlin Nob","floor":6,"turns":4},{"damage":27,"enemies":"3 Sentries","floor":10,"turns":5},{"damage":0,"enemies":"Large Slime","floor":11,"turns":4},{"damage":39,"enemies":"Gremlin Gang","floor":13,"turns":3}],"seed_played":"-6542073322043042752","potions_obtained":[{"floor":10,"key":"Energy Potion"}],"is_trial":false,"path_per_floor":["M","?","M","?","M","E","R","T","T","E","M","R","M"],"character_chosen":"DEFECT","items_purchased":[],"campfire_rested":0,"item_purchase_floors":[],"current_hp_per_floor":[71,76,71,71,66,30,30,30,40,13,22,22,0],"gold":251,"neow_bonus":"TEN_PERCENT_HP_BONUS","is_prod":false,"is_daily":false,"chose_seed":false,"campfire_upgraded":2,"win_rate":0,"timestamp":1553315180,"path_taken":["M","?","M","?","M","E","R","?","T","E","M","R","M"],"build_version":"2019-01-23","purchased_purges":0,"victory":false,"max_hp_per_floor":[78,83,83,83,83,83,83,83,93,93,93,93,93],"card_choices":[{"not_picked":["Steam","Storm"],"picked":"Coolheaded","floor":1},{"not_picked":["Stack","FTL"],"picked":"Doom and Gloom","floor":3},{"not_picked":["Lockon","Compile Driver"],"picked":"Cold Snap","floor":5},{"not_picked":["Barrage","Redo"],"picked":"Blizzard","floor":6},{"not_picked":["Double Energy","Rip and Tear"],"picked":"Self Repair","floor":10},{"not_picked":["Cold Snap","Skim"],"picked":"Loop","floor":11}],"player_experience":1355305,"relics_obtained":[{"floor":6,"key":"Art of War"},{"floor":9,"key":"Pear"},{"floor":10,"key":"Blood Vial"}],"event_choices":[{"damage_healed":0,"gold_gain":0,"player_choice":"Donut","damage_taken":0,"max_hp_gain":5,"max_hp_loss":0,"event_name":"Big Fish","floor":2,"gold_loss":0},{"damage_healed":0,"gold_gain":0,"player_choice":"Grow","damage_taken":0,"max_hp_gain":0,"max_hp_loss":0,"event_name":"Living Wall","floor":4,"gold_loss":0,"cards_upgraded":["Doom and Gloom"]}],"is_beta":false,"boss_relics":[],"items_purged_floors":[],"is_endless":false,"potions_floor_spawned":[10],"killed_by":"Gremlin Gang","ascension_level":14}