{"path_per_floor":["M","M","?","?","M","E","T","M","T","M","?","M","R","E","R"],"character_chosen":"IRONCLAD","items_purchased":[],"gold_per_floor":[111,128,78,153,169,195,220,230,230,250,312,323,323,355,355],"floor_reached":16,"campfire_rested":0,"playtime":982,"current_hp_per_floor":[72,72,72,61,66,58,58,50,50,50,24,30,30,20,20],"items_purged":[],"gold":355,"score":112,"play_id":"03ea6e5c-ca83-41ca-8ada-624a778e80e7","is_prod":false,"is_daily":false,"is_ascension_mode":false,"campfire_upgraded":2,"path_taken":["M","?","?","?","?","E","?","M","T","M","?","?","R","E","R","BOSS"],"build_version":"2018-02-15-PROD1","purchased_purges":0,"victory":false,"master_deck":["Strike_R","Strike_R","Strike_R","Strike_R","Defend_R","Defend_R","Defend_R","Defend_R","Bash","Carnage","Clash","Spot Weakness","Dark Embrace+1","Inflame","Dual Wield+1","Uppercut","Corruption+1","Feel No Pain"],"max_hp_per_floor":[72,72,72,72,72,72,72,72,72,72,72,72,72,72,72],"relics":["Burning Blood","Ginger","Toxic Egg 2","Anchor","Champion Belt","Smiling Mask","Peace Pipe"],"card_choices":[{"not_picked":["Cleave","True Grit"],"picked":"Carnage"},{"not_picked":["Havoc","Twin Strike"],"picked":"Clash"},{"not_picked":["Sentinel","Havoc"],"picked":"Spot Weakness"},{"not_picked":["Iron Wave","Sword Boomerang"],"picked":"Dark Embrace"},{"not_picked":["Wild Strike","Flex"],"picked":"Inflame"},{"not_picked":["Evolve","Battle Trance"],"picked":"Dual Wield"},{"not_picked":["Perfected Strike","Warcry"],"picked":"Uppercut"},{"not_picked":["True Grit","Heavy Blade"],"picked":"Corruption"},{"not_picked":["Cleave","Hemokinesis"],"picked":"Feel No Pain"}],"player_experience":261433,"potions_floor_usage":[6,8,14,14],"damage_taken":[{"damage":6,"enemies":"Cultist","floor":1,"turns":3},{"damage":6,"enemies":"2 Louse","floor":2,"turns":2},{"damage":1,"enemies":"Jaw Worm","floor":5,"turns":3},{"damage":14,"enemies":"Gremlin Nob","floor":6,"turns":3},{"damage":14,"enemies":"Large Slime","floor":8,"turns":6},{"damage":6,"enemies":"3 Louse","floor":10,"turns":4},{"damage":32,"enemies":"Lagavulin Event","floor":11,"turns":5},{"damage":0,"enemies":"2 Fungi Beasts","floor":12,"turns":2},{"damage":16,"enemies":"Lagavulin","floor":14,"turns":5},{"damage":30,"enemies":"Slime Boss","floor":16,"turns":3}],"event_choices":[{"event_name":"The Cleric","player_choice":"Card Removal","floor":3,"damage_taken":0},{"event_name":"World of Goop","player_choice":"Gather Gold","floor":4,"damage_taken":0},{"event_name":"Dead Adventurer","player_choice":"Searched \u00272\u0027 times","floor":11,"damage_taken":0}],"boss_relics":[],"potions_floor_spawned":[1,6,11,12],"seed_played":"-2411423821776710055","killed_by":"Slime Boss","ascension_level":0,"is_trial":false}