{"gold_per_floor":[114,189,209,219,288,288,321,321,346,346,378,214,214,234,234,307,307,324,338,351,276,17,17,67,98,159,188,200,267,279,319,331,343],"floor_reached":33,"playtime":1081,"items_purged":["Strike_G"],"score":557,"play_id":"212e08da-e25e-4bb2-a81f-4d91b1554380","local_time":"20180807203831","is_ascension_mode":true,"campfire_choices":[{"data":"Noxious Fumes","floor":6.0,"key":"SMITH"},{"data":"Cloak And Dagger","floor":8.0,"key":"SMITH"},{"data":"Caltrops","floor":13.0,"key":"SMITH"},{"floor":15,"key":"REST"},{"data":"A Thousand Cuts","floor":23,"key":"SMITH"},{"data":"Cloak And Dagger","floor":28,"key":"SMITH"},{"data":"Cloak And Dagger","floor":30,"key":"SMITH"},{"data":"Leg Sweep","floor":32,"key":"SMITH"}],"neow_cost":"NONE","seed_source_timestamp":189935407317861,"circlet_count":0,"master_deck":["Defend_G","Defend_G","Defend_G","Defend_G","Defend_G","Strike_G","Strike_G","Strike_G","Survivor","Neutralize+1","AscendersBane","Noxious Fumes+1","Poisoned Stab","Cloak And Dagger+1","Dodge and Roll","Caltrops+1","Dagger Spray","Cloak And Dagger+1","A Thousand Cuts+1","PiercingWail","Cloak And Dagger+1","Leg Sweep+1","Infinite Blades","Sucker Punch","Crippling Poison","Backflip"],"special_seed":0,"relics":["Ring of the Snake","Gremlin Horn","Oddly Smooth Stone","Bag of Marbles","Bag of Preparation","Coffee Dripper","Snake Skull","MawBank","Happy Flower","Tiny Chest","Red Mask"],"potions_floor_usage":[20,25,25],"damage_taken":[{"damage":4.0,"enemies":"Jaw Worm","floor":1.0,"turns":6.0},{"damage":9.0,"enemies":"Small Slimes","floor":3.0,"turns":5.0},{"damage":0.0,"enemies":"2 Louse","floor":4.0,"turns":4.0},{"damage":12.0,"enemies":"Lagavulin","floor":7.0,"turns":8.0},{"damage":0.0,"enemies":"Gremlin Gang","floor":10.0,"turns":1.0},{"damage":11.0,"enemies":"3 Sentries","floor":11.0,"turns":6.0},{"damage":14,"enemies":"Exordium Thugs","floor":14,"turns":4},{"damage":15,"enemies":"Hexaghost","floor":16,"turns":10},{"damage":0,"enemies":"Chosen","floor":18,"turns":5},{"damage":1,"enemies":"Shell Parasite","floor":19,"turns":5},{"damage":16,"enemies":"Snecko","floor":20,"turns":6},{"damage":0,"enemies":"Slavers","floor":25,"turns":4},{"damage":3,"enemies":"Centurion and Healer","floor":27,"turns":7},{"damage":8,"enemies":"Book of Stabbing","floor":29,"turns":7},{"damage":18,"floor":31,"turns":3},{"damage":23,"enemies":"Collector","floor":33,"turns":6}],"seed_played":"5638529589401983329","potions_obtained":[{"floor":3.0,"key":"SmokeBomb"},{"floor":7.0,"key":"Regen Potion"},{"floor":11.0,"key":"Weak Potion"},{"floor":18,"key":"Fire Potion"},{"floor":20,"key":"Block Potion"}],"is_trial":false,"path_per_floor":["M","?","M","M","T","R","E","R","T","M","E","$","R","M","R","B",null,"M","M","M","?","$","R","?","E","T","M","R","E","R","?","R"],"character_chosen":"THE_SILENT","items_purchased":["Caltrops","Dagger Spray","Snake Skull","Leg Sweep","Infinite Blades"],"campfire_rested":1,"item_purchase_floors":[12,12,22,22,22],"current_hp_per_floor":[55,44,35,35,35,35,23,23,23,23,27,27,27,13,32,17,54,54,53,37,37,37,37,37,37,37,34,34,26,26,8,8,0],"gold":343,"neow_bonus":"UPGRADE_CARD","is_prod":false,"is_daily":false,"chose_seed":false,"campfire_upgraded":7,"win_rate":0,"timestamp":1533699511,"path_taken":["M","?","M","?","?","R","E","R","T","M","E","$","R","?","R","BOSS","M","M","M","?","$","R","?","E","T","M","R","E","R","?","R","BOSS"],"build_version":"2018-08-07","purchased_purges":1,"victory":false,"max_hp_per_floor":[66,66,66,66,66,66,66,66,66,66,66,66,66,66,66,66,66,66,66,66,66,66,66,66,66,66,66,66,66,66,66,66,66],"card_choices":[{"not_picked":["Slice","Outmaneuver","Bane"],"picked":"SKIP","floor":1.0},{"not_picked":["Eviscerate","Deadly Poison"],"picked":"Noxious Fumes","floor":3.0},{"not_picked":["Blade Dance","Flechettes"],"picked":"Poisoned Stab","floor":4.0},{"not_picked":["Prepared","Reflex"],"picked":"Cloak And Dagger","floor":7.0},{"not_picked":["Doppelganger","PiercingWail"],"picked":"Dodge and Roll","floor":11.0},{"not_picked":["Infinite Blades","Dagger Throw"],"picked":"Cloak And Dagger","floor":14},{"not_picked":["Night Terror","Glass Knife"],"picked":"A Thousand Cuts","floor":16},{"not_picked":["Prepared","Predator"],"picked":"PiercingWail","floor":18},{"not_picked":["Poisoned Stab","Acrobatics"],"picked":"Cloak And Dagger","floor":19},{"not_picked":["Outmaneuver","Corpse Explosion","PiercingWail"],"picked":"SKIP","floor":20},{"not_picked":["Dagger Spray","Poisoned Stab+1"],"picked":"Sucker Punch","floor":25},{"not_picked":["Setup+1","Poisoned Stab","Blade Dance"],"picked":"SKIP","floor":27},{"not_picked":["Tactician","Blade Dance"],"picked":"Crippling Poison","floor":29},{"not_picked":["Finisher","Flying Knee"],"picked":"Backflip","floor":31}],"player_experience":855151,"relics_obtained":[{"floor":5.0,"key":"Gremlin Horn"},{"floor":7.0,"key":"Oddly Smooth Stone"},{"floor":9.0,"key":"Bag of Marbles"},{"floor":11.0,"key":"Bag of Preparation"},{"floor":25,"key":"MawBank"},{"floor":26,"key":"Happy Flower"},{"floor":29,"key":"Tiny Chest"},{"floor":31,"key":"Red Mask"}],"event_choices":[{"event_name":"World of Goop","player_choice":"Gather Gold","floor":2.0,"damage_taken":0.0},{"event_name":"Beggar","player_choice":"Gave Gold","floor":21,"damage_taken":0},{"event_name":"Nest","player_choice":"Stole From Cult","floor":24,"damage_taken":0},{"event_name":"Masked Bandits","player_choice":"Fought Bandits","floor":31,"damage_taken":0}],"is_beta":true,"boss_relics":[{"not_picked":["Orrery","Ring of the Serpent"],"picked":"Coffee Dripper"}],"items_purged_floors":[12],"is_endless":false,"potions_floor_spawned":[3,7,10,11,18,19,20],"killed_by":"Collector","ascension_level":15}