{"gold_per_floor":[114,114,133,58,73,73,103,103,103,103,132,143,143],"floor_reached":13,"playtime":619,"items_purged":[],"score":186,"play_id":"426cb8f3-fce4-4cc2-829d-29e1ea1f7035","local_time":"20190430031610","is_ascension_mode":true,"campfire_choices":[{"data":"Uppercut","floor":6,"key":"SMITH"},{"data":"Bash","floor":8,"key":"SMITH"},{"data":"Spot Weakness","floor":10,"key":"SMITH"}],"neow_cost":"NONE","seed_source_timestamp":638133908350822,"circlet_count":0,"master_deck":["AscendersBane","Strike_R","Strike_R","Strike_R","Strike_R","Defend_R","Defend_R","Defend_R","Defend_R","Bash+1","Pommel Strike","Spot Weakness+1","Uppercut+1","Impervious","Shrug It Off"],"relics":["Burning Blood","Letter Opener","Gremlin Horn","Blood Vial"],"potions_floor_usage":[],"damage_taken":[{"damage":8,"enemies":"2 Louse","floor":1,"turns":3},{"damage":4,"enemies":"Jaw Worm","floor":3,"turns":4},{"damage":14,"enemies":"Small Slimes","floor":5,"turns":3},{"damage":30,"enemies":"Gremlin Nob","floor":7,"turns":4},{"damage":25,"enemies":"3 Sentries","floor":11,"turns":8},{"damage":5,"enemies":"Gremlin Gang","floor":12,"turns":5},{"damage":29,"enemies":"Gremlin Nob","floor":13,"turns":3}],"seed_played":"1458752652656384595","potions_obtained":[{"floor":0,"key":"LiquidBronze"},{"floor":0,"key":"FearPotion"}],"is_trial":false,"path_per_floor":["M","?","M","?","M","R","E","R","T","R","E","M","E"],"character_chosen":"IRONCLAD","items_purchased":[],"campfire_rested":0,"item_purchase_floors":[],"current_hp_per_floor":[66,71,73,73,65,65,41,41,41,41,22,25,0],"gold":143,"neow_bonus":"THREE_SMALL_POTIONS","is_prod":false,"is_daily":false,"chose_seed":false,"campfire_upgraded":3,"win_rate":0,"timestamp":1556608570,"path_taken":["M","?","M","?","M","R","E","R","T","R","E","M","E"],"build_version":"2019-01-23","purchased_purges":0,"victory":false,"max_hp_per_floor":[75,80,80,80,80,80,80,80,80,80,80,80,80],"card_choices":[{"not_picked":["Dropkick","Sword Boomerang"],"picked":"Pommel Strike","floor":1},{"not_picked":["Sentinel","Fire Breathing"],"picked":"Spot Weakness","floor":3},{"not_picked":["Warcry","Clash"],"picked":"Uppercut","floor":5},{"not_picked":["Corruption","True Grit"],"picked":"Impervious","floor":7},{"not_picked":["Intimidate","Battle Trance"],"picked":"Shrug It Off","floor":11},{"not_picked":["Anger","Cleave","Rage"],"picked":"SKIP","floor":12}],"player_experience":2133652,"relics_obtained":[{"floor":7,"key":"Letter Opener"},{"floor":9,"key":"Gremlin Horn"},{"floor":11,"key":"Blood Vial"}],"event_choices":[{"damage_healed":0,"gold_gain":0,"player_choice":"Donut","damage_taken":0,"max_hp_gain":5,"max_hp_loss":0,"event_name":"Big Fish","floor":2,"gold_loss":0},{"cards_removed":["Strike_R"],"damage_healed":0,"gold_gain":0,"player_choice":"Card Removal","damage_taken":0,"max_hp_gain":0,"max_hp_loss":0,"event_name":"The Cleric","floor":4,"gold_loss":75}],"is_beta":false,"boss_relics":[],"items_purged_floors":[],"is_endless":false,"potions_floor_spawned":[3,11,12],"killed_by":"Gremlin Nob","ascension_level":20}