{"gold_per_floor":[112,37,37,37,15,15,35,35,35,55,155,170,186,202,202,304,304,322,333,258,274,77,77,95,15,15,15,15,28,28,41,41,41],"floor_reached":33,"playtime":1363,"items_purged":["Defend_B","Strike_B"],"score":347,"play_id":"05799bcc-4195-4c07-9705-faede0cc2af6","local_time":"20190506141243","is_ascension_mode":true,"campfire_choices":[{"data":"Beam Cell","floor":6,"key":"SMITH"},{"data":"Zap","floor":8,"key":"SMITH"},{"data":"Hologram","floor":15,"key":"SMITH"},{"floor":23,"key":"REST"},{"data":"Seek","floor":27,"key":"SMITH"},{"floor":30,"key":"REST"},{"data":"Coolheaded","floor":32,"key":"SMITH"}],"neow_cost":"NONE","seed_source_timestamp":153746892720939,"circlet_count":0,"master_deck":["Strike_B","Defend_B","Defend_B","Zap+1","Dualcast","Hologram+1","Beam Cell+1","Ball Lightning","Gash","Leap","All For One","Skim+1","Chill+1","Reprogram","Seek+1","FTL+1","Coolheaded+1"],"relics":["Empty Cage","The Courier","Inserter","Meat on the Bone","Mummified Hand","Frozen Egg 2"],"potions_floor_usage":[33,33],"damage_taken":[{"damage":4,"enemies":"Small Slimes","floor":1,"turns":3},{"damage":4,"enemies":"Jaw Worm","floor":7,"turns":2},{"damage":0,"enemies":"Cultist","floor":10,"turns":2},{"damage":11,"enemies":"Blue Slaver","floor":12,"turns":3},{"damage":9,"enemies":"Exordium Wildlife","floor":13,"turns":3},{"damage":11,"enemies":"Red Slaver","floor":14,"turns":2},{"damage":20,"enemies":"Slime Boss","floor":16,"turns":7},{"damage":13,"enemies":"Spheric Guardian","floor":18,"turns":4},{"damage":34,"enemies":"Chosen","floor":19,"turns":5},{"damage":16,"enemies":"Centurion and Healer","floor":21,"turns":5},{"damage":16,"enemies":"Snake Plant","floor":24,"turns":4},{"damage":20,"enemies":"Snecko","floor":29,"turns":5},{"damage":2,"enemies":"Centurion and Healer","floor":31,"turns":4},{"damage":52,"enemies":"Automaton","floor":33,"turns":6}],"seed_played":"7039802441850118805","potions_obtained":[{"floor":12,"key":"GamblersBrew"},{"floor":13,"key":"SmokeBomb"},{"floor":21,"key":"Explosive Potion"}],"is_trial":false,"path_per_floor":["M","$","?","?","$","R","M","R","T","M","?","M","M","M","R","B",null,"M","M","?","M","$","R","M","$","T","R","T","M","R","M","R","B"],"character_chosen":"DEFECT","items_purchased":["Beam Cell","Meat on the Bone"],"campfire_rested":2,"item_purchase_floors":[5,22],"current_hp_per_floor":[64,64,69,69,69,69,65,65,65,65,65,54,45,34,34,14,64,51,17,17,1,1,25,21,21,21,21,21,13,37,47,47,0],"gold":41,"neow_bonus":"BOSS_RELIC","is_prod":false,"is_daily":false,"chose_seed":false,"campfire_upgraded":5,"win_rate":0,"timestamp":1557148363,"path_taken":["M","$","?","?","?","R","M","R","T","M","?","?","M","M","R","BOSS","M","M","?","M","$","R","M","$","T","R","?","M","R","?","R","BOSS"],"build_version":"2019-01-23","purchased_purges":2,"victory":false,"max_hp_per_floor":[75,75,80,80,80,80,80,80,80,80,80,80,80,80,80,80,80,80,80,80,80,80,80,80,80,80,80,80,80,80,80,80,80],"card_choices":[{"not_picked":["Cold Snap","Static Discharge"],"picked":"Hologram","floor":1},{"not_picked":["Aggregate","Storm","Heatsinks"],"picked":"SKIP","floor":7},{"not_picked":["Steam","Coolheaded"],"picked":"Ball Lightning","floor":10},{"not_picked":["Barrage","Beam Cell","Cold Snap"],"picked":"SKIP","floor":12},{"not_picked":["Sweeping Beam","Hologram"],"picked":"Gash","floor":13},{"not_picked":["Cold Snap","Chaos"],"picked":"Leap","floor":14},{"not_picked":["Meteor Strike","Rainbow"],"picked":"All For One","floor":16},{"not_picked":["Turbo+1","Go for the Eyes"],"picked":"Skim+1","floor":18},{"not_picked":["Double Energy","Steam"],"picked":"Chill+1","floor":19},{"not_picked":["Stack","Beam Cell+1"],"picked":"Reprogram","floor":21},{"not_picked":["Coolheaded","Glacier+1"],"picked":"Seek","floor":24},{"not_picked":["Rebound","Undo+1"],"picked":"FTL+1","floor":29},{"not_picked":["Conserve Battery","Reinforced Body"],"picked":"Coolheaded","floor":31}],"player_experience":324332,"relics_obtained":[{"floor":9,"key":"The Courier"},{"floor":26,"key":"Mummified Hand"},{"floor":28,"key":"Frozen Egg 2"}],"event_choices":[{"damage_healed":0,"gold_gain":0,"player_choice":"Donut","damage_taken":0,"max_hp_gain":5,"max_hp_loss":0,"event_name":"Big Fish","floor":3,"gold_loss":0},{"damage_healed":0,"gold_gain":0,"player_choice":"Ignored","damage_taken":0,"max_hp_gain":0,"max_hp_loss":0,"event_name":"Liars Game","floor":4,"gold_loss":0},{"damage_healed":0,"gold_gain":100,"player_choice":"Pray","damage_taken":0,"max_hp_gain":0,"max_hp_loss":0,"event_name":"Golden Shrine","floor":11,"gold_loss":0},{"cards_removed":["Strike_B"],"damage_healed":0,"gold_gain":0,"player_choice":"Gave Gold","damage_taken":0,"max_hp_gain":0,"max_hp_loss":0,"event_name":"Beggar","floor":20,"gold_loss":75}],"is_beta":false,"boss_relics":[{"not_picked":["Velvet Choker","Lizard Tail"],"picked":"Inserter"}],"items_purged_floors":[2,25],"is_endless":false,"potions_floor_spawned":[12,13,21,29],"killed_by":"Automaton","ascension_level":9}