{"gold_per_floor":[112,112,135,149,74,74,98,98,98,98,111,111,111],"floor_reached":13,"playtime":306,"items_purged":["Strike_G"],"score":150,"play_id":"dbd446dd-2702-4a38-a9f0-e97e1be948a1","local_time":"20181026162115","is_ascension_mode":true,"campfire_choices":[{"data":"Neutralize","floor":6,"key":"SMITH"},{"data":"Doppelganger","floor":10,"key":"SMITH"},{"floor":12,"key":"REST"}],"neow_cost":"TEN_PERCENT_HP_LOSS","seed_source_timestamp":490046408442053,"circlet_count":0,"master_deck":["Defend_G","Defend_G","Defend_G","Defend_G","Defend_G","Strike_G","Strike_G","Strike_G","Strike_G","Survivor","Neutralize+1","AscendersBane","Doppelganger+1","Dagger Spray","Deadly Poison","Dagger Throw","Leg Sweep"],"relics":["Ring of the Snake","Golden Idol","Molten Egg 2"],"potions_floor_usage":[13],"damage_taken":[{"damage":6,"enemies":"Small Slimes","floor":1,"turns":6},{"damage":1,"enemies":"2 Louse","floor":3,"turns":4},{"damage":11,"enemies":"Cultist","floor":4,"turns":4},{"damage":4,"enemies":"Looter","floor":7,"turns":4},{"damage":15,"enemies":"Exordium Wildlife","floor":11,"turns":6},{"damage":42,"enemies":"Gremlin Nob","floor":13,"turns":4}],"seed_played":"7941322668083269271","potions_obtained":[{"floor":1,"key":"Dexterity Potion"}],"is_trial":false,"path_per_floor":["M","?","M","M","$","R","M","?","T","R","M","R"],"character_chosen":"THE_SILENT","items_purchased":[],"campfire_rested":1,"item_purchase_floors":[],"current_hp_per_floor":[53,53,52,41,41,41,37,37,37,37,22,38,0],"gold":111,"neow_bonus":"THREE_RARE_CARDS","is_prod":false,"is_daily":false,"chose_seed":false,"campfire_upgraded":2,"win_rate":0,"timestamp":1540596075,"path_taken":["M","?","M","M","$","R","?","?","T","R","M","R","E"],"build_version":"2018-10-25v2","purchased_purges":1,"victory":false,"max_hp_per_floor":[60,54,54,54,54,54,54,54,54,54,54,54,54],"card_choices":[{"not_picked":["Envenom","Storm of Steel"],"picked":"Doppelganger","floor":0},{"not_picked":["Distraction","Slice","Underhanded Strike"],"picked":"SKIP","floor":1},{"not_picked":["Tactician","Underhanded Strike"],"picked":"Dagger Spray","floor":3},{"not_picked":["Distraction","Bane"],"picked":"Deadly Poison","floor":4},{"not_picked":["Accuracy","Caltrops"],"picked":"Dagger Throw","floor":7},{"not_picked":["Deflect","Prepared"],"picked":"Leg Sweep","floor":11}],"player_experience":943886,"relics_obtained":[{"floor":9,"key":"Molten Egg 2"}],"event_choices":[{"damage_healed":0,"gold_gain":0,"player_choice":"Lose Max HP","damage_taken":0,"relics_obtained":["Golden Idol"],"max_hp_gain":0,"max_hp_loss":6,"event_name":"Golden Idol","floor":2,"gold_loss":0},{"damage_healed":0,"gold_gain":0,"player_choice":"Ignored","damage_taken":0,"max_hp_gain":0,"max_hp_loss":0,"event_name":"Liars Game","floor":8,"gold_loss":0}],"is_beta":true,"boss_relics":[],"items_purged_floors":[5],"is_endless":false,"potions_floor_spawned":[1],"killed_by":"Gremlin Nob","ascension_level":20}