{"gold_per_floor":[110,129,129,145,145,145,145,145,145,145,178,143,175,59,59,131,131,147,158,193,208,208,208],"floor_reached":23,"playtime":1271,"items_purged":[],"score":355,"play_id":"41f76114-8c72-4e59-930e-07f946ea49b8","local_time":"20190312022128","is_ascension_mode":true,"campfire_choices":[{"data":"Neutralize","floor":6,"key":"SMITH"},{"data":"Leg Sweep","floor":8,"key":"SMITH"},{"data":"Finisher","floor":15,"key":"SMITH"}],"neow_cost":"NONE","seed_source_timestamp":745630773962487,"circlet_count":0,"master_deck":["AscendersBane","Defend_G","Defend_G","Defend_G","Defend_G","Defend_G","Strike_G","Strike_G","Strike_G","Strike_G","Strike_G","Survivor+1","Neutralize+1","Endless Agony+1","Leg Sweep+1","Slice","Die Die Die","Infinite Blades","Footwork","Finisher+1","Envenom","Blade Dance","PiercingWail","Infinite Blades"],"relics":["Ring of the Snake","Ancient Tea Set","Juzu Bracelet","Lantern","Kunai","Black Star","Red Mask","MutagenicStrength"],"potions_floor_usage":[11,13,20,23],"damage_taken":[{"damage":2,"enemies":"Jaw Worm","floor":1,"turns":5},{"damage":1,"enemies":"Small Slimes","floor":2,"turns":4},{"damage":0,"enemies":"Cultist","floor":4,"turns":6},{"damage":10,"enemies":"3 Sentries","floor":11,"turns":10},{"damage":6,"enemies":"Gremlin Nob","floor":13,"turns":4},{"damage":1,"enemies":"Slime Boss","floor":16,"turns":12},{"damage":15,"enemies":"Chosen","floor":18,"turns":7},{"damage":2,"enemies":"Shell Parasite","floor":19,"turns":6},{"damage":12,"enemies":"Masked Bandits","floor":20,"turns":2},{"damage":24,"enemies":"Snake Plant","floor":21,"turns":6},{"damage":24,"enemies":"Gremlin Leader","floor":23,"turns":5}],"seed_played":"373803587934460732","potions_obtained":[{"floor":1,"key":"Strength Potion"},{"floor":4,"key":"Poison Potion"},{"floor":13,"key":"Weak Potion"},{"floor":16,"key":"Strength Potion"},{"floor":21,"key":"SmokeBomb"}],"is_trial":false,"path_per_floor":["M","M","?","M","?","R","T","R","T","?","E","?","E","$","R","B",null,"M","M","?","M","?","E"],"character_chosen":"THE_SILENT","items_purchased":["Footwork","Finisher"],"campfire_rested":0,"item_purchase_floors":[14,14],"current_hp_per_floor":[63,62,62,62,67,67,67,67,67,67,57,76,70,70,70,69,75,60,58,46,22,22,0],"gold":208,"neow_bonus":"TEN_PERCENT_HP_BONUS","is_prod":false,"is_daily":false,"chose_seed":false,"campfire_upgraded":3,"win_rate":0,"timestamp":1552371688,"path_taken":["M","M","?","M","?","R","?","R","T","?","E","?","E","$","R","BOSS","M","M","?","M","?","E"],"build_version":"2019-01-23","purchased_purges":0,"victory":false,"max_hp_per_floor":[72,72,72,72,77,77,77,77,77,77,77,77,77,77,77,77,77,77,77,77,77,77,77],"card_choices":[{"not_picked":["Bane","Deadly Poison"],"picked":"Endless Agony","floor":1},{"not_picked":["Heel Hook","Slice"],"picked":"Leg Sweep","floor":2},{"not_picked":["Prepared","Underhanded Strike"],"picked":"Slice","floor":4},{"not_picked":["Leg Sweep","Quick Slash"],"picked":"Die Die Die","floor":11},{"not_picked":["Dagger Spray","Skewer"],"picked":"Infinite Blades","floor":13},{"not_picked":["Grand Finale","Corpse Explosion"],"picked":"Envenom","floor":16},{"not_picked":["PiercingWail","Caltrops"],"picked":"Blade Dance","floor":18},{"not_picked":["Flying Knee","Outmaneuver"],"picked":"PiercingWail","floor":19},{"not_picked":["Bouncing Flask","Underhanded Strike"],"picked":"Infinite Blades","floor":21}],"player_experience":1039414,"relics_obtained":[{"floor":7,"key":"Ancient Tea Set"},{"floor":9,"key":"Juzu Bracelet"},{"floor":11,"key":"Lantern"},{"floor":13,"key":"Kunai"},{"floor":20,"key":"Red Mask"}],"event_choices":[{"damage_healed":0,"gold_gain":0,"player_choice":"Grow","damage_taken":0,"max_hp_gain":0,"max_hp_loss":0,"event_name":"Living Wall","floor":3,"gold_loss":0,"cards_upgraded":["Endless Agony"]},{"damage_healed":0,"gold_gain":0,"player_choice":"Donut","damage_taken":0,"max_hp_gain":5,"max_hp_loss":0,"event_name":"Big Fish","floor":5,"gold_loss":0},{"damage_healed":0,"gold_gain":0,"player_choice":"Forge","damage_taken":0,"max_hp_gain":0,"max_hp_loss":0,"event_name":"Accursed Blacksmith","floor":10,"gold_loss":0,"cards_upgraded":["Survivor"]},{"damage_healed":19,"gold_gain":0,"player_choice":"Healed","damage_taken":0,"max_hp_gain":0,"max_hp_loss":0,"event_name":"The Cleric","floor":12,"gold_loss":35},{"damage_healed":0,"gold_gain":0,"player_choice":"Fought Bandits","damage_taken":0,"max_hp_gain":0,"max_hp_loss":0,"event_name":"Masked Bandits","floor":20,"gold_loss":0},{"damage_healed":0,"gold_gain":0,"player_choice":"Inject Mutagens","damage_taken":0,"relics_obtained":["MutagenicStrength"],"max_hp_gain":0,"max_hp_loss":0,"event_name":"Drug Dealer","floor":22,"gold_loss":0}],"is_beta":false,"boss_relics":[{"not_picked":["Fusion Hammer","Velvet Choker"],"picked":"Black Star"}],"items_purged_floors":[],"is_endless":false,"potions_floor_spawned":[1,4,13,16,19,21],"killed_by":"Gremlin Leader","ascension_level":16}