{"gold_per_floor":[112,262,262,147,107,107,107,150,174,195,195,208,221,244,244,334,334,354,377,391,117,167,167,205,205,205,205],"floor_reached":27,"playtime":891,"items_purged":["Doubt"],"score":512,"play_id":"3719a785-7c5c-4531-8608-5e108808d25f","local_time":"20190503121214","is_ascension_mode":true,"campfire_choices":[{"data":"Sunder","floor":6.0,"key":"SMITH"},{"data":"Loop","floor":11.0,"key":"SMITH"},{"data":"Static Discharge","floor":15.0,"key":"SMITH"},{"data":"Hyperbeam","floor":23.0,"key":"SMITH"},{"floor":25,"key":"REST"}],"neow_cost":"NONE","seed_source_timestamp":929060675442221,"circlet_count":0,"master_deck":["AscendersBane","Strike_B+1","Defend_B","Defend_B+1","Defend_B","Defend_B","Zap","Dualcast","BootSequence","Static Discharge+1","Sunder+1","Coolheaded","Loop+1","Ball Lightning","Hyperbeam+1","Meteor Strike+1","Auto Shields+1","Core Surge+1","Turbo","Coolheaded","Recycle"],"special_seed":0,"relics":["Cracked Core","NeowsBlessing","Golden Idol","Meat on the Bone","Astrolabe","Bottled Flame","Prayer Wheel","Frozen Egg 2"],"potions_floor_usage":[24],"damage_taken":[{"damage":0.0,"enemies":"2 Louse","floor":1.0,"turns":1.0},{"damage":0.0,"enemies":"Lagavulin","floor":8.0,"turns":1.0},{"damage":0.0,"enemies":"Small Slimes","floor":10.0,"turns":1.0},{"damage":0.0,"enemies":"Jaw Worm","floor":12.0,"turns":2.0},{"damage":18.0,"enemies":"2 Fungi Beasts","floor":13.0,"turns":3.0},{"damage":4.0,"enemies":"Exordium Wildlife","floor":14.0,"turns":3.0},{"damage":30.0,"enemies":"The Guardian","floor":16.0,"turns":12.0},{"damage":16.0,"enemies":"Spheric Guardian","floor":18.0,"turns":4.0},{"damage":10.0,"enemies":"2 Thieves","floor":19.0,"turns":4.0},{"damage":4.0,"enemies":"Chosen and Byrds","floor":20.0,"turns":3.0},{"damage":30,"enemies":"Book of Stabbing","floor":24,"turns":3},{"damage":35,"enemies":"Slavers","floor":27,"turns":2}],"seed_played":"7462767126518247197","potions_obtained":[{"floor":8.0,"key":"SkillPotion"},{"floor":12.0,"key":"Dexterity Potion"},{"floor":16.0,"key":"FocusPotion"},{"floor":20.0,"key":"Strength Potion"}],"is_trial":false,"path_per_floor":["M","?","?","$","$","R","?","E","T","M","R","M","M","M","R","B",null,"M","M","M","$","?","R","E","R","T","E"],"character_chosen":"DEFECT","items_purchased":["Static Discharge","Sunder","Bottled Flame"],"campfire_rested":1,"item_purchase_floors":[4,5,21],"current_hp_per_floor":[64,64,43,43,43,43,43,43,43,43,43,43,37,33,33,15,52,36,38,34,34,34,34,16,35,35,0],"gold":205,"neow_bonus":"THREE_ENEMY_KILL","is_prod":false,"is_daily":false,"chose_seed":false,"campfire_upgraded":4,"win_rate":0,"timestamp":1556899934,"path_taken":["M","?","?","?","$","R","?","E","T","M","R","M","?","M","R","BOSS","M","?","M","$","?","R","E","R","T","E"],"build_version":"2019-01-23","purchased_purges":1,"victory":false,"max_hp_per_floor":[71,71,71,71,71,71,64,64,64,64,64,64,64,64,64,64,64,64,64,64,64,64,64,64,64,64,64],"card_choices":[{"not_picked":["Turbo","Redo"],"picked":"BootSequence","floor":1.0},{"not_picked":["Aggregate","Barrage"],"picked":"Coolheaded","floor":8.0},{"not_picked":["Gash","Sweeping Beam"],"picked":"Loop","floor":10.0},{"not_picked":["Aggregate","Rebound","Stack"],"picked":"SKIP","floor":12.0},{"not_picked":["Scrape","Static Discharge","Go for the Eyes"],"picked":"SKIP","floor":13.0},{"not_picked":["Rainbow","Beam Cell"],"picked":"Ball Lightning","floor":14.0},{"not_picked":["Meteor Strike","All For One"],"picked":"Hyperbeam","floor":16.0},{"not_picked":["Scrape+1","Sweeping Beam"],"picked":"Turbo","floor":18.0},{"not_picked":["Sweeping Beam","Beam Cell","Lockon"],"picked":"SKIP","floor":19.0},{"not_picked":["Aggregate","Blizzard"],"picked":"Coolheaded","floor":20.0},{"not_picked":["Steam","Leap"],"picked":"Recycle","floor":24}],"player_experience":2302138,"relics_obtained":[{"floor":8.0,"key":"Meat on the Bone"},{"floor":24,"key":"Prayer Wheel"},{"floor":26,"key":"Frozen Egg 2"}],"event_choices":[{"damage_healed":0.0,"max_hp_gain":0.0,"max_hp_loss":0.0,"gold_gain":150.0,"event_name":"Liars Game","player_choice":"AGREE","floor":2.0,"gold_loss":0.0,"damage_taken":0.0,"cards_obtained":["Doubt"]},{"damage_healed":0.0,"max_hp_gain":0.0,"max_hp_loss":0.0,"gold_gain":0.0,"event_name":"Shining Light","player_choice":"Entered Light","floor":3.0,"gold_loss":0.0,"damage_taken":21.0,"cards_upgraded":["Strike_B","Defend_B"]},{"damage_healed":0.0,"max_hp_gain":0.0,"max_hp_loss":7.0,"gold_gain":0.0,"event_name":"Golden Idol","player_choice":"Lose Max HP","floor":7.0,"gold_loss":0.0,"damage_taken":0.0,"relics_obtained":["Golden Idol"]},{"damage_healed":0.0,"max_hp_gain":0.0,"max_hp_loss":0.0,"gold_gain":50.0,"event_name":"Nest","player_choice":"Stole From Cult","floor":22.0,"gold_loss":0.0,"damage_taken":0.0}],"is_beta":false,"boss_relics":[{"not_picked":["Eternal Feather","White Beast Statue"],"picked":"Astrolabe"}],"items_purged_floors":[4],"is_endless":false,"potions_floor_spawned":[8,12,16,20],"killed_by":"Slavers","ascension_level":20}