{"gold_per_floor":[116,266,26,45,61,91,91,116,116,116],"floor_reached":10,"playtime":477,"items_purged":["Doubt"],"score":152,"play_id":"c0218a41-d689-45d7-b694-4117271aa4a5","local_time":"20190328170419","is_ascension_mode":true,"campfire_choices":[{"floor":7,"key":"REST"}],"neow_cost":"CURSE","seed_source_timestamp":1006366966544663,"circlet_count":0,"master_deck":["AscendersBane","Strike_B","Strike_B","Strike_B","Strike_B","Defend_B","Defend_B+1","Defend_B","Defend_B","Zap","Dualcast","Parasite","Barrage","Seek+1","Sunder","Leap","Defragment","BootSequence"],"relics":["Cracked Core","Oddly Smooth Stone","Matryoshka","Bag of Preparation","War Paint"],"potions_floor_usage":[6,8,10],"damage_taken":[{"damage":11,"enemies":"2 Louse","floor":1,"turns":3},{"damage":14,"enemies":"Jaw Worm","floor":4,"turns":3},{"damage":0,"enemies":"Small Slimes","floor":5,"turns":3},{"damage":41,"enemies":"3 Sentries","floor":6,"turns":8},{"damage":14,"enemies":"Lagavulin","floor":8,"turns":7},{"damage":30,"enemies":"Exordium Thugs","floor":10,"turns":4}],"seed_played":"-647077996407018251","potions_obtained":[{"floor":4,"key":"FearPotion"},{"floor":5,"key":"Strength Potion"},{"floor":6,"key":"GamblersBrew"}],"is_trial":false,"path_per_floor":["M","?","$","M","M","E","R","E","T","M"],"character_chosen":"DEFECT","items_purchased":["Seek","Sunder"],"campfire_rested":1,"item_purchase_floors":[3,3],"current_hp_per_floor":[67,67,67,53,53,12,37,23,23,0],"gold":116,"neow_bonus":"TWENTY_PERCENT_HP_BONUS","is_prod":false,"is_daily":false,"chose_seed":false,"campfire_upgraded":0,"win_rate":0,"timestamp":1553807059,"path_taken":["M","?","$","M","M","E","R","E","T","M"],"build_version":"2019-01-23","purchased_purges":1,"victory":false,"max_hp_per_floor":[85,85,85,85,85,85,85,85,85,85],"card_choices":[{"not_picked":["Beam Cell","Rebound"],"picked":"Barrage","floor":1},{"not_picked":["Turbo","Stack"],"picked":"Leap","floor":4},{"not_picked":["Creative AI","Skim"],"picked":"Defragment","floor":5},{"not_picked":["Gash","Genetic Algorithm"],"picked":"BootSequence","floor":6},{"not_picked":["Redo","Beam Cell","Steam"],"picked":"SKIP","floor":8}],"player_experience":1474489,"relics_obtained":[{"floor":6,"key":"Oddly Smooth Stone"},{"floor":8,"key":"Matryoshka"},{"floor":9,"key":"Bag of Preparation"},{"floor":9,"key":"War Paint"}],"event_choices":[{"damage_healed":0,"gold_gain":150,"player_choice":"AGREE","damage_taken":0,"max_hp_gain":0,"max_hp_loss":0,"event_name":"Liars Game","floor":2,"gold_loss":0,"cards_obtained":["Doubt"]}],"is_beta":false,"boss_relics":[],"items_purged_floors":[3],"is_endless":false,"potions_floor_spawned":[4,5,6],"killed_by":"Exordium Thugs","ascension_level":20}