{"gold_per_floor":[113,133,144,144,164,164,12,12,12,29,29,57,82,98,98,175,175,189,61,61,61,61,61,88,88,113,124,124,124,124,124,124,200,200,211,311,291,302,317,376,394,429,429,85,97,97,97,97,97,97,97,97,97,23,49,49],"floor_reached":57,"playtime":2706,"items_purged":["Strike_G","Shame"],"score":2852,"play_id":"75a97068-5fcb-4f89-84b5-54b441dfd9d4","local_time":"20190304194015","is_ascension_mode":true,"campfire_choices":[{"data":"Blind","floor":6.0,"key":"SMITH"},{"data":"Noxious Fumes","floor":8.0,"key":"SMITH"},{"data":"Noxious Fumes","floor":11.0,"key":"SMITH"},{"floor":15.0,"key":"REST"},{"data":"Footwork","floor":23.0,"key":"SMITH"},{"data":"Footwork","floor":25.0,"key":"SMITH"},{"data":"Footwork","floor":30.0,"key":"SMITH"},{"data":"Ghostly","floor":32.0,"key":"SMITH"},{"floor":46.0,"key":"REST"},{"floor":49.0,"key":"RECALL"},{"data":"Ghostly","floor":53.0,"key":"SMITH"}],"neow_cost":"TEN_PERCENT_HP_LOSS","seed_source_timestamp":283982957603718,"circlet_count":0,"master_deck":["AscendersBane","Defend_G","Defend_G","Defend_G","Defend_G","Defend_G","Strike_G","Strike_G","Strike_G","Survivor","Neutralize","Blind+1","Finesse","Dagger Throw","Deadly Poison","Noxious Fumes+1","Noxious Fumes+1","Cloak And Dagger","Footwork+1","Adrenaline","Backflip","Adrenaline","Backflip","Footwork+1","Leg Sweep","Ghostly+1","Ghostly","Ghostly+1","Footwork+1","Dash+1","Backflip","Dodge and Roll","Backflip","Malaise","Footwork+1","Blur","Noxious Fumes+1","Footwork+1","Finesse"],"special_seed":0,"relics":["Ring of the Snake","Singing Bowl","Odd Mushroom","Tough Bandages","Sozu","Frozen Egg 2","Oddly Smooth Stone","Cursed Key","Torii","Tiny Chest","Bottled Tornado","Membership Card","Anchor"],"potions_floor_usage":[],"damage_taken":[{"damage":10.0,"enemies":"Jaw Worm","floor":1.0,"turns":8.0},{"damage":0.0,"enemies":"2 Louse","floor":2.0,"turns":4.0},{"damage":0.0,"enemies":"Cultist","floor":3.0,"turns":4.0},{"damage":0.0,"enemies":"Blue Slaver","floor":5.0,"turns":4.0},{"damage":1.0,"enemies":"2 Fungi Beasts","floor":10.0,"turns":4.0},{"damage":7.0,"enemies":"The Mushroom Lair","floor":12.0,"turns":4.0},{"damage":29.0,"enemies":"Gremlin Nob","floor":13.0,"turns":4.0},{"damage":0.0,"enemies":"Large Slime","floor":14.0,"turns":5.0},{"damage":13.0,"enemies":"Slime Boss","floor":16.0,"turns":9.0},{"damage":11.0,"enemies":"3 Byrds","floor":18.0,"turns":5.0},{"damage":0.0,"enemies":"Slavers","floor":24.0,"turns":6.0},{"damage":0.0,"enemies":"Shell Parasite","floor":27.0,"turns":6.0},{"damage":9.0,"enemies":"Champ","floor":33.0,"turns":17.0},{"damage":5.0,"enemies":"3 Shapes","floor":35.0,"turns":5.0},{"damage":0.0,"enemies":"Mind Bloom Boss Battle","floor":36.0,"turns":9.0},{"damage":0.0,"enemies":"Orb Walker","floor":38.0,"turns":7.0},{"damage":1.0,"enemies":"Jaw Worm Horde","floor":39.0,"turns":6.0},{"damage":1.0,"enemies":"Nemesis","floor":40.0,"turns":11.0},{"damage":0.0,"enemies":"Writhing Mass","floor":41.0,"turns":10.0},{"damage":32.0,"enemies":"Reptomancer","floor":42.0,"turns":9.0},{"damage":0.0,"enemies":"Spire Growth","floor":45.0,"turns":8.0},{"damage":0.0,"enemies":"Donu and Deca","floor":50.0,"turns":13.0},{"damage":1.0,"enemies":"Time Eater","floor":51.0,"turns":18.0},{"damage":11.0,"enemies":"Shield and Spear","floor":55.0,"turns":11.0},{"damage":23,"enemies":"The Heart","floor":56,"turns":17}],"seed_played":"-3685373428833555891","potions_obtained":[{"floor":2.0,"key":"Fire Potion"},{"floor":10.0,"key":"Dexterity Potion"},{"floor":16.0,"key":"GamblersBrew"}],"is_trial":false,"path_per_floor":["M","M","M","?","M","R","$","R","T","M","R","?","E","M","R","B",null,"M","$","?","$","?","R","E","R","T","M","?","?","R","?","R","B",null,"M","?","?","M","M","E","M","E","T","$","M","R","?","T","R","B","B",null,"R","$","E","B",null],"character_chosen":"THE_SILENT","items_purchased":["Noxious Fumes","Footwork","Leg Sweep","Membership Card","Footwork+1","Blur","Footwork+1","Finesse"],"campfire_rested":2,"item_purchase_floors":[7,19,19,44,44,44,54,54],"current_hp_per_floor":[49,49,49,42,42,42,42,42,42,41,41,34,5,5,23,10,48,37,37,30,30,30,30,30,30,30,30,30,24,24,24,24,17,32,27,29,29,29,30,31,33,1,1,1,1,14,14,14,14,14,13,37,37,37,28,5],"gold":49,"neow_bonus":"RANDOM_COLORLESS_2","is_prod":false,"is_daily":false,"chose_seed":false,"campfire_upgraded":8,"win_rate":0,"timestamp":1551753615,"path_taken":["M","M","M","?","M","R","$","R","T","M","R","?","E","M","R","BOSS","M","$","?","$","?","R","E","R","T","?","?","?","R","?","R","BOSS","M","?","?","?","M","E","M","E","T","$","?","R","?","?","R","BOSS","BOSS","R","$","E","BOSS"],"build_version":"2019-02-06","purchased_purges":2,"victory":true,"max_hp_per_floor":[60,60,60,60,60,60,60,60,60,60,60,60,60,60,60,60,60,60,60,30,30,30,30,30,30,30,30,30,35,35,35,35,37,37,37,39,39,39,41,43,45,45,45,45,45,45,45,45,45,45,45,45,45,45,47,47],"card_choices":[{"not_picked":["Underhanded Strike","Prepared"],"picked":"Flying Knee","floor":1.0},{"not_picked":["Phantasmal Killer","Flechettes"],"picked":"Dagger Throw","floor":2.0},{"not_picked":["Sucker Punch","Calculated Gamble"],"picked":"Deadly Poison","floor":3.0},{"not_picked":["Well Laid Plans","Deflect"],"picked":"Noxious Fumes","floor":5.0},{"not_picked":["Sucker Punch","Outmaneuver"],"picked":"Cloak And Dagger","floor":10.0},{"not_picked":["Endless Agony","Deflect"],"picked":"Footwork","floor":12.0},{"not_picked":["Dagger Spray","Underhanded Strike"],"picked":"Adrenaline","floor":13.0},{"not_picked":["Outmaneuver","Bane"],"picked":"Backflip","floor":14.0},{"not_picked":["Burst","Night Terror"],"picked":"Adrenaline","floor":16.0},{"not_picked":["Deflect+1","Flying Knee"],"picked":"Backflip","floor":18.0},{"not_picked":["Flying Knee","Infinite Blades"],"picked":"Dash+1","floor":24.0},{"not_picked":["Setup","Escape Plan"],"picked":"Backflip","floor":27.0},{"not_picked":["Corpse Explosion","Doppelganger","Storm of Steel"],"picked":"Singing Bowl","floor":33.0},{"not_picked":["Prepared","Deflect"],"picked":"Dodge and Roll","floor":35.0},{"not_picked":["Dagger Throw","Slice","Deflect+1"],"picked":"Singing Bowl","floor":36.0},{"not_picked":["Blade Dance","Sucker Punch"],"picked":"Backflip","floor":38.0},{"not_picked":["Prepared","Quick Slash+1","Finisher"],"picked":"Singing Bowl","floor":39.0},{"not_picked":["Dash","Dagger Throw","Setup"],"picked":"Singing Bowl","floor":40.0},{"not_picked":["Distraction","Bane","Terror"],"picked":"Singing Bowl","floor":41.0},{"not_picked":["Deflect","Flying Knee+1"],"picked":"Malaise","floor":42.0},{"not_picked":["Underhanded Strike","Bane+1"],"picked":"Noxious Fumes+1","floor":45.0},{"not_picked":["Underhanded Strike","Reflex","Cloak And Dagger"],"picked":"Singing Bowl","floor":55.0}],"player_experience":1150582,"relics_obtained":[{"floor":9.0,"key":"Singing Bowl"},{"floor":12.0,"key":"Odd Mushroom"},{"floor":13.0,"key":"Tough Bandages"},{"floor":24.0,"key":"Frozen Egg 2"},{"floor":26.0,"key":"Oddly Smooth Stone"},{"floor":36.0,"key":"Torii"},{"floor":40.0,"key":"Tiny Chest"},{"floor":42.0,"key":"Bottled Tornado"},{"floor":55.0,"key":"Anchor"}],"event_choices":[{"cards_removed":["Strike_G"],"damage_healed":0.0,"max_hp_gain":0.0,"max_hp_loss":0.0,"gold_gain":0.0,"event_name":"Golden Wing","player_choice":"Card Removal","floor":4.0,"gold_loss":0.0,"damage_taken":7.0},{"damage_healed":0.0,"max_hp_gain":0.0,"max_hp_loss":0.0,"gold_gain":0.0,"event_name":"Mushrooms","player_choice":"Fought Mushrooms","floor":12.0,"gold_loss":0.0,"damage_taken":0.0},{"damage_healed":0.0,"max_hp_gain":0.0,"max_hp_loss":30.0,"gold_gain":0.0,"event_name":"Ghosts","player_choice":"Became a Ghost","floor":20.0,"gold_loss":0.0,"damage_taken":0.0,"cards_obtained":["Ghostly","Ghostly","Ghostly"]},{"damage_healed":0.0,"max_hp_gain":0.0,"max_hp_loss":0.0,"gold_gain":0.0,"event_name":"Match and Keep!","player_choice":"1 cards matched","floor":22.0,"gold_loss":0.0,"damage_taken":0.0,"cards_obtained":["Footwork"]},{"damage_healed":0.0,"max_hp_gain":0.0,"max_hp_loss":0.0,"gold_gain":0.0,"event_name":"Vampires","player_choice":"Ignored","floor":28.0,"gold_loss":0.0,"damage_taken":0.0},{"damage_healed":0.0,"max_hp_gain":5.0,"max_hp_loss":0.0,"gold_gain":0.0,"event_name":"Forgotten Altar","player_choice":"Shed Blood","floor":29.0,"gold_loss":0.0,"damage_taken":11.0},{"damage_healed":0.0,"max_hp_gain":0.0,"max_hp_loss":0.0,"gold_gain":0.0,"event_name":"The Mausoleum","player_choice":"Ignored","floor":31.0,"gold_loss":0.0,"damage_taken":0.0},{"damage_healed":0.0,"max_hp_gain":0.0,"max_hp_loss":0.0,"gold_gain":0.0,"event_name":"MindBloom","player_choice":"Fight","floor":36.0,"gold_loss":0.0,"damage_taken":0.0},{"damage_healed":0.0,"max_hp_gain":0.0,"max_hp_loss":0.0,"gold_gain":0.0,"event_name":"The Woman in Blue","player_choice":"Bought 1 Potion","floor":37.0,"gold_loss":0.0,"damage_taken":0.0},{"cards_removed":["Flying Knee"],"damage_healed":0.0,"max_hp_gain":0.0,"max_hp_loss":0.0,"gold_gain":0.0,"event_name":"Falling","player_choice":"Removed Attack","floor":47.0,"gold_loss":0.0,"damage_taken":0.0}],"is_beta":true,"boss_relics":[{"not_picked":["Tiny House","Orrery"],"picked":"Sozu"},{"not_picked":["Lizard Tail","Fusion Hammer"],"picked":"Cursed Key"}],"items_purged_floors":[7,44],"is_endless":false,"potions_floor_spawned":[2,10,16,18,35,38,45],"ascension_level":20}