{"gold_per_floor":[14,14,29,44,44,44,78,78,101,101,121,131,12,38,38,117,117,133,149,49,49,69,69,169,169,169,181,181,198,57,57,57,135,135,147,147,147,164,178,210,210,236,259,269,282,297,326,341,341,341],"floor_reached":50,"playtime":2073,"items_purged":["Strike_R","Strike_R"],"score":1113,"play_id":"ca5d3596-c09c-49db-a3ed-47ae840a9d52","local_time":"20190426225426","is_ascension_mode":true,"campfire_choices":[{"data":"Fiend Fire","floor":6.0,"key":"SMITH"},{"data":"Bash","floor":8.0,"key":"SMITH"},{"data":"Inflame","floor":10.0,"key":"SMITH"},{"data":"Inflame","floor":15.0,"key":"SMITH"},{"data":"Havoc","floor":23.0,"key":"SMITH"},{"floor":28.0,"key":"REST"},{"data":"Ghostly","floor":32.0,"key":"SMITH"},{"data":"Ghostly","floor":41.0,"key":"SMITH"},{"floor":49.0,"key":"RECALL"}],"neow_cost":"NO_GOLD","seed_source_timestamp":992647797768359,"circlet_count":0,"master_deck":["AscendersBane","Strike_R+1","Strike_R+1","Defend_R+1","Defend_R+1","Defend_R+1","Defend_R+1","Bash+1","Fiend Fire+1","Clothesline","Inflame+1","Havoc+1","True Grit","Inflame+1","Impervious","Anger+1","Sword Boomerang","Ghostly+1","Ghostly","Ghostly+1","Demon Form+1","Pommel Strike","Intimidate","Metallicize+1","Shrug It Off","Exhume","Armaments+1","Shockwave","Warcry+1","Ghostly+1","Corruption+1","Doubt","Parasite","Evolve+1"],"special_seed":0,"relics":["Burning Blood","Bag of Marbles","Lantern","Bag of Preparation","Blood Vial","Cursed Key","StoneCalendar","Frozen Egg 2","Orrery","Darkstone Periapt","Anchor","Bird Faced Urn"],"potions_floor_usage":[],"damage_taken":[{"damage":12.0,"enemies":"2 Louse","floor":1.0,"turns":2.0},{"damage":0.0,"enemies":"Cultist","floor":3.0,"turns":3.0},{"damage":4.0,"enemies":"Jaw Worm","floor":4.0,"turns":4.0},{"damage":24.0,"enemies":"Gremlin Nob","floor":7.0,"turns":4.0},{"damage":0.0,"enemies":"2 Fungi Beasts","floor":11.0,"turns":3.0},{"damage":0.0,"enemies":"Looter","floor":12.0,"turns":1.0},{"damage":21.0,"enemies":"Lagavulin","floor":14.0,"turns":4.0},{"damage":31.0,"enemies":"Slime Boss","floor":16.0,"turns":7.0},{"damage":15.0,"enemies":"2 Thieves","floor":18.0,"turns":4.0},{"damage":22.0,"enemies":"Spheric Guardian","floor":19.0,"turns":4.0},{"damage":3.0,"enemies":"Snake Plant","floor":22.0,"turns":4.0},{"damage":8.0,"enemies":"Colosseum Slavers","floor":24.0,"turns":3.0},{"damage":15.0,"enemies":"Colosseum Nobs","floor":24.0,"turns":7.0},{"damage":18.0,"enemies":"Sentry and Sphere","floor":27.0,"turns":5.0},{"damage":1.0,"enemies":"Shelled Parasite and Fungi","floor":29.0,"turns":3.0},{"damage":17.0,"enemies":"Collector","floor":33.0,"turns":7.0},{"damage":0.0,"enemies":"3 Darklings","floor":35.0,"turns":6.0},{"damage":17.0,"enemies":"Orb Walker","floor":38.0,"turns":6.0},{"damage":1.0,"enemies":"Sphere and 2 Shapes","floor":39.0,"turns":6.0},{"damage":16.0,"enemies":"Reptomancer","floor":40.0,"turns":6.0},{"damage":17.0,"enemies":"Nemesis","floor":42.0,"turns":7.0},{"damage":0.0,"enemies":"Writhing Mass","floor":44.0,"turns":7.0},{"damage":21.0,"enemies":"Maw","floor":45.0,"turns":8.0},{"damage":0.0,"enemies":"Sphere and 2 Shapes","floor":46.0,"turns":7.0},{"damage":22.0,"enemies":"Giant Head","floor":47.0,"turns":9.0},{"damage":1.0,"enemies":"4 Shapes","floor":48.0,"turns":7.0},{"damage":50,"enemies":"Awakened One","floor":50,"turns":8}],"seed_played":"-5657431708838048473","potions_obtained":[{"floor":3.0,"key":"SteroidPotion"},{"floor":4.0,"key":"PowerPotion"},{"floor":19.0,"key":"Ancient Potion"},{"floor":33.0,"key":"BloodPotion"},{"floor":44.0,"key":"Dexterity Potion"}],"is_trial":false,"path_per_floor":["M","?","M","M","?","R","E","R","T","R","M","M","$","E","R","B",null,"M","M","$","?","M","R","?","?","T","M","R","M","$","?","R","B",null,"M","?","?","M","M","E","R","E","T","M","M","M","E","M","R","B"],"character_chosen":"IRONCLAD","items_purchased":["Inflame","Metallicize+1","Shrug It Off"],"campfire_rested":1,"item_purchase_floors":[13,30,30],"current_hp_per_floor":[62,62,68,70,63,63,45,45,45,45,51,57,57,42,42,19,61,54,40,40,37,37,37,28,22,22,12,23,30,30,30,30,21,33,37,37,37,26,33,28,28,19,25,39,26,34,20,37,37,0],"gold":341,"neow_bonus":"THREE_RARE_CARDS","is_prod":false,"is_daily":false,"chose_seed":false,"campfire_upgraded":7,"win_rate":0,"timestamp":1556344466,"path_taken":["M","?","M","?","?","R","E","R","T","R","M","M","$","E","R","BOSS","M","M","$","?","M","R","?","?","T","M","R","?","$","?","R","BOSS","M","?","?","M","M","E","R","E","T","M","M","?","E","?","R","BOSS"],"build_version":"2019-04-23","purchased_purges":2,"victory":false,"max_hp_per_floor":[75,75,75,75,75,75,75,75,75,75,75,75,75,75,75,75,75,75,75,75,37,37,37,37,37,37,37,37,37,37,37,37,37,37,37,37,37,37,37,37,37,37,43,49,49,49,49,49,49,49],"card_choices":[{"not_picked":["Double Tap","Impervious"],"picked":"Fiend Fire","floor":0.0},{"not_picked":["Thunderclap","Sentinel"],"picked":"Clothesline","floor":1.0},{"not_picked":["Seeing Red","Dropkick"],"picked":"True Grit","floor":3.0},{"not_picked":["Burning Pact","Wild Strike","Perfected Strike"],"picked":"SKIP","floor":4.0},{"not_picked":["Rage","Flex"],"picked":"Inflame","floor":7.0},{"not_picked":["Sentinel","Perfected Strike"],"picked":"Havoc","floor":11.0},{"not_picked":["Entrench","Clash"],"picked":"True Grit","floor":12.0},{"not_picked":["Bloodletting","Havoc","Heavy Blade"],"picked":"SKIP","floor":14.0},{"not_picked":["Bludgeon","Reaper"],"picked":"Impervious","floor":16.0},{"not_picked":["Flex","Perfected Strike"],"picked":"Anger+1","floor":18.0},{"not_picked":["Sentinel","Sever Soul"],"picked":"Sword Boomerang","floor":19.0},{"not_picked":["Evolve","Body Slam","Perfected Strike"],"picked":"SKIP","floor":22.0},{"not_picked":["Flex","Twin Strike"],"picked":"Demon Form","floor":24.0},{"not_picked":["Sword Boomerang","Evolve+1"],"picked":"Pommel Strike","floor":27.0},{"not_picked":["Body Slam","Iron Wave"],"picked":"Intimidate","floor":29.0},{"not_picked":["Demon Form+1","Limit Break"],"picked":"Exhume","floor":33.0},{"not_picked":["Body Slam","Twin Strike+1"],"picked":"Armaments+1","floor":34.0},{"not_picked":["Whirlwind","Searing Blow"],"picked":"Shockwave","floor":34.0},{"not_picked":["Heavy Blade","Twin Strike"],"picked":"Warcry+1","floor":34.0},{"not_picked":["Ghostly Armor","Rage","Shockwave"],"picked":"SKIP","floor":35.0},{"not_picked":["Carnage+1","Perfected Strike","Spot Weakness"],"picked":"SKIP","floor":38.0},{"not_picked":["Pummel","Anger","Infernal Blade+1"],"picked":"SKIP","floor":39.0},{"not_picked":["Thunderclap+1","Cleave+1","Havoc"],"picked":"SKIP","floor":40.0},{"not_picked":["Iron Wave+1","Wild Strike"],"picked":"Corruption+1","floor":42.0},{"not_picked":["Sword Boomerang","Corruption+1","Clash"],"picked":"SKIP","floor":44.0},{"not_picked":["Perfected Strike+1","Berserk+1"],"picked":"Evolve+1","floor":45.0},{"not_picked":["Twin Strike","Headbutt","Heavy Blade"],"picked":"SKIP","floor":46.0},{"not_picked":["Heavy Blade","Headbutt","Clothesline+1"],"picked":"SKIP","floor":47.0},{"not_picked":["Intimidate","Burning Pact+1","Ghostly Armor+1"],"picked":"SKIP","floor":48.0}],"player_experience":1195220,"relics_obtained":[{"floor":2.0,"key":"Bag of Marbles"},{"floor":7.0,"key":"Lantern"},{"floor":9.0,"key":"Bag of Preparation"},{"floor":14.0,"key":"Blood Vial"},{"floor":24.0,"key":"StoneCalendar"},{"floor":24.0,"key":"Frozen Egg 2"},{"floor":40.0,"key":"Darkstone Periapt"},{"floor":42.0,"key":"Anchor"},{"floor":47.0,"key":"Bird Faced Urn"}],"event_choices":[{"damage_healed":0.0,"max_hp_gain":0.0,"max_hp_loss":0.0,"gold_gain":0.0,"event_name":"Wheel of Change","player_choice":"Relic","floor":2.0,"gold_loss":0.0,"damage_taken":0.0},{"cards_removed":["Strike_R"],"damage_healed":0.0,"max_hp_gain":0.0,"max_hp_loss":0.0,"gold_gain":0.0,"event_name":"Golden Wing","player_choice":"Card Removal","floor":5.0,"gold_loss":0.0,"damage_taken":7.0},{"damage_healed":0.0,"max_hp_gain":0.0,"max_hp_loss":38.0,"gold_gain":0.0,"event_name":"Ghosts","player_choice":"Became a Ghost","floor":21.0,"gold_loss":0.0,"damage_taken":0.0,"cards_obtained":["Ghostly","Ghostly","Ghostly"]},{"damage_healed":0.0,"max_hp_gain":0.0,"max_hp_loss":0.0,"gold_gain":0.0,"event_name":"Colosseum","player_choice":"Fight","floor":24.0,"gold_loss":0.0,"damage_taken":0.0},{"damage_healed":0.0,"max_hp_gain":0.0,"max_hp_loss":0.0,"gold_gain":0.0,"event_name":"Colosseum","player_choice":"Fought Nobs","floor":24.0,"gold_loss":0.0,"damage_taken":0.0},{"damage_healed":0.0,"max_hp_gain":0.0,"max_hp_loss":0.0,"gold_gain":0.0,"event_name":"Knowing Skull","player_choice":"","floor":25.0,"potions_obtained":[],"gold_loss":0.0,"damage_taken":6.0,"cards_obtained":[]},{"damage_healed":0.0,"max_hp_gain":0.0,"max_hp_loss":0.0,"gold_gain":0.0,"event_name":"Back to Basics","player_choice":"Simplicity","floor":31.0,"gold_loss":0.0,"damage_taken":0.0,"cards_upgraded":["Strike_R","Strike_R","Defend_R","Defend_R","Defend_R","Defend_R"]},{"cards_removed":["True Grit"],"damage_healed":0.0,"max_hp_gain":0.0,"max_hp_loss":0.0,"gold_gain":0.0,"event_name":"Falling","player_choice":"Removed Skill","floor":36.0,"gold_loss":0.0,"damage_taken":0.0},{"damage_healed":0.0,"max_hp_gain":0.0,"max_hp_loss":0.0,"gold_gain":0.0,"event_name":"Duplicator","player_choice":"Copied","floor":37.0,"gold_loss":0.0,"damage_taken":0.0,"cards_obtained":["Ghostly"]}],"is_beta":true,"boss_relics":[{"not_picked":["Runic Cube","White Beast Statue"],"picked":"Cursed Key"},{"not_picked":["Runic Dome","Calling Bell"],"picked":"Orrery"}],"items_purged_floors":[13,20],"is_endless":false,"potions_floor_spawned":[3,4,7,12,19,24,27,33,35,38,44,45],"killed_by":"Awakened One","ascension_level":20}