{"gold_per_floor":[118,130,143,68,88,119,119,149,203,203,223,235,235,28,28,123,123,136,136,82,82,100,100,100],"floor_reached":24,"playtime":527,"items_purged":["Strike_B"],"score":448,"play_id":"a4f401b0-a773-438f-b597-c04300caa30a","local_time":"20190331223039","is_ascension_mode":true,"campfire_choices":[{"floor":7.0,"key":"REST"},{"data":"Defragment","floor":10,"key":"SMITH"},{"data":"Streamline","floor":15,"key":"SMITH"},{"floor":23,"key":"REST"}],"neow_cost":"NONE","seed_source_timestamp":1596122561047715,"circlet_count":0,"master_deck":["AscendersBane","Strike_B+1","Strike_B+1","Strike_B+1","Defend_B+1","Defend_B+1","Defend_B+1","Defend_B+1","Zap","Dualcast","Streamline+1","White Noise","Defragment+1","Ball Lightning","Self Repair","Conserve Battery","Buffer","Force Field","Coolheaded","Hologram+1"],"special_seed":0,"relics":["Sozu","Potion Belt","Bottled Flame","Bag of Marbles","Golden Idol","Runic Capacitor","Philosopher\u0027s Stone"],"potions_floor_usage":[],"damage_taken":[{"damage":2.0,"enemies":"Jaw Worm","floor":1.0,"turns":3.0},{"damage":6.0,"enemies":"Cultist","floor":2.0,"turns":3.0},{"damage":7.0,"enemies":"Small Slimes","floor":3.0,"turns":4.0},{"damage":0.0,"enemies":"Looter","floor":5.0,"turns":4.0},{"damage":30.0,"enemies":"3 Sentries","floor":6.0,"turns":5.0},{"damage":20.0,"enemies":"Lagavulin","floor":8.0,"turns":6.0},{"damage":0,"enemies":"Large Slime","floor":11,"turns":4},{"damage":0,"enemies":"2 Fungi Beasts","floor":12,"turns":3},{"damage":0,"enemies":"Slime Boss","floor":16,"turns":6},{"damage":31,"enemies":"3 Byrds","floor":18,"turns":4},{"damage":23,"enemies":"2 Thieves","floor":22,"turns":5},{"damage":48,"enemies":"Slavers","floor":24,"turns":4}],"seed_played":"6919449196361706767","potions_obtained":[],"is_trial":false,"path_per_floor":["M","M","M","$","M","E","R","E","T","R","M","M","?","$","R","B",null,"M","?","$","?","M","R","E"],"character_chosen":"DEFECT","items_purchased":["Runic Capacitor","Coolheaded"],"campfire_rested":2,"item_purchase_floors":[14,20],"current_hp_per_floor":[62,56,49,49,49,19,40,27,27,27,27,34,34,34,34,41,58,34,34,34,34,18,37,0],"gold":100,"neow_bonus":"BOSS_RELIC","is_prod":false,"is_daily":false,"chose_seed":false,"campfire_upgraded":2,"win_rate":0,"timestamp":1554085839,"path_taken":["M","M","M","$","M","E","R","E","T","R","M","M","?","$","R","BOSS","M","?","$","?","M","R","E"],"build_version":"2019-03-15","purchased_purges":1,"victory":false,"max_hp_per_floor":[71,71,71,71,71,71,71,71,71,71,71,71,64,64,64,64,64,64,64,64,64,64,64,64],"card_choices":[{"not_picked":["Rebound","Redo"],"picked":"Streamline","floor":1.0},{"not_picked":["Stack","Reprogram"],"picked":"White Noise","floor":2.0},{"not_picked":["Compile Driver","Turbo"],"picked":"Defragment","floor":3.0},{"not_picked":["Streamline","Rebound"],"picked":"Ball Lightning","floor":5.0},{"not_picked":["Beam Cell","White Noise"],"picked":"Self Repair","floor":6.0},{"not_picked":["Go for the Eyes","Scrape","Double Energy"],"picked":"SKIP","floor":8},{"not_picked":["Gash","Steam","Barrage"],"picked":"SKIP","floor":11},{"not_picked":["Rebound","Hyperbeam"],"picked":"Conserve Battery","floor":12},{"not_picked":["Hyperbeam","Fission"],"picked":"Buffer","floor":16},{"not_picked":["Steam","Beam Cell"],"picked":"Force Field","floor":18},{"not_picked":["Reinforced Body","Rebound+1"],"picked":"Hologram+1","floor":22}],"player_experience":2331266,"relics_obtained":[{"floor":6.0,"key":"Potion Belt"},{"floor":8,"key":"Bottled Flame"},{"floor":9,"key":"Bag of Marbles"}],"event_choices":[{"damage_healed":0,"gold_gain":0,"player_choice":"Lose Max HP","damage_taken":0,"relics_obtained":["Golden Idol"],"max_hp_gain":0,"max_hp_loss":7,"event_name":"Golden Idol","floor":13,"gold_loss":0},{"damage_healed":0,"gold_gain":0,"player_choice":"Simplicity","damage_taken":0,"max_hp_gain":0,"max_hp_loss":0,"event_name":"Back to Basics","floor":19,"gold_loss":0,"cards_upgraded":["Strike_B","Strike_B","Strike_B","Defend_B","Defend_B","Defend_B","Defend_B"]},{"damage_healed":0,"gold_gain":0,"player_choice":"Ignored","damage_taken":0,"max_hp_gain":0,"max_hp_loss":0,"event_name":"N\u0027loth","floor":21,"gold_loss":0}],"is_beta":true,"boss_relics":[{"not_picked":["Fusion Hammer","Ectoplasm"],"picked":"Philosopher\u0027s Stone"}],"items_purged_floors":[4],"is_endless":false,"potions_floor_spawned":[1,3,5,11],"killed_by":"Slavers","ascension_level":15}