{"gold_per_floor":[117,137,157,157,172,347,422,422,422,454,465,465],"floor_reached":12,"playtime":425,"items_purged":[],"score":136,"play_id":"fd10fd09-ef21-4bb8-b141-e497ac5464ce","local_time":"20190324012730","is_ascension_mode":true,"campfire_choices":[{"data":"Hologram","floor":8,"key":"SMITH"}],"neow_cost":"NONE","seed_source_timestamp":604552709552023,"circlet_count":0,"master_deck":["AscendersBane","Strike_B","Strike_B","Strike_B","Strike_B","Defend_B","Defend_B","Defend_B","Defend_B","Zap+1","Dualcast","Auto Shields","Hologram+1","Cold Snap","Conserve Battery","Doubt","Core Surge","Defragment"],"relics":["Cracked Core","Pen Nib","Shuriken"],"potions_floor_usage":[10,12],"damage_taken":[{"damage":2,"enemies":"Jaw Worm","floor":1,"turns":3},{"damage":2,"enemies":"2 Louse","floor":2,"turns":3},{"damage":1,"enemies":"Cultist","floor":3,"turns":3},{"damage":0,"enemies":"2 Fungi Beasts","floor":5,"turns":4},{"damage":23,"enemies":"Lagavulin","floor":10,"turns":9},{"damage":2,"enemies":"Looter","floor":11,"turns":3},{"damage":24,"enemies":"Gremlin Nob","floor":12,"turns":4}],"seed_played":"-7373293686910872080","potions_obtained":[{"floor":1,"key":"Poison Potion"},{"floor":3,"key":"FearPotion"}],"is_trial":false,"path_per_floor":["M","M","M","?","M","?","?","R","T","E","M","E"],"character_chosen":"DEFECT","items_purchased":[],"campfire_rested":0,"item_purchase_floors":[],"current_hp_per_floor":[69,67,66,66,66,66,55,55,55,32,30,6],"gold":465,"neow_bonus":"TEN_PERCENT_HP_BONUS","is_prod":false,"is_daily":false,"chose_seed":false,"campfire_upgraded":1,"win_rate":0,"timestamp":1553405250,"path_taken":["M","M","M","?","M","?","?","R","T","E","?","E"],"build_version":"2019-01-23","purchased_purges":0,"victory":false,"max_hp_per_floor":[78,78,78,78,78,78,78,78,78,78,78,78],"card_choices":[{"not_picked":["Fusion","Rebound"],"picked":"Auto Shields","floor":1},{"not_picked":["Barrage","Rebound"],"picked":"Hologram","floor":2},{"not_picked":["Beam Cell","Coolheaded"],"picked":"Cold Snap","floor":3},{"not_picked":["Heatsinks","Reprogram"],"picked":"Conserve Battery","floor":5},{"not_picked":["Conserve Battery","Ball Lightning"],"picked":"Core Surge","floor":10},{"not_picked":["Sweeping Beam","Self Repair"],"picked":"Defragment","floor":11}],"player_experience":1382949,"relics_obtained":[{"floor":9,"key":"Pen Nib"},{"floor":10,"key":"Shuriken"}],"event_choices":[{"damage_healed":0,"gold_gain":0,"player_choice":"Grow","damage_taken":0,"max_hp_gain":0,"max_hp_loss":0,"event_name":"Living Wall","floor":4,"gold_loss":0,"cards_upgraded":["Zap"]},{"damage_healed":0,"gold_gain":175,"player_choice":"AGREE","damage_taken":0,"max_hp_gain":0,"max_hp_loss":0,"event_name":"Liars Game","floor":6,"gold_loss":0,"cards_obtained":["Doubt"]},{"damage_healed":0,"gold_gain":75,"player_choice":"Gather Gold","damage_taken":11,"max_hp_gain":0,"max_hp_loss":0,"event_name":"World of Goop","floor":7,"gold_loss":0}],"is_beta":false,"boss_relics":[],"items_purged_floors":[],"is_endless":false,"potions_floor_spawned":[1,3],"killed_by":"Gremlin Nob","ascension_level":14}