{"gold_per_floor":[119,94,105,105,105,105,133,162,232,232,251,282,301,152,152,223,223,234,234],"floor_reached":19,"playtime":593,"items_purged":["Strike_R"],"score":306,"play_id":"6e16f7c8-172b-4971-a6e4-1ee55f7fd26d","local_time":"20190413000528","is_ascension_mode":true,"campfire_choices":[{"data":"Bash","floor":6.0,"key":"SMITH"},{"floor":10.0,"key":"REST"},{"data":"Whirlwind","floor":15.0,"key":"SMITH"}],"neow_cost":"NONE","seed_source_timestamp":206448890869614,"circlet_count":0,"master_deck":["AscendersBane","Strike_R","Strike_R","Strike_R","Defend_R","Defend_R","Defend_R","Defend_R","Bash+1","Pommel Strike","Headbutt","Whirlwind+1","Inflame","Ghostly Armor","Immolate","Rampage+1","Fire Breathing+1","Warcry+1","Anger"],"special_seed":0,"relics":["Burning Blood","Blood Vial","Centennial Puzzle","Champion Belt","Odd Mushroom","Sundial","Pantograph","Astrolabe"],"potions_floor_usage":[19],"damage_taken":[{"damage":4.0,"enemies":"2 Louse","floor":1.0,"turns":3.0},{"damage":7.0,"enemies":"Jaw Worm","floor":3.0,"turns":4.0},{"damage":18.0,"enemies":"Lagavulin","floor":7.0,"turns":6.0},{"damage":17.0,"enemies":"The Mushroom Lair","floor":8.0,"turns":5.0},{"damage":0.0,"enemies":"Cultist","floor":11.0,"turns":2.0},{"damage":24.0,"enemies":"Gremlin Nob","floor":12.0,"turns":4.0},{"damage":0.0,"enemies":"3 Louse","floor":13.0,"turns":1.0},{"damage":51.0,"enemies":"The Guardian","floor":16.0,"turns":10.0},{"damage":30.0,"enemies":"Shell Parasite","floor":18.0,"turns":5.0},{"damage":15,"enemies":"Colosseum Slavers","floor":19,"turns":3},{"damage":37,"enemies":"Colosseum Nobs","floor":19,"turns":3}],"seed_played":"2640615599069021794","potions_obtained":[{"floor":1.0,"key":"Block Potion"},{"floor":16.0,"key":"Energy Potion"}],"is_trial":false,"path_per_floor":["M","$","M","?","$","R","E","?","T","R","M","E","M","$","R","B",null,"M","?"],"character_chosen":"IRONCLAD","items_purchased":["Pommel Strike","Ghostly Armor"],"campfire_rested":1,"item_purchase_floors":[2,14],"current_hp_per_floor":[72,72,73,47,47,47,37,28,28,50,58,42,50,50,50,30,64,42,0],"gold":234,"neow_bonus":"RANDOM_COMMON_RELIC","is_prod":false,"is_daily":false,"chose_seed":false,"campfire_upgraded":2,"win_rate":0,"timestamp":1555128328,"path_taken":["M","$","M","?","$","R","E","?","T","R","M","E","M","$","R","BOSS","M","?"],"build_version":"2019-04-04","purchased_purges":1,"victory":false,"max_hp_per_floor":[75,75,75,75,75,75,75,75,75,75,75,75,75,75,75,75,75,75,75],"card_choices":[{"not_picked":["Burning Pact","Rage","Fire Breathing"],"picked":"SKIP","floor":1.0},{"not_picked":["Dropkick","Pommel Strike"],"picked":"Perfected Strike","floor":3.0},{"not_picked":["Corruption","Entrench"],"picked":"Headbutt","floor":7.0},{"not_picked":["Thunderclap","Second Wind"],"picked":"Whirlwind","floor":8.0},{"not_picked":["Anger","Body Slam"],"picked":"Inflame","floor":11.0},{"not_picked":["Pommel Strike","Twin Strike","Clash"],"picked":"SKIP","floor":12.0},{"not_picked":["Havoc","Flex"],"picked":"Perfected Strike","floor":13.0},{"not_picked":["Limit Break","Double Tap"],"picked":"Immolate","floor":16.0},{"not_picked":["Burning Pact","Cleave"],"picked":"Anger","floor":18.0}],"player_experience":2399111,"relics_obtained":[{"floor":7.0,"key":"Champion Belt"},{"floor":8.0,"key":"Odd Mushroom"},{"floor":9.0,"key":"Sundial"},{"floor":12.0,"key":"Pantograph"}],"event_choices":[{"damage_healed":0.0,"max_hp_gain":0.0,"max_hp_loss":0.0,"gold_gain":0.0,"event_name":"Scrap Ooze","player_choice":"Success","floor":4.0,"gold_loss":0.0,"damage_taken":26.0,"relics_obtained":["Centennial Puzzle"]},{"damage_healed":0.0,"max_hp_gain":0.0,"max_hp_loss":0.0,"gold_gain":0.0,"event_name":"Mushrooms","player_choice":"Fought Mushrooms","floor":8.0,"gold_loss":0.0,"damage_taken":0.0},{"damage_healed":0,"gold_gain":0,"player_choice":"Fight","damage_taken":0,"max_hp_gain":0,"max_hp_loss":0,"event_name":"Colosseum","floor":19,"gold_loss":0},{"damage_healed":0,"gold_gain":0,"player_choice":"Fought Nobs","damage_taken":0,"max_hp_gain":0,"max_hp_loss":0,"event_name":"Colosseum","floor":19,"gold_loss":0}],"is_beta":true,"boss_relics":[{"not_picked":["Empty Cage","Calling Bell"],"picked":"Astrolabe"}],"items_purged_floors":[14],"is_endless":false,"potions_floor_spawned":[1,16],"killed_by":"Colosseum Nobs","ascension_level":15}