{"gold_per_floor":[110,125,125,138,152,187,187,187],"floor_reached":8,"playtime":434,"items_purged":[],"score":116,"play_id":"73a1d104-b0f0-45e4-8c3f-5b108b20e084","local_time":"20190426081435","is_ascension_mode":true,"campfire_choices":[{"floor":7,"key":"REST"}],"neow_cost":"NONE","seed_source_timestamp":310605396624027,"circlet_count":0,"master_deck":["AscendersBane","Defend_G","Defend_G","Defend_G","Defend_G","Defend_G","Strike_G","Strike_G","Strike_G","Strike_G","Strike_G","Survivor","Neutralize+1","Escape Plan","Backstab+1","Noxious Fumes","Deadly Poison","Crippling Poison"],"relics":["Ring of the Snake","Vajra"],"potions_floor_usage":[6,8,8],"damage_taken":[{"damage":0,"enemies":"Cultist","floor":1,"turns":4},{"damage":6,"enemies":"Small Slimes","floor":2,"turns":5},{"damage":0,"enemies":"Jaw Worm","floor":4,"turns":3},{"damage":1,"enemies":"Lots of Slimes","floor":5,"turns":5},{"damage":31,"enemies":"Lagavulin","floor":6,"turns":6},{"damage":46,"enemies":"3 Sentries","floor":8,"turns":6}],"seed_played":"-2596878579279846021","potions_obtained":[{"floor":1,"key":"Strength Potion"},{"floor":2,"key":"PowerPotion"},{"floor":6,"key":"SneckoOil"}],"is_trial":false,"path_per_floor":["M","M","?","M","M","E","R","E"],"character_chosen":"THE_SILENT","items_purchased":[],"campfire_rested":1,"item_purchase_floors":[],"current_hp_per_floor":[59,53,53,53,52,21,40,0],"gold":187,"neow_bonus":"UPGRADE_CARD","is_prod":false,"is_daily":false,"chose_seed":false,"campfire_upgraded":0,"win_rate":0,"timestamp":1556280875,"path_taken":["M","?","?","M","M","E","R","E"],"build_version":"2019-01-23","purchased_purges":0,"victory":false,"max_hp_per_floor":[66,66,66,66,66,66,66,66],"card_choices":[{"not_picked":["Terror","Prepared"],"picked":"Escape Plan","floor":1},{"not_picked":["Flying Knee","Terror"],"picked":"Backstab","floor":2},{"not_picked":["Setup","Deadly Poison"],"picked":"Noxious Fumes","floor":4},{"not_picked":["Sucker Punch","All Out Attack"],"picked":"Deadly Poison","floor":5},{"not_picked":["Tactician","Acrobatics"],"picked":"Crippling Poison","floor":6}],"player_experience":1958997,"relics_obtained":[{"floor":6,"key":"Vajra"}],"event_choices":[{"damage_healed":0,"gold_gain":0,"player_choice":"Grow","damage_taken":0,"max_hp_gain":0,"max_hp_loss":0,"event_name":"Living Wall","floor":3,"gold_loss":0,"cards_upgraded":["Backstab"]}],"is_beta":false,"boss_relics":[],"items_purged_floors":[],"is_endless":false,"potions_floor_spawned":[1,2,6],"killed_by":"3 Sentries","ascension_level":20}