{"gold_per_floor":[114,114,72,88,88,132,207,227,227,227,227,243,168,186,186,186],"floor_reached":16,"playtime":232,"items_purged":["Strike_R"],"score":250,"play_id":"4513fb49-02f2-4768-8b8e-6ed960c32d4b","local_time":"20190215201716","is_ascension_mode":true,"campfire_choices":[{"data":"Armaments","floor":11,"key":"SMITH"},{"floor":15,"key":"REST"}],"neow_cost":"NONE","seed_source_timestamp":35160945689198,"circlet_count":0,"master_deck":["AscendersBane","Strike_R","Strike_R","Strike_R","Strike_R+1","Defend_R","Defend_R","Defend_R","Defend_R+1","Bash","Disarm","Corruption","Shrug It Off","Armaments+1","Shrug It Off","Shrug It Off"],"relics":["Burning Blood","NeowsBlessing","Golden Idol","Bronze Scales","Bottled Tornado","Singing Bowl"],"potions_floor_usage":[12,16,16],"damage_taken":[{"damage":0,"enemies":"Jaw Worm","floor":1,"turns":1},{"damage":0,"enemies":"Cultist","floor":4,"turns":1},{"damage":0,"enemies":"Gremlin Nob","floor":6,"turns":1},{"damage":5,"enemies":"2 Louse","floor":8,"turns":3},{"damage":12,"enemies":"Large Slime","floor":12,"turns":6},{"damage":4,"enemies":"Blue Slaver","floor":14,"turns":4},{"damage":30,"enemies":"Slime Boss","floor":16,"turns":11}],"seed_played":"3993327176520469354","potions_obtained":[{"floor":1,"key":"Weak Potion"},{"floor":12,"key":"SpeedPotion"},{"floor":14,"key":"SpeedPotion"}],"is_trial":false,"path_per_floor":["M","?","$","M","?","E","?","M","T","T","R","M","$","M","R","B"],"character_chosen":"IRONCLAD","items_purchased":["Corruption"],"campfire_rested":1,"item_purchase_floors":[3],"current_hp_per_floor":[74,48,48,54,31,37,26,27,27,27,27,21,21,23,45,15],"gold":186,"neow_bonus":"THREE_ENEMY_KILL","is_prod":false,"is_daily":false,"chose_seed":false,"campfire_upgraded":1,"win_rate":0,"timestamp":1550287036,"path_taken":["M","?","?","?","?","E","?","M","T","?","R","M","$","?","R","BOSS"],"build_version":"2019-02-06","purchased_purges":1,"victory":false,"max_hp_per_floor":[75,75,75,75,75,75,75,75,75,75,75,75,75,75,75,75],"card_choices":[{"not_picked":["Thunderclap","Sword Boomerang"],"picked":"Disarm","floor":1},{"not_picked":["Headbutt","True Grit"],"picked":"Shrug It Off","floor":4},{"not_picked":["Heavy Blade","Sentinel","Combust"],"picked":"SKIP","floor":6},{"not_picked":["Clash","Heavy Blade"],"picked":"Armaments","floor":8},{"not_picked":["Barricade","Anger"],"picked":"Shrug It Off","floor":12},{"not_picked":["Anger","Cleave"],"picked":"Shrug It Off","floor":14}],"player_experience":1094621,"relics_obtained":[{"floor":6,"key":"Bronze Scales"},{"floor":9,"key":"Bottled Tornado"},{"floor":10,"key":"Singing Bowl"}],"event_choices":[{"damage_healed":0,"gold_gain":0,"player_choice":"Take Damage","damage_taken":26,"relics_obtained":["Golden Idol"],"max_hp_gain":0,"max_hp_loss":0,"event_name":"Golden Idol","floor":2,"gold_loss":0},{"damage_healed":0,"gold_gain":0,"player_choice":"Entered Light","damage_taken":23,"max_hp_gain":0,"max_hp_loss":0,"event_name":"Shining Light","floor":5,"gold_loss":0,"cards_upgraded":["Strike_R","Defend_R"]},{"damage_healed":0,"gold_gain":75,"player_choice":"Gather Gold","damage_taken":11,"max_hp_gain":0,"max_hp_loss":0,"event_name":"World of Goop","floor":7,"gold_loss":0}],"is_beta":true,"boss_relics":[],"items_purged_floors":[13],"is_endless":false,"potions_floor_spawned":[1,12,14],"killed_by":"Slime Boss","ascension_level":20}