{"gold_per_floor":[15,35,52,127,147,147,167,195,195,195,213,231,231,274,274,370,370,353,353,367,383,383],"floor_reached":22,"playtime":1287,"items_purged":[],"score":400,"play_id":"f9f417d6-93cc-47de-8f84-0b4e53d79df1","local_time":"20190429205146","is_ascension_mode":true,"campfire_choices":[{"data":"Wild Strike","floor":6,"key":"SMITH"},{"data":"Bash","floor":13,"key":"SMITH"},{"data":"Barricade","floor":15,"key":"SMITH"}],"neow_cost":"NO_GOLD","seed_source_timestamp":614402231794252,"circlet_count":0,"master_deck":["AscendersBane","Strike_R","Strike_R","Strike_R","Strike_R","Defend_R","Defend_R","Defend_R","Defend_R","Bash+1","Shrug It Off","Pommel Strike","Metallicize","Wild Strike+1","Inflame","Barricade+1","Body Slam","Power Through","Limit Break","Flame Barrier+1","Corruption"],"relics":["Burning Blood","Anchor","Golden Idol","Dream Catcher","Philosopher\u0027s Stone"],"potions_floor_usage":[8,16,21,22],"damage_taken":[{"damage":5,"enemies":"Small Slimes","floor":1,"turns":4},{"damage":2,"enemies":"Jaw Worm","floor":2,"turns":6},{"damage":6,"enemies":"Cultist","floor":3,"turns":3},{"damage":4,"enemies":"2 Fungi Beasts","floor":5,"turns":4},{"damage":16,"enemies":"Lots of Slimes","floor":7,"turns":6},{"damage":12,"enemies":"Lagavulin","floor":8,"turns":7},{"damage":31,"enemies":"Gremlin Gang","floor":11,"turns":6},{"damage":1,"enemies":"Red Slaver","floor":12,"turns":3},{"damage":16,"enemies":"3 Sentries","floor":14,"turns":9},{"damage":16,"enemies":"The Guardian","floor":16,"turns":14},{"damage":11,"enemies":"2 Thieves","floor":18,"turns":4},{"damage":30,"enemies":"Spheric Guardian","floor":20,"turns":6},{"damage":7,"enemies":"Centurion and Healer","floor":21,"turns":9},{"damage":50,"enemies":"Cultist and Chosen","floor":22,"turns":5}],"seed_played":"-5302341979554543068","potions_obtained":[{"floor":2,"key":"Weak Potion"},{"floor":3,"key":"PowerPotion"},{"floor":8,"key":"LiquidBronze"},{"floor":12,"key":"Energy Potion"},{"floor":20,"key":"BloodPotion"}],"is_trial":false,"path_per_floor":["M","M","M","?","M","R","M","E","T","?","M","M","R","E","R","B",null,"M","?","M","M","M"],"character_chosen":"IRONCLAD","items_purchased":[],"campfire_rested":0,"item_purchase_floors":[],"current_hp_per_floor":[83,87,87,76,78,78,68,62,62,62,37,42,42,32,32,22,66,61,61,37,44,0],"gold":383,"neow_bonus":"TWENTY_PERCENT_HP_BONUS","is_prod":false,"is_daily":false,"chose_seed":false,"campfire_upgraded":3,"win_rate":0,"timestamp":1556585506,"path_taken":["M","M","M","?","M","R","M","E","T","?","?","?","R","E","R","BOSS","M","?","M","?","?"],"build_version":"2019-01-23","purchased_purges":0,"victory":false,"max_hp_per_floor":[89,89,89,89,89,89,89,89,89,81,81,81,81,81,81,81,81,81,81,81,81,81],"card_choices":[{"not_picked":["Flex","Headbutt"],"picked":"Shrug It Off","floor":1},{"not_picked":["Fire Breathing","Headbutt"],"picked":"Pommel Strike","floor":2},{"not_picked":["Armaments","Thunderclap"],"picked":"Metallicize","floor":3},{"not_picked":["Body Slam","Rage"],"picked":"Wild Strike","floor":5},{"not_picked":["Cleave","Power Through"],"picked":"Inflame","floor":7},{"not_picked":["Flex","Havoc"],"picked":"Barricade","floor":8},{"not_picked":["Ghostly Armor","Heavy Blade"],"picked":"Body Slam","floor":11},{"not_picked":["Rupture","Flex"],"picked":"Power Through","floor":12},{"not_picked":["Thunderclap","Twin Strike","Anger"],"picked":"SKIP","floor":14},{"not_picked":["Bludgeon","Fiend Fire"],"picked":"Limit Break","floor":16},{"not_picked":["Dual Wield","Thunderclap+1","Anger"],"picked":"SKIP","floor":18},{"not_picked":["Corruption","Warcry"],"picked":"Flame Barrier+1","floor":20},{"not_picked":["Thunderclap","Armaments"],"picked":"Corruption","floor":21}],"player_experience":2110937,"relics_obtained":[{"floor":8,"key":"Anchor"},{"floor":14,"key":"Dream Catcher"}],"event_choices":[{"damage_healed":0,"gold_gain":75,"player_choice":"Gather Gold","damage_taken":11,"max_hp_gain":0,"max_hp_loss":0,"event_name":"World of Goop","floor":4,"gold_loss":0},{"damage_healed":0,"gold_gain":0,"player_choice":"Lose Max HP","damage_taken":0,"relics_obtained":["Golden Idol"],"max_hp_gain":0,"max_hp_loss":8,"event_name":"Golden Idol","floor":10,"gold_loss":0},{"cards_removed":["Strike_R"],"damage_healed":0,"gold_gain":0,"player_choice":"Purged","damage_taken":0,"max_hp_gain":0,"max_hp_loss":0,"event_name":"Purifier","floor":19,"gold_loss":0}],"is_beta":false,"boss_relics":[{"not_picked":["Runic Pyramid","Astrolabe"],"picked":"Philosopher\u0027s Stone"}],"items_purged_floors":[],"is_endless":false,"potions_floor_spawned":[2,3,7,8,12,20],"killed_by":"Cultist and Chosen","ascension_level":20}