{"gold_per_floor":[216,216,228,228,228,228,289,308,335,13,44,61,81,110,110,182,182,195,205,205,250,48,48,67,67,92,119,21,55,68,68,68,145,145,158,158,1,19,19,46,46,60,86,121,131,156,156,256,256,256,256,256,158,189,189],"floor_reached":56,"playtime":2868,"items_purged":["Strike_G","Strike_G","Strike_G"],"score":2226,"play_id":"df874759-6225-4859-8ca8-df9cfa538a56","local_time":"20190410232253","is_ascension_mode":true,"campfire_choices":[{"data":"Neutralize","floor":6,"key":"SMITH"},{"floor":15,"key":"REST"},{"data":"Cloak And Dagger","floor":23,"key":"SMITH"},{"data":"Crippling Poison","floor":25,"key":"SMITH"},{"floor":32,"key":"REST"},{"floor":41,"key":"RECALL"},{"data":"Wraith Form v2","floor":47,"key":"SMITH"},{"data":"Well Laid Plans","floor":49,"key":"SMITH"},{"data":"Burst","floor":52,"key":"SMITH"}],"neow_cost":"NONE","seed_source_timestamp":28836007267747,"circlet_count":0,"master_deck":["AscendersBane","Defend_G","Defend_G","Defend_G","Defend_G","Defend_G","Survivor","Neutralize+1","Bouncing Flask","Dagger Spray","Crippling Poison+1","Burst+1","Dodge and Roll","Noxious Fumes","Deflect","Cloak And Dagger+1","Leg Sweep","Well Laid Plans+1","Blur+1","PiercingWail","Backflip","Escape Plan+1","Bouncing Flask+1","Wraith Form v2+1","Dodge and Roll"],"relics":["Ring of the Snake","Snake Skull","Tiny Chest","Bag of Preparation","Kunai","Pear","Paper Crane","Black Star","Smiling Mask","Omamori","Incense Burner","Dead Branch","Boot","Bottled Lightning","Philosopher\u0027s Stone","Oddly Smooth Stone","Tingsha","Lantern","Bronze Scales","Dream Catcher","Gremlin Horn","Art of War","Turnip","Dodecahedron","Unceasing Top"],"potions_floor_usage":[11,16,19,27,31,31,42,55,55],"damage_taken":[{"damage":0,"enemies":"2 Louse","floor":1,"turns":4},{"damage":1,"enemies":"Small Slimes","floor":3,"turns":5},{"damage":10,"enemies":"Lagavulin","floor":7,"turns":6},{"damage":1,"enemies":"Jaw Worm","floor":8,"turns":3},{"damage":13,"enemies":"3 Sentries","floor":11,"turns":8},{"damage":0,"enemies":"Large Slime","floor":12,"turns":5},{"damage":12,"enemies":"Blue Slaver","floor":13,"turns":6},{"damage":7,"enemies":"Lagavulin","floor":14,"turns":5},{"damage":33,"enemies":"Slime Boss","floor":16,"turns":10},{"damage":0,"enemies":"3 Byrds","floor":18,"turns":4},{"damage":2,"enemies":"Chosen","floor":19,"turns":6},{"damage":2,"enemies":"Snake Plant","floor":24,"turns":7},{"damage":14,"enemies":"Book of Stabbing","floor":27,"turns":7},{"damage":13,"enemies":"Slavers","floor":29,"turns":7},{"damage":2,"enemies":"Centurion and Healer","floor":30,"turns":6},{"damage":0,"enemies":"Book of Stabbing","floor":31,"turns":7},{"damage":6,"enemies":"Collector","floor":33,"turns":10},{"damage":0,"enemies":"Orb Walker","floor":35,"turns":4},{"damage":0,"enemies":"3 Shapes","floor":38,"turns":5},{"damage":2,"enemies":"Nemesis","floor":40,"turns":7},{"damage":3,"enemies":"Writhing Mass","floor":42,"turns":8},{"damage":0,"enemies":"Reptomancer","floor":44,"turns":6},{"damage":0,"enemies":"Maw","floor":45,"turns":6},{"damage":0,"enemies":"Giant Head","floor":46,"turns":6},{"damage":0,"enemies":"Mind Bloom Boss Battle","floor":48,"turns":8},{"damage":0,"enemies":"Awakened One","floor":50,"turns":15},{"damage":6,"enemies":"Shield and Spear","floor":54,"turns":6},{"damage":37,"enemies":"The Heart","floor":55,"turns":12}],"seed_played":"-7327719311555372851","potions_obtained":[{"floor":7,"key":"PowerPotion"},{"floor":8,"key":"EssenceOfSteel"},{"floor":11,"key":"Ancient Potion"},{"floor":16,"key":"Energy Potion"},{"floor":19,"key":"SmokeBomb"},{"floor":29,"key":"FairyPotion"},{"floor":30,"key":"Block Potion"},{"floor":40,"key":"AttackPotion"},{"floor":44,"key":"Dexterity Potion"},{"floor":48,"key":"SteroidPotion"}],"is_trial":false,"path_per_floor":["M","$","M","?","?","R","E","M","T","$","E","M","M","E","R","B",null,"M","M","?","T","$","R","M","R","T","E","$","E","M","E","R","B",null,"M","?","$","M","?","E","R","M","T","E","M","E","R","?","R","B",null,"R","$","E","B",null],"character_chosen":"THE_SILENT","items_purchased":["Kunai","Burst","Leg Sweep","Well Laid Plans","PiercingWail","Oddly Smooth Stone","PowerPotion"],"campfire_rested":2,"item_purchase_floors":[10,10,22,22,28,37,53],"current_hp_per_floor":[59,59,58,53,53,53,43,42,42,42,39,39,27,20,42,9,59,59,57,57,57,57,57,55,55,55,41,41,28,26,26,48,42,68,68,68,68,68,58,56,56,53,53,53,53,53,53,53,53,53,70,70,70,64,27],"gold":189,"neow_bonus":"HUNDRED_GOLD","is_prod":false,"is_daily":false,"chose_seed":false,"campfire_upgraded":6,"win_rate":0,"timestamp":1554952973,"path_taken":["M","$","M","?","?","R","E","M","T","$","E","M","M","E","R","BOSS","M","M","?","?","$","R","M","R","T","E","$","E","M","E","R","BOSS","M","?","$","M","?","E","R","M","T","E","M","E","R","?","R","BOSS","R","$","E","BOSS"],"build_version":"2019-04-04","purchased_purges":3,"victory":true,"max_hp_per_floor":[66,66,66,66,66,66,66,66,66,66,76,76,76,76,76,76,76,76,76,76,76,76,76,76,76,76,76,76,76,76,76,76,76,76,76,76,76,76,76,76,76,76,76,76,76,76,76,76,76,76,76,76,76,76,76],"card_choices":[{"not_picked":["Acrobatics","Blade Dance"],"picked":"Bouncing Flask","floor":1},{"not_picked":["PiercingWail","Deflect"],"picked":"Dagger Spray","floor":3},{"not_picked":["Backflip","Reflex"],"picked":"Crippling Poison","floor":7},{"not_picked":["All Out Attack","Outmaneuver","Bane"],"picked":"SKIP","floor":8},{"not_picked":["Acrobatics","Accuracy","Dagger Spray"],"picked":"SKIP","floor":11},{"not_picked":["Outmaneuver","Bouncing Flask","Setup"],"picked":"SKIP","floor":12},{"not_picked":["Outmaneuver","Bouncing Flask","Setup"],"picked":"SKIP","floor":12},{"not_picked":["Blade Dance","Escape Plan"],"picked":"Dodge and Roll","floor":13},{"not_picked":["Blur","Bane"],"picked":"Noxious Fumes","floor":14},{"not_picked":["Outmaneuver","Bane"],"picked":"Deflect","floor":18},{"not_picked":["Blade Dance","Outmaneuver+1"],"picked":"Cloak And Dagger","floor":19},{"not_picked":["Envenom","Dagger Spray+1"],"picked":"Blur+1","floor":24},{"not_picked":["Concentrate","Night Terror","Quick Slash"],"picked":"SKIP","floor":27},{"not_picked":["Acrobatics","Tactician"],"picked":"Backflip","floor":29},{"not_picked":["Finisher","Sucker Punch","Dodge and Roll"],"picked":"SKIP","floor":30},{"not_picked":["Acrobatics","Outmaneuver"],"picked":"Escape Plan+1","floor":35},{"not_picked":["Flechettes+1","Poisoned Stab","Masterful Stab"],"picked":"SKIP","floor":38},{"not_picked":["Prepared","Tactician","Deadly Poison"],"picked":"SKIP","floor":40},{"not_picked":["Reflex","Dodge and Roll"],"picked":"Bouncing Flask+1","floor":42},{"not_picked":["Eviscerate","Outmaneuver","Escape Plan"],"picked":"SKIP","floor":44},{"not_picked":["Bouncing Flask+1","Sucker Punch","Flying Knee"],"picked":"SKIP","floor":45},{"not_picked":["Prepared+1","Dodge and Roll+1"],"picked":"Wraith Form v2","floor":46},{"not_picked":["Eviscerate+1","Underhanded Strike+1"],"picked":"Dodge and Roll","floor":48},{"not_picked":["Bane","Deflect","Expertise"],"picked":"SKIP","floor":54}],"player_experience":2390531,"relics_obtained":[{"floor":7,"key":"Tiny Chest"},{"floor":9,"key":"Bag of Preparation"},{"floor":11,"key":"Pear"},{"floor":14,"key":"Paper Crane"},{"floor":21,"key":"Smiling Mask"},{"floor":26,"key":"Omamori"},{"floor":27,"key":"Incense Burner"},{"floor":27,"key":"Dead Branch"},{"floor":29,"key":"Boot"},{"floor":29,"key":"Bottled Lightning"},{"floor":40,"key":"Tingsha"},{"floor":40,"key":"Lantern"},{"floor":44,"key":"Bronze Scales"},{"floor":44,"key":"Dream Catcher"},{"floor":46,"key":"Gremlin Horn"},{"floor":46,"key":"Art of War"},{"floor":48,"key":"Turnip"},{"floor":54,"key":"Dodecahedron"},{"floor":54,"key":"Unceasing Top"}],"event_choices":[{"damage_healed":0,"gold_gain":0,"player_choice":"Success","damage_taken":5,"relics_obtained":["Snake Skull"],"max_hp_gain":0,"max_hp_loss":0,"event_name":"Scrap Ooze","floor":4,"gold_loss":0},{"cards_removed":["Strike_G"],"damage_healed":0,"gold_gain":0,"player_choice":"Forget","damage_taken":0,"max_hp_gain":0,"max_hp_loss":0,"event_name":"Living Wall","floor":5,"gold_loss":0},{"damage_healed":0,"gold_gain":0,"player_choice":"Ignored","damage_taken":0,"max_hp_gain":0,"max_hp_loss":0,"event_name":"The Mausoleum","floor":20,"gold_loss":0},{"cards_removed":["Strike_G"],"damage_healed":0,"gold_gain":0,"player_choice":"Removed Attack","damage_taken":0,"max_hp_gain":0,"max_hp_loss":0,"event_name":"Falling","floor":36,"gold_loss":0},{"damage_healed":0,"gold_gain":0,"player_choice":"Memory 3","damage_taken":10,"max_hp_gain":0,"max_hp_loss":0,"event_name":"SensoryStone","floor":39,"gold_loss":0},{"damage_healed":0,"gold_gain":0,"player_choice":"Fight","damage_taken":0,"max_hp_gain":0,"max_hp_loss":0,"event_name":"MindBloom","floor":48,"gold_loss":0}],"is_beta":true,"boss_relics":[{"not_picked":["Coffee Dripper","Calling Bell"],"picked":"Black Star"},{"not_picked":["WristBlade","Runic Dome"],"picked":"Philosopher\u0027s Stone"}],"items_purged_floors":[22,28,53],"is_endless":false,"potions_floor_spawned":[7,8,11,16,19,24,29,30,40,44,48],"ascension_level":15}