{"gold_per_floor":[112,187,203,222,222,222,250,250,250,264,293,313,313],"floor_reached":13,"playtime":1017,"items_purged":[],"score":190,"play_id":"afb5560a-5f24-4a43-a6d7-ea40f9678647","local_time":"20190503223718","is_ascension_mode":true,"campfire_choices":[{"data":"Neutralize","floor":6.0,"key":"SMITH"},{"floor":8.0,"key":"REST"}],"neow_cost":"NONE","seed_source_timestamp":966587483058092,"circlet_count":0,"master_deck":["AscendersBane","Defend_G","Defend_G","Defend_G","Defend_G","Defend_G","Strike_G","Strike_G","Strike_G","Strike_G","Survivor","Neutralize+1","Backstab","Leg Sweep","Escape Plan","Deadly Poison","Backflip","Crippling Poison","Dagger Spray"],"special_seed":0,"relics":["Ring of the Snake","Tough Bandages","Calipers","Du-Vu Doll"],"potions_floor_usage":[13,13],"damage_taken":[{"damage":4.0,"enemies":"Small Slimes","floor":1.0,"turns":6.0},{"damage":5.0,"enemies":"Jaw Worm","floor":3.0,"turns":8.0},{"damage":1.0,"enemies":"Cultist","floor":4.0,"turns":5.0},{"damage":32.0,"enemies":"Gremlin Nob","floor":7.0,"turns":5.0},{"damage":7.0,"enemies":"Exordium Wildlife","floor":10.0,"turns":7.0},{"damage":12.0,"enemies":"3 Sentries","floor":11.0,"turns":12.0},{"damage":8.0,"enemies":"Large Slime","floor":12.0,"turns":7.0},{"damage":23,"enemies":"Gremlin Nob","floor":13,"turns":4}],"seed_played":"9085482918145143739","potions_obtained":[{"floor":0.0,"key":"Fruit Juice"},{"floor":0.0,"key":"Fire Potion"},{"floor":0.0,"key":"Block Potion"},{"floor":7.0,"key":"Dexterity Potion"},{"floor":10.0,"key":"Poison Potion"},{"floor":12.0,"key":"Regen Potion"}],"is_trial":false,"path_per_floor":["M","?","M","M","?","R","E","R","T","M","E","M","E"],"character_chosen":"THE_SILENT","items_purchased":[],"campfire_rested":1,"item_purchase_floors":[],"current_hp_per_floor":[60,49,44,43,43,43,11,32,32,25,13,5,0],"gold":313,"neow_bonus":"THREE_SMALL_POTIONS","is_prod":false,"is_daily":false,"chose_seed":false,"campfire_upgraded":1,"win_rate":0,"timestamp":1556937438,"path_taken":["M","?","M","M","?","R","E","R","T","M","E","?","E"],"build_version":"2019-01-23","purchased_purges":0,"victory":false,"max_hp_per_floor":[71,71,71,71,71,71,71,71,71,71,71,71,71],"card_choices":[{"not_picked":["Underhanded Strike","Calculated Gamble"],"picked":"Backstab","floor":1.0},{"not_picked":["Masterful Stab","Infinite Blades"],"picked":"Leg Sweep","floor":3.0},{"not_picked":["Blade Dance","PiercingWail"],"picked":"Escape Plan","floor":4.0},{"not_picked":["Backflip","Poisoned Stab"],"picked":"Deadly Poison","floor":7.0},{"not_picked":["Deflect","Venomology"],"picked":"Backflip","floor":10.0},{"not_picked":["Backflip","Slice"],"picked":"Crippling Poison","floor":11.0},{"not_picked":["Deflect","Blade Dance"],"picked":"Dagger Spray","floor":12.0}],"player_experience":2320419,"relics_obtained":[{"floor":7.0,"key":"Tough Bandages"},{"floor":9.0,"key":"Calipers"},{"floor":11.0,"key":"Du-Vu Doll"}],"event_choices":[{"damage_healed":0.0,"max_hp_gain":0.0,"max_hp_loss":0.0,"gold_gain":75.0,"event_name":"World of Goop","player_choice":"Gather Gold","floor":2.0,"gold_loss":0.0,"damage_taken":11.0},{"cards_removed":["Strike_G"],"damage_healed":0.0,"max_hp_gain":0.0,"max_hp_loss":0.0,"gold_gain":0.0,"event_name":"Purifier","player_choice":"Purged","floor":5.0,"gold_loss":0.0,"damage_taken":0.0}],"is_beta":false,"boss_relics":[],"items_purged_floors":[],"is_endless":false,"potions_floor_spawned":[1,7,10,12],"killed_by":"Gremlin Nob","ascension_level":20}