{"gold_per_floor":[115,130,130,130,49,79,97,97,97,122,136,171,186,186,186,286,286,301,382,482,499,499,499,499,499,499,499,528,544,544,4,4,106,106,117,137,137,137,62,97,97,97,97,111,111,39,39,65,65,65],"floor_reached":50,"playtime":1839,"items_purged":["Strike_B"],"score":749,"play_id":"0aaba1a4-9636-45cb-a77d-d90280734351","local_time":"20190313025953","is_ascension_mode":true,"campfire_choices":[{"data":"Defragment","floor":8,"key":"SMITH"},{"data":"Dualcast","floor":15,"key":"SMITH"},{"data":"Tempest","floor":23,"key":"SMITH"},{"floor":24,"key":"REST"},{"floor":25,"key":"REST"},{"data":"Coolheaded","floor":27,"key":"SMITH"},{"floor":32,"key":"REST"},{"data":"Melter","floor":41,"key":"SMITH"},{"floor":45,"key":"REST"},{"floor":49,"key":"REST"}],"neow_cost":"TEN_PERCENT_HP_LOSS","seed_source_timestamp":833770214446546,"circlet_count":0,"master_deck":["Strike_B","Defend_B","Defend_B","Defend_B","Defend_B","Zap+1","Dualcast+1","Cold Snap","Melter+1","Defragment+1","Coolheaded+1","Doom and Gloom+1","Tempest+1","Core Surge+1","Defragment+1","Electrodynamics+1","Ball Lightning+1","Tempest+1","Hologram+1","Rainbow+1","Storm+1","RitualDagger+1","Defragment+1","Panache+1","Machine Learning+1","Rebound+1","Madness+1","Madness+1","Multi-Cast+1","Mind Blast+1","Conserve Battery+1","Self Repair+1","All For One+1"],"relics":["Cracked Core","WingedGreaves","Molten Egg 2","Bottled Flame","Omamori","Frozen Egg 2","Velvet Choker","Toxic Egg 2","Incense Burner","Nloth\u0027s Gift","Matryoshka","Sundial","Bag of Preparation","Ancient Tea Set","Empty Cage","Centennial Puzzle","Letter Opener","Oddly Smooth Stone","Nunchaku"],"potions_floor_usage":[6,16,16,20,20,29,48,50,50],"damage_taken":[{"damage":7,"enemies":"Jaw Worm","floor":1,"turns":3},{"damage":2,"enemies":"Small Slimes","floor":2,"turns":4},{"damage":2,"enemies":"Gremlin Nob","floor":6,"turns":4},{"damage":0,"enemies":"Cultist","floor":7,"turns":3},{"damage":10,"enemies":"3 Sentries","floor":10,"turns":4},{"damage":0,"enemies":"Blue Slaver","floor":11,"turns":3},{"damage":8,"enemies":"Gremlin Nob","floor":12,"turns":3},{"damage":11,"enemies":"Exordium Thugs","floor":13,"turns":3},{"damage":8,"enemies":"Hexaghost","floor":16,"turns":7},{"damage":6,"enemies":"3 Byrds","floor":18,"turns":2},{"damage":21,"enemies":"Colosseum Slavers","floor":20,"turns":2},{"damage":3,"enemies":"Colosseum Nobs","floor":20,"turns":3},{"damage":16,"enemies":"2 Thieves","floor":21,"turns":3},{"damage":0,"enemies":"Gremlin Leader","floor":28,"turns":3},{"damage":9,"enemies":"Snake Plant","floor":29,"turns":3},{"damage":18,"enemies":"Collector","floor":33,"turns":6},{"damage":5,"enemies":"3 Darklings","floor":35,"turns":2},{"damage":0,"enemies":"3 Shapes","floor":36,"turns":2},{"damage":12,"enemies":"Nemesis","floor":40,"turns":6},{"damage":17,"enemies":"3 Darklings","floor":44,"turns":2},{"damage":32,"enemies":"Reptomancer","floor":48,"turns":3},{"damage":45,"enemies":"Time Eater","floor":50,"turns":4}],"seed_played":"8461083274588313293","potions_obtained":[{"floor":2,"key":"Block Potion"},{"floor":11,"key":"FocusPotion"},{"floor":14,"key":"Energy Potion"},{"floor":14,"key":"SpeedPotion"},{"floor":16,"key":"FocusPotion"},{"floor":28,"key":"Swift Potion"},{"floor":29,"key":"Fire Potion"},{"floor":35,"key":"Ancient Potion"},{"floor":40,"key":"FearPotion"},{"floor":48,"key":"Block Potion"}],"is_trial":false,"path_per_floor":["M","M","?","?","$","E","M","R","T","E","M","E","M","?","R","B",null,"M","T","?","M","?","R","R","R","T","R","E","M","?","$","R","B",null,"M","M","?","?","$","E","R","?","T","M","R","$","?","E","R","B"],"character_chosen":"DEFECT","items_purchased":["Defragment","Bag of Preparation","Ancient Tea Set","Defragment+1","Panache+1","Self Repair+1"],"campfire_rested":5,"item_purchase_floors":[5,31,31,31,31,46],"current_hp_per_floor":[61,59,64,64,64,62,62,62,62,52,52,44,33,33,33,25,61,55,55,31,15,15,15,36,57,57,57,57,48,42,42,63,45,66,61,61,61,52,52,40,40,40,40,23,44,44,44,22,43,0],"gold":65,"neow_bonus":"ONE_RARE_RELIC","is_prod":false,"is_daily":false,"chose_seed":false,"campfire_upgraded":5,"win_rate":0,"timestamp":1552460393,"path_taken":["M","M","?","?","?","E","M","R","T","E","?","E","M","?","R","BOSS","M","?","?","?","?","R","R","R","T","R","E","?","?","$","R","BOSS","M","M","?","?","$","E","R","?","T","M","R","$","?","E","R","BOSS"],"build_version":"2019-01-23","purchased_purges":1,"victory":false,"max_hp_per_floor":[68,68,73,73,73,73,73,73,73,73,73,73,73,73,73,73,73,73,73,73,73,73,73,73,73,73,73,73,73,73,73,73,73,73,73,73,73,73,73,73,73,73,73,73,73,73,73,73,73,73],"card_choices":[{"not_picked":["Redo","Hologram"],"picked":"Cold Snap","floor":1},{"not_picked":["Gash","Steam"],"picked":"Melter","floor":2},{"not_picked":["Reboot","Turbo"],"picked":"Coolheaded","floor":6},{"not_picked":["Melter+1","Turbo"],"picked":"Doom and Gloom+1","floor":7},{"not_picked":["Beam Cell+1","Hologram"],"picked":"Tempest","floor":10},{"not_picked":["Recycle","Leap"],"picked":"Ball Lightning+1","floor":11},{"not_picked":["Rebound+1","Go for the Eyes+1"],"picked":"Core Surge+1","floor":12},{"not_picked":["FTL+1","Gash+1"],"picked":"Defragment+1","floor":13},{"not_picked":["Rainbow","Multi-Cast"],"picked":"Electrodynamics+1","floor":16},{"not_picked":["Compile Driver+1","Tempest"],"picked":"Ball Lightning+1","floor":18},{"not_picked":["Streamline+1","Beam Cell+1"],"picked":"Tempest+1","floor":20},{"not_picked":["Go for the Eyes+1","Ball Lightning+1"],"picked":"Hologram+1","floor":21},{"not_picked":["Coolheaded+1","Meteor Strike+1"],"picked":"Rainbow+1","floor":28},{"not_picked":["Undo+1","All For One+1"],"picked":"Storm+1","floor":29},{"not_picked":["Hyperbeam+1","Fission+1"],"picked":"Machine Learning+1","floor":33},{"not_picked":["Barrage+1","Cold Snap+1","Ball Lightning+1"],"picked":"SKIP","floor":35},{"not_picked":["Go for the Eyes+1","Genetic Algorithm+1"],"picked":"Rebound+1","floor":36},{"not_picked":["Beam Cell+1","Leap+1"],"picked":"Multi-Cast+1","floor":40},{"not_picked":["Finesse+1","Enlightenment+1"],"picked":"Mind Blast+1","floor":42},{"not_picked":["Rip and Tear+1","Doom and Gloom+1"],"picked":"Conserve Battery+1","floor":44},{"not_picked":["Redo+1","Gash+1"],"picked":"All For One+1","floor":48}],"player_experience":1070699,"relics_obtained":[{"floor":6,"key":"Molten Egg 2"},{"floor":9,"key":"Bottled Flame"},{"floor":10,"key":"Omamori"},{"floor":12,"key":"Frozen Egg 2"},{"floor":19,"key":"Toxic Egg 2"},{"floor":20,"key":"Cables"},{"floor":20,"key":"Incense Burner"},{"floor":26,"key":"Matryoshka"},{"floor":28,"key":"Sundial"},{"floor":40,"key":"Centennial Puzzle"},{"floor":43,"key":"Letter Opener"},{"floor":43,"key":"Oddly Smooth Stone"},{"floor":48,"key":"Nunchaku"}],"event_choices":[{"damage_healed":0,"gold_gain":0,"player_choice":"Donut","damage_taken":0,"max_hp_gain":5,"max_hp_loss":0,"event_name":"Big Fish","floor":3,"gold_loss":0},{"damage_healed":0,"gold_gain":0,"player_choice":"Grow","damage_taken":0,"max_hp_gain":0,"max_hp_loss":0,"event_name":"Living Wall","floor":4,"gold_loss":0,"cards_upgraded":["Zap"]},{"damage_healed":0,"gold_gain":0,"player_choice":"Got Potions","damage_taken":0,"max_hp_gain":0,"max_hp_loss":0,"event_name":"Lab","floor":14,"gold_loss":0},{"damage_healed":0,"gold_gain":0,"player_choice":"Fight","damage_taken":0,"max_hp_gain":0,"max_hp_loss":0,"event_name":"Colosseum","floor":20,"gold_loss":0},{"damage_healed":0,"gold_gain":0,"player_choice":"Fought Nobs","damage_taken":0,"max_hp_gain":0,"max_hp_loss":0,"event_name":"Colosseum","floor":20,"gold_loss":0},{"damage_healed":0,"gold_gain":0,"player_choice":"Traded Relic","damage_taken":0,"relics_obtained":["Nloth\u0027s Gift"],"max_hp_gain":0,"max_hp_loss":0,"event_name":"N\u0027loth","floor":22,"relics_lost":["Cables"],"gold_loss":0},{"damage_healed":0,"gold_gain":0,"player_choice":"Joined the Cult","damage_taken":6,"max_hp_gain":0,"max_hp_loss":0,"event_name":"Nest","floor":30,"gold_loss":0,"cards_obtained":["RitualDagger"]},{"cards_removed":["Ball Lightning"],"damage_healed":0,"gold_gain":0,"player_choice":"Removed Attack","damage_taken":0,"max_hp_gain":0,"max_hp_loss":0,"event_name":"Falling","floor":37,"gold_loss":0},{"damage_healed":0,"gold_gain":0,"player_choice":"Embrace Madness","damage_taken":9,"max_hp_gain":0,"max_hp_loss":0,"event_name":"Winding Halls","floor":38,"gold_loss":0,"cards_obtained":["Madness","Madness"]},{"damage_healed":0,"gold_gain":0,"player_choice":"Memory 1","damage_taken":0,"max_hp_gain":0,"max_hp_loss":0,"event_name":"SensoryStone","floor":42,"gold_loss":0},{"damage_healed":0,"gold_gain":0,"player_choice":"Ignored","damage_taken":0,"max_hp_gain":0,"max_hp_loss":0,"event_name":"SecretPortal","floor":47,"gold_loss":0}],"is_beta":false,"boss_relics":[{"not_picked":["Lizard Tail","Orrery"],"picked":"Velvet Choker"},{"not_picked":["Astrolabe","Calling Bell"],"picked":"Empty Cage"}],"items_purged_floors":[39],"is_endless":false,"potions_floor_spawned":[2,11,16,28,29,35,40,48],"killed_by":"Time Eater","ascension_level":6}